{"gold_per_floor":[361,39,59,72,89,89,123,143,168,180,208,228,228,261,261,338,338,352,371,371,116,116,143,161,78,104,104,116,116,116,116,116,187,187,205,205,44,62,62,62,88,88,114,114,177,177,177,191,191,191],"floor_reached":51,"playtime":2285,"items_purged":[],"score":1387,"play_id":"85cdab70-2ef2-4fc9-b7be-36fa72a17679","local_time":"20180926100059","is_ascension_mode":true,"campfire_choices":[{"data":"Beam Cell","floor":6.0,"key":"SMITH"},{"data":"Barrage","floor":13.0,"key":"SMITH"},{"data":"Defragment","floor":15.0,"key":"SMITH"},{"floor":27.0,"key":"REST"},{"data":"Consume","floor":30.0,"key":"SMITH"},{"data":"Echo Form","floor":32.0,"key":"SMITH"},{"floor":40.0,"key":"REST"},{"data":"Buffer","floor":42,"key":"SMITH"},{"data":"White Noise","floor":44,"key":"SMITH"},{"data":"Echo Form","floor":46,"key":"SMITH"},{"data":"Electrodynamics","floor":49,"key":"SMITH"}],"neow_cost":"TEN_PERCENT_HP_LOSS","seed_source_timestamp":0,"circlet_count":0,"master_deck":["Strike_B+1","Strike_B+1","Strike_B+1","Strike_B+1","Defend_B+1","Defend_B+1","Defend_B+1","Defend_B+1","Zap","Dualcast","AscendersBane","Cold Snap","Self Repair","Finesse","Beam Cell+1","Ball Lightning","Sweeping Beam","Barrage+1","Leap","Glacier","Ball Lightning","Defragment+1","Echo Form+1","Coolheaded+1","Electrodynamics+1","Stack+1","Beam Cell+1","Consume+1","White Noise+1","Buffer+1","Force Field","Echo Form+1","Steam+1","Core Surge"],"special_seed":0,"relics":["Cracked Core","PreservedInsect","Potion Belt","Dream Catcher","Pen Nib","Juzu Bracelet","Nuclear Battery","DataDisk","Nilry\u0027s Codex","Lantern","Oddly Smooth Stone","MutagenicStrength","Black Star","Bronze Scales","Bag of Marbles","Happy Flower","Blood Vial","Tiny Chest"],"potions_floor_usage":[41,48,50,50],"damage_taken":[{"damage":4.0,"enemies":"2 Louse","floor":1.0,"turns":4.0},{"damage":5.0,"enemies":"Small Slimes","floor":3.0,"turns":3.0},{"damage":1.0,"enemies":"Cultist","floor":4.0,"turns":3.0},{"damage":4.0,"enemies":"2 Fungi Beasts","floor":5.0,"turns":3.0},{"damage":6.0,"enemies":"Gremlin Nob","floor":7.0,"turns":3.0},{"damage":8.0,"enemies":"Blue Slaver","floor":8.0,"turns":2.0},{"damage":9.0,"enemies":"Large Slime","floor":10.0,"turns":5.0},{"damage":4.0,"enemies":"Lagavulin","floor":11.0,"turns":5.0},{"damage":11.0,"enemies":"Exordium Thugs","floor":12.0,"turns":4.0},{"damage":0.0,"enemies":"Gremlin Nob","floor":14.0,"turns":2.0},{"damage":32.0,"enemies":"The Guardian","floor":16.0,"turns":9.0},{"damage":10.0,"enemies":"Chosen","floor":18.0,"turns":5.0},{"damage":4.0,"enemies":"Spheric Guardian","floor":19.0,"turns":3.0},{"damage":12.0,"enemies":"Book of Stabbing","floor":23.0,"turns":5.0},{"damage":11.0,"enemies":"3 Cultists","floor":24.0,"turns":3.0},{"damage":5.0,"enemies":"Sentry and Sphere","floor":28.0,"turns":7.0},{"damage":23.0,"enemies":"Automaton","floor":33.0,"turns":11.0},{"damage":4.0,"enemies":"Orb Walker","floor":35.0,"turns":3.0},{"damage":23.0,"enemies":"3 Darklings","floor":38.0,"turns":3.0},{"damage":0,"enemies":"Nemesis","floor":41,"turns":11},{"damage":9,"enemies":"2 Orb Walkers","floor":45,"turns":7},{"damage":0,"enemies":"Maw","floor":48,"turns":7},{"damage":51,"enemies":"Donu and Deca","floor":50,"turns":11}],"seed_played":"2330555533656351085","potions_obtained":[{"floor":3.0,"key":"Swift Potion"},{"floor":5.0,"key":"FairyPotion"},{"floor":11.0,"key":"SneckoOil"},{"floor":12.0,"key":"SteroidPotion"},{"floor":16.0,"key":"Strength Potion"},{"floor":19.0,"key":"Block Potion"},{"floor":28.0,"key":"Energy Potion"},{"floor":33.0,"key":"Regen Potion"},{"floor":45,"key":"Weak Potion"}],"is_trial":false,"path_per_floor":["M","$","M","M","M","R","E","M","T","M","E","M","R","E","R","B",null,"M","M","?","$","?","E","M","$","T","R","M","?","R","?","R","B",null,"M","?","$","M","$","R","E","R","T","R","E","R","?","M","R","B"],"character_chosen":"DEFECT","items_purchased":["Self Repair","PreservedInsect","Finesse","Electrodynamics","DataDisk","Consume","Echo Form"],"campfire_rested":2,"item_purchase_floors":[2,2,2,21,21,25,37],"current_hp_per_floor":[60,60,62,64,64,64,64,63,63,61,57,46,46,46,46,21,53,57,53,53,53,32,27,23,23,23,42,44,44,44,44,44,28,55,51,51,51,35,35,54,64,64,64,64,62,62,62,64,64,20],"gold":191,"neow_bonus":"TWO_FIFTY_GOLD","is_prod":false,"is_daily":false,"chose_seed":false,"campfire_upgraded":9,"win_rate":0,"timestamp":1537970459,"path_taken":["M","$","M","M","M","R","E","M","T","M","E","M","R","E","R","BOSS","M","M","?","$","?","E","M","$","T","R","M","?","R","?","R","BOSS","M","?","$","M","?","R","E","R","T","R","E","R","?","M","R","BOSS"],"build_version":"2018-09-20","purchased_purges":0,"victory":true,"max_hp_per_floor":[64,64,64,64,64,64,64,64,64,64,64,64,64,64,64,64,64,64,64,64,64,64,64,64,64,64,64,64,64,64,64,64,64,64,64,64,64,64,64,64,64,64,64,64,64,64,64,64,64,64],"card_choices":[{"not_picked":["Hologram","BootSequence"],"picked":"Cold Snap","floor":1.0},{"not_picked":["Cold Snap","Static Discharge"],"picked":"Beam Cell","floor":3.0},{"not_picked":["Reinforced Body","Conserve Battery"],"picked":"Ball Lightning","floor":4.0},{"not_picked":["Force Field","Hello World"],"picked":"Sweeping Beam","floor":5.0},{"not_picked":["Go for the Eyes","Hello World"],"picked":"Barrage","floor":7.0},{"not_picked":["Steam","Stack"],"picked":"Leap","floor":8.0},{"not_picked":["Sweeping Beam","Compile Driver"],"picked":"Glacier","floor":10.0},{"not_picked":["Storm","Reinforced Body","Barrage"],"picked":"SKIP","floor":11.0},{"not_picked":["Cold Snap","Hyperbeam"],"picked":"Ball Lightning","floor":12.0},{"not_picked":["Cold Snap","Conserve Battery"],"picked":"Defragment","floor":14.0},{"not_picked":["Electrodynamics","Meteor Strike"],"picked":"Echo Form","floor":16.0},{"not_picked":["Stack","Go for the Eyes"],"picked":"Coolheaded+1","floor":18.0},{"not_picked":["Turbo","Storm","Coolheaded"],"picked":"SKIP","floor":19.0},{"not_picked":["Ball Lightning","Gash+1"],"picked":"Stack+1","floor":23.0},{"not_picked":["Gash","Compile Driver"],"picked":"Beam Cell+1","floor":24.0},{"not_picked":["Lockon","Multi-Cast"],"picked":"White Noise","floor":28.0},{"not_picked":["Biased Cognition","Hyperbeam"],"picked":"Buffer","floor":33.0},{"not_picked":["Compile Driver","Melter"],"picked":"Force Field","floor":35.0},{"not_picked":["Coolheaded","Scrape","Beam Cell"],"picked":"SKIP","floor":38.0},{"not_picked":["Streamline","Barrage+1"],"picked":"Steam+1","floor":40.0},{"not_picked":["BootSequence","Leap+1","Aggregate"],"picked":"SKIP","floor":41},{"not_picked":["Leap","Barrage+1"],"picked":"Core Surge","floor":45},{"not_picked":["Rebound","Leap","Cold Snap"],"picked":"SKIP","floor":48}],"player_experience":588089,"relics_obtained":[{"floor":7.0,"key":"Potion Belt"},{"floor":9.0,"key":"Dream Catcher"},{"floor":11.0,"key":"Pen Nib"},{"floor":14.0,"key":"Juzu Bracelet"},{"floor":22.0,"key":"Nilry\u0027s Codex"},{"floor":23.0,"key":"Lantern"},{"floor":26.0,"key":"Oddly Smooth Stone"},{"floor":41,"key":"Bronze Scales"},{"floor":41,"key":"Bag of Marbles"},{"floor":43,"key":"Happy Flower"},{"floor":45,"key":"Blood Vial"},{"floor":45,"key":"Tiny Chest"}],"event_choices":[{"event_name":"Ghosts","player_choice":"Ignored","floor":20.0,"damage_taken":0.0},{"event_name":"Cursed Tome","player_choice":"Obtained Book","floor":22.0,"damage_taken":0.0},{"event_name":"Drug Dealer","player_choice":"Inject Mutagens","floor":29.0,"damage_taken":0.0},{"event_name":"Back to Basics","player_choice":"Simplicity","floor":31.0,"damage_taken":0.0},{"event_name":"Tomb of Lord Red Mask","player_choice":"Ignored","floor":36.0,"damage_taken":0.0},{"event_name":"SecretPortal","player_choice":"Rejected Portal.","floor":47,"damage_taken":0}],"is_beta":false,"boss_relics":[{"not_picked":["Pandora\u0027s Box","Cursed Key"],"picked":"Nuclear Battery"},{"not_picked":["Fusion Hammer","Velvet Choker"],"picked":"Black Star"}],"items_purged_floors":[],"is_endless":false,"potions_floor_spawned":[3,5,11,12,16,19,28,33,45],"ascension_level":16}