{"gold_per_floor":[114,15,15,15,30,60,75,75,75,90,90,90,9,24,24,124,124,124,46,46,0],"floor_reached":21,"playtime":911,"items_purged":[],"score":227,"play_id":"84c98aac-4f09-4fc4-b26d-f567723412e4","local_time":"20180815072734","daily_mods":["Brewmaster","Binary","Hoarder"],"is_ascension_mode":false,"campfire_choices":[{"data":"Deep Breath","floor":8,"key":"SMITH"},{"data":"Endless Agony","floor":11,"key":"SMITH"},{"data":"Infinite Blades","floor":15,"key":"SMITH"}],"neow_cost":"","seed_source_timestamp":0,"circlet_count":0,"master_deck":["Defend_G","Defend_G","Defend_G","Defend_G","Defend_G","Strike_G","Strike_G","Strike_G","Strike_G","Strike_G","Survivor","Neutralize","Venomology","Venomology","Venomology","Venomology","Venomology","Venomology","Venomology","Venomology","Venomology","Venomology","Venomology","Venomology","Venomology","Venomology","Venomology","Endless Agony+1","Endless Agony+1","Endless Agony","Deep Breath+1","Deep Breath","Deep Breath","Infinite Blades","Infinite Blades","Infinite Blades+1","A Thousand Cuts","A Thousand Cuts","A Thousand Cuts","PiercingWail","PiercingWail","PiercingWail","Accuracy","Accuracy","Accuracy","Necronomicurse","Necronomicurse","Necronomicurse"],"special_seed":17758,"relics":["Ring of the Snake","White Beast Statue","Mercury Hourglass","Boot","Ectoplasm","Necronomicon"],"potions_floor_usage":[1,1,1,1,1,1,1,5,5,6,6,6,6,6,6,6,7,7,7,10,10,10,14,14,16,16,16,16,16,16,16,16,16,16,16,16,16,16,16,16,18,18,18,18,18,18,18,21,21],"damage_taken":[{"damage":2,"enemies":"2 Louse","floor":1,"turns":3},{"damage":0,"enemies":"Cultist","floor":5,"turns":2},{"damage":8,"enemies":"Lagavulin","floor":6,"turns":6},{"damage":0,"enemies":"Small Slimes","floor":7,"turns":3},{"damage":1,"enemies":"Exordium Wildlife","floor":10,"turns":3},{"damage":1,"enemies":"Red Slaver","floor":14,"turns":3},{"damage":71,"enemies":"The Guardian","floor":16,"turns":10},{"damage":10,"enemies":"Spheric Guardian","floor":18,"turns":3},{"damage":6,"enemies":"2 Thieves","floor":21,"turns":3}],"seed_played":"-5253540401406908364","potions_obtained":[{"floor":1,"key":"Fruit Juice"},{"floor":5,"key":"Poison Potion"},{"floor":6,"key":"PowerPotion"},{"floor":16,"key":"FearPotion"},{"floor":18,"key":"PowerPotion"}],"is_trial":false,"path_per_floor":["M","$","?","?","M","E","M","R","T","M","R","?","$","M","R","B",null,"M","$","?"],"character_chosen":"THE_SILENT","items_purchased":["Deep Breath","Infinite Blades","Accuracy"],"campfire_rested":0,"item_purchase_floors":[2,13,19],"current_hp_per_floor":[68,68,68,73,78,70,70,70,70,69,69,69,69,68,68,12,80,70,70,54,48],"gold":0,"neow_bonus":"","is_prod":false,"is_daily":true,"chose_seed":false,"campfire_upgraded":3,"win_rate":0,"timestamp":1534332454,"path_taken":["M","$","?","?","?","E","M","R","T","M","R","?","?","M","R","BOSS","M","$","?","M"],"build_version":"2018-08-14","purchased_purges":0,"victory":false,"max_hp_per_floor":[70,70,70,75,80,80,80,80,80,80,80,80,80,80,80,80,80,80,80,80,80],"card_choices":[{"not_picked":["Blur"],"picked":"Endless Agony","floor":1},{"not_picked":["Flying Knee","Dagger Spray"],"picked":"SKIP","floor":5},{"not_picked":["Prepared","Slice"],"picked":"SKIP","floor":6},{"not_picked":["Distraction","Dagger Spray"],"picked":"SKIP","floor":7},{"not_picked":["Dagger Spray","Poisoned Stab"],"picked":"SKIP","floor":10},{"not_picked":["Sucker Punch","Caltrops"],"picked":"SKIP","floor":14},{"not_picked":["Bullet Time"],"picked":"A Thousand Cuts","floor":16},{"not_picked":["Slice"],"picked":"PiercingWail","floor":18}],"player_experience":186456,"relics_obtained":[{"floor":6,"key":"Mercury Hourglass"},{"floor":9,"key":"Boot"},{"floor":20,"key":"Necronomicon"}],"event_choices":[{"event_name":"Living Wall","player_choice":"Grow","floor":3,"damage_taken":0},{"event_name":"Big Fish","player_choice":"Donut","floor":4,"damage_taken":0},{"event_name":"Liars Game","player_choice":"disagreed","floor":12,"damage_taken":0},{"event_name":"Cursed Tome","player_choice":"Obtained Book","floor":20,"damage_taken":0}],"is_beta":true,"boss_relics":[{"not_picked":["Philosopher\u0027s Stone","Pandora\u0027s Box"],"picked":"Ectoplasm"}],"items_purged_floors":[],"is_endless":false,"potions_floor_spawned":[1,5,6,7,10,14,16,18],"killed_by":"2 Thieves","ascension_level":0}