{"gold_per_floor":[117,135,135,65,65,92,107,107,407,423,106,106,120,137,137,236,236,249,249,260,295,295,328,328,344,344,362,389,129,129,139,139,243,243,259,275,275,290,301,332,332,345,370,390,390,402,402,484,484,484],"floor_reached":50,"playtime":3081,"items_purged":[],"score":641,"play_id":"87a919b9-7ea3-45f6-81b1-170cebeccf04","local_time":"20190214112715","is_ascension_mode":false,"campfire_choices":[{"floor":8,"key":"REST"},{"data":"Mind Blast","floor":15,"key":"SMITH"},{"floor":24,"key":"REST"},{"floor":30,"key":"REST"},{"floor":32,"key":"REST"},{"floor":41,"key":"REST"},{"floor":47,"key":"REST"},{"floor":49,"key":"REST"}],"neow_cost":"CURSE","seed_source_timestamp":10874323380600,"circlet_count":0,"master_deck":["Strike_R","Strike_R","Defend_R","Defend_R","Bash","Reckless Charge","True Grit","Wild Strike","Second Wind","True Grit","Infernal Blade","Impervious","Mind Blast+1","Power Through","Exhume","Immolate","Cleave+1","Rampage+1","Demon Form+1","Warcry","Mind Blast+1","Burning Pact+1","Carnage+1","Sentinel","Warcry+1","Feed","Sentinel","Infernal Blade+1","Offering","Warcry+1","Havoc+1","Seeing Red","Madness","Madness","Wild Strike+1","Shrug It Off"],"relics":["Burning Blood","Turnip","WarpedTongs","Dream Catcher","Old Coin","Pen Nib","Astrolabe","Red Mask","Matryoshka","PreservedInsect","Singing Bowl","Bag of Marbles","Gremlin Horn","Busted Crown","NlothsMask","Pantograph","Red Skull","Dodecahedron"],"potions_floor_usage":[16,23,23,33,33,33,44,50,50],"damage_taken":[{"damage":0,"enemies":"Jaw Worm","floor":1,"turns":3},{"damage":1,"enemies":"2 Louse","floor":2,"turns":3},{"damage":57,"enemies":"3 Sentries","floor":6,"turns":10},{"damage":3,"enemies":"Cultist","floor":7,"turns":3},{"damage":7,"enemies":"Exordium Thugs","floor":10,"turns":4},{"damage":0,"enemies":"Looter","floor":13,"turns":2},{"damage":0,"enemies":"Blue Slaver","floor":14,"turns":2},{"damage":49,"enemies":"Hexaghost","floor":16,"turns":8},{"damage":13,"enemies":"Shell Parasite","floor":18,"turns":6},{"damage":0,"enemies":"Spheric Guardian","floor":20,"turns":3},{"damage":16,"enemies":"Masked Bandits","floor":21,"turns":5},{"damage":21,"enemies":"Gremlin Leader","floor":23,"turns":5},{"damage":24,"enemies":"Centurion and Healer","floor":25,"turns":5},{"damage":25,"enemies":"Sentry and Sphere","floor":27,"turns":6},{"damage":16,"enemies":"Slavers","floor":28,"turns":4},{"damage":23,"enemies":"Shelled Parasite and Fungi","floor":31,"turns":4},{"damage":32,"enemies":"Champ","floor":33,"turns":9},{"damage":0,"enemies":"3 Shapes","floor":35,"turns":3},{"damage":28,"enemies":"3 Darklings","floor":36,"turns":5},{"damage":11,"enemies":"Writhing Mass","floor":38,"turns":2},{"damage":7,"enemies":"Transient","floor":39,"turns":5},{"damage":6,"enemies":"Reptomancer","floor":40,"turns":2},{"damage":13,"enemies":"3 Darklings","floor":42,"turns":3},{"damage":0,"enemies":"4 Shapes","floor":44,"turns":1},{"damage":67,"enemies":"Transient","floor":46,"turns":5},{"damage":106,"enemies":"Awakened One","floor":50,"turns":9}],"seed_played":"-8492236592795184279","potions_obtained":[{"floor":1,"key":"FearPotion"},{"floor":10,"key":"SpeedPotion"},{"floor":14,"key":"Regen Potion"},{"floor":21,"key":"Strength Potion"},{"floor":23,"key":"Swift Potion"},{"floor":28,"key":"Swift Potion"},{"floor":33,"key":"SkillPotion"},{"floor":38,"key":"AttackPotion"},{"floor":42,"key":"Ancient Potion"}],"is_trial":false,"path_per_floor":["M","M","?","$","?","E","M","R","T","M","$","?","M","M","R","B",null,"M","?","M","?","?","E","R","M","T","M","E","$","R","M","R","B",null,"M","M","?","M","M","E","R","M","T","M","?","M","R","T","R","B"],"character_chosen":"IRONCLAD","items_purchased":["Second Wind","Mind Blast","Pen Nib","BloodPotion","Gremlin Horn"],"campfire_rested":7,"item_purchase_floors":[4,11,11,11,29],"current_hp_per_floor":[80,80,73,73,73,22,25,49,49,48,48,41,47,53,53,10,80,73,73,79,69,69,66,80,62,62,45,35,35,59,44,69,51,84,90,70,70,65,64,66,94,89,89,97,85,26,56,56,86,0],"gold":484,"neow_bonus":"TRANSFORM_TWO_CARDS","is_prod":false,"is_daily":false,"chose_seed":false,"campfire_upgraded":1,"win_rate":0,"timestamp":1550114835,"path_taken":["M","M","?","$","?","E","M","R","T","?","?","?","M","M","R","BOSS","M","?","?","?","?","E","R","M","T","?","E","?","R","M","R","BOSS","M","M","?","M","M","E","R","?","T","M","?","M","R","?","R","BOSS"],"build_version":"2019-01-23","purchased_purges":0,"victory":false,"max_hp_per_floor":[80,80,80,80,80,80,80,80,80,80,80,80,80,80,80,80,80,80,80,80,80,80,80,80,80,80,82,82,82,82,84,84,84,84,90,92,92,92,92,94,94,96,96,98,98,100,100,100,100,100],"card_choices":[{"not_picked":["Uppercut","Havoc"],"picked":"Wild Strike","floor":1},{"not_picked":["Heavy Blade","Uppercut","Body Slam"],"picked":"SKIP","floor":2},{"not_picked":["Pommel Strike","Cleave"],"picked":"True Grit","floor":6},{"not_picked":["Twin Strike","Havoc"],"picked":"Infernal Blade","floor":7},{"not_picked":["Body Slam","True Grit"],"picked":"Impervious","floor":8},{"not_picked":["Twin Strike","Armaments","Perfected Strike"],"picked":"SKIP","floor":10},{"not_picked":["Twin Strike","Armaments","Perfected Strike"],"picked":"SKIP","floor":10},{"not_picked":["Armaments","Pommel Strike"],"picked":"Power Through","floor":13},{"not_picked":["Cleave","Warcry"],"picked":"Exhume","floor":14},{"not_picked":["Demon Form","Berserk"],"picked":"Immolate","floor":16},{"not_picked":["Power Through+1","Sword Boomerang"],"picked":"Warcry","floor":18},{"not_picked":["Shockwave","Rupture+1"],"picked":"Burning Pact+1","floor":20},{"not_picked":["Perfected Strike","Clothesline"],"picked":"Carnage+1","floor":23},{"not_picked":["Flame Barrier","Dropkick"],"picked":"Sentinel","floor":24},{"not_picked":["Heavy Blade","Sever Soul"],"picked":"Warcry+1","floor":25},{"not_picked":["Body Slam","Spot Weakness","Clash"],"picked":"Singing Bowl","floor":27},{"not_picked":["Second Wind","Flex+1"],"picked":"Feed","floor":28},{"not_picked":["Anger","Havoc"],"picked":"Sentinel","floor":30},{"not_picked":["Blood for Blood+1","Rampage","Flex+1"],"picked":"Singing Bowl","floor":31},{"not_picked":["Sword Boomerang","Shockwave"],"picked":"Infernal Blade+1","floor":32},{"not_picked":["Double Tap","Immolate"],"picked":"Offering","floor":33},{"not_picked":["Intimidate+1"],"picked":"Singing Bowl","floor":35},{"not_picked":["Havoc"],"picked":"Singing Bowl","floor":36},{"not_picked":[],"picked":"Warcry+1","floor":38},{"not_picked":[],"picked":"Havoc+1","floor":39},{"not_picked":["Combust"],"picked":"Singing Bowl","floor":40},{"not_picked":[],"picked":"Seeing Red","floor":41},{"not_picked":["Dual Wield"],"picked":"Singing Bowl","floor":42},{"not_picked":["Sever Soul"],"picked":"Singing Bowl","floor":44},{"not_picked":["Entrench"],"picked":"Singing Bowl","floor":46},{"not_picked":[],"picked":"Wild Strike+1","floor":47},{"not_picked":[],"picked":"Shrug It Off","floor":49}],"player_experience":381555,"relics_obtained":[{"floor":6,"key":"Dream Catcher"},{"floor":9,"key":"Old Coin"},{"floor":21,"key":"Red Mask"},{"floor":23,"key":"Matryoshka"},{"floor":26,"key":"PreservedInsect"},{"floor":26,"key":"Singing Bowl"},{"floor":28,"key":"Bag of Marbles"},{"floor":40,"key":"Pantograph"},{"floor":43,"key":"Red Skull"},{"floor":48,"key":"Dodecahedron"}],"event_choices":[{"damage_healed":0,"gold_gain":0,"player_choice":"Success","damage_taken":7,"relics_obtained":["Turnip"],"max_hp_gain":0,"max_hp_loss":0,"event_name":"Scrap Ooze","floor":3,"gold_loss":0},{"damage_healed":0,"gold_gain":0,"player_choice":"Rummage","damage_taken":0,"relics_obtained":["WarpedTongs"],"max_hp_gain":0,"max_hp_loss":0,"event_name":"Accursed Blacksmith","floor":5,"gold_loss":0,"cards_obtained":["Pain"]},{"cards_removed":["Pain"],"damage_healed":0,"gold_gain":0,"player_choice":"Card Removal","damage_taken":7,"max_hp_gain":0,"max_hp_loss":0,"event_name":"Golden Wing","floor":12,"gold_loss":0},{"damage_healed":0,"gold_gain":0,"player_choice":"Copied","damage_taken":0,"max_hp_gain":0,"max_hp_loss":0,"event_name":"Duplicator","floor":19,"gold_loss":0,"cards_obtained":["Mind Blast"]},{"damage_healed":0,"gold_gain":0,"player_choice":"Fought Bandits","damage_taken":0,"max_hp_gain":0,"max_hp_loss":0,"event_name":"Masked Bandits","floor":21,"gold_loss":0},{"cards_removed":["Decay"],"damage_healed":0,"gold_gain":0,"player_choice":"Purged","damage_taken":0,"max_hp_gain":0,"max_hp_loss":0,"event_name":"Purifier","floor":22,"gold_loss":0},{"damage_healed":0,"gold_gain":0,"player_choice":"Trade","damage_taken":0,"relics_obtained":["NlothsMask"],"max_hp_gain":0,"max_hp_loss":0,"event_name":"FaceTrader","floor":37,"gold_loss":0},{"damage_healed":0,"gold_gain":0,"player_choice":"Embrace Madness","damage_taken":12,"max_hp_gain":0,"max_hp_loss":0,"event_name":"Winding Halls","floor":45,"gold_loss":0,"cards_obtained":["Madness","Madness"]}],"is_beta":false,"boss_relics":[{"not_picked":["Eternal Feather","Philosopher\u0027s Stone"],"picked":"Astrolabe"},{"not_picked":["Calling Bell","Runic Pyramid"],"picked":"Busted Crown"}],"items_purged_floors":[],"is_endless":false,"potions_floor_spawned":[1,10,14,21,23,28,33,38,42],"killed_by":"Awakened One","ascension_level":0}