{"path_per_floor":["M","?","$","?","M","R","?","M","T","M","R","$","E","$","R","B",null,"M","M","$","M","M","R","M","R","T","?","R","?","M","$","R"],"character_chosen":"IRONCLAD","items_purchased":["Flex","Regen Potion","Flame Barrier","Explosive Potion","Impervious"],"gold_per_floor":[112,112,14,14,24,24,50,60,83,96,96,26,57,7,7,86,86,101,117,35,46,65,65,79,79,79,4,4,4,17,17,17],"floor_reached":33,"campfire_rested":3,"playtime":1272,"current_hp_per_floor":[69,69,69,69,64,64,52,57,57,59,59,59,57,57,57,7,56,53,47,47,17,14,50,21,57,57,57,57,63,45,45,78],"items_purged":[],"gold":17,"score":429,"play_id":"2f570277-5593-493d-9a69-45a38e6dd595","local_time":"20180307161137","is_prod":false,"is_daily":false,"is_ascension_mode":true,"campfire_upgraded":3,"timestamp":1520457097,"path_taken":["M","?","$","?","M","R","?","M","T","M","R","?","E","?","R","BOSS","M","M","$","?","M","R","M","R","T","?","R","?","M","$","R","BOSS"],"build_version":"2018-03-01-PROD1","purchased_purges":1,"victory":false,"master_deck":["Strike_R","Strike_R","Strike_R","Strike_R","Strike_R","Defend_R","Defend_R","Defend_R","Bash+1","Flex+1","Flex","Perfected Strike+1","Double Tap+1","Shockwave","Thunderclap","Flame Barrier","Berserk","Anger","Impervious","Warcry+1","Writhe","Heavy Blade"],"max_hp_per_floor":[72,72,72,72,72,72,72,72,72,72,72,72,72,72,72,72,72,72,72,72,72,72,72,72,72,72,72,72,78,78,78,78],"relics":["Burning Blood","Odd Mushroom","Regal Pillow","Blue Candle","Runic Cube","Girya","Darkstone Periapt"],"card_choices":[{"not_picked":["Ghostly Armor","Inflame"],"picked":"Flex"},{"not_picked":["Iron Wave","Sword Boomerang"],"picked":"Perfected Strike"},{"not_picked":["Sword Boomerang","Havoc"],"picked":"Double Tap"},{"not_picked":["Reckless Charge","Second Wind"],"picked":"Shockwave"},{"not_picked":["Headbutt","Shockwave"],"picked":"Thunderclap"},{"not_picked":["Barricade","Immolate"],"picked":"Berserk"},{"not_picked":["Rage","Warcry"],"picked":"Anger"},{"not_picked":["True Grit","Whirlwind"],"picked":"Warcry"},{"not_picked":["Shrug It Off","Clothesline"],"picked":"Heavy Blade"}],"player_experience":423887,"potions_floor_usage":[30,33],"damage_taken":[{"damage":5.0,"enemies":"2 Louse","floor":1.0,"turns":3.0},{"damage":11.0,"enemies":"Jaw Worm","floor":5.0,"turns":4.0},{"damage":18.0,"enemies":"The Mushroom Lair","floor":7.0,"turns":4.0},{"damage":1.0,"enemies":"Cultist","floor":8.0,"turns":3.0},{"damage":4.0,"enemies":"Large Slime","floor":10.0,"turns":5.0},{"damage":20.0,"enemies":"Lagavulin","floor":13.0,"turns":6.0},{"damage":56.0,"enemies":"The Guardian","floor":16.0,"turns":12.0},{"damage":9.0,"enemies":"Chosen","floor":18.0,"turns":5.0},{"damage":12.0,"enemies":"3 Byrds","floor":19.0,"turns":4.0},{"damage":36.0,"enemies":"Centurion and Healer","floor":21.0,"turns":5.0},{"damage":9.0,"enemies":"Snecko","floor":22.0,"turns":4.0},{"damage":35,"enemies":"Chosen and Byrds","floor":24,"turns":7},{"damage":36,"enemies":"Cultist and Chosen","floor":30,"turns":5},{"damage":91,"enemies":"Automaton","floor":33,"turns":8}],"event_choices":[{"event_name":"Living Wall","player_choice":"Grow","floor":2.0,"damage_taken":0.0},{"event_name":"The Cleric","player_choice":"Leave","floor":4.0,"damage_taken":0.0},{"event_name":"Mushrooms","player_choice":"Fought Mushrooms","floor":7.0,"damage_taken":0.0},{"event_name":"Beggar","player_choice":"Gave Gold","floor":27,"damage_taken":0},{"event_name":"The Mausoleum","player_choice":"Yes","floor":29,"damage_taken":0}],"boss_relics":[],"potions_floor_spawned":[1,16,19,24,30],"seed_played":"6310507883585414396","killed_by":"Automaton","ascension_level":15,"is_trial":false}