{"gold_per_floor":[113,129,129,129,129,158,171,201,201,217,197,197,228,85,85,190,240,255,265,265,126,126,126,156,71,71,71],"floor_reached":27,"playtime":1810,"items_purged":[],"score":288,"play_id":"14b7df07-0e86-4956-af72-54bcc077f6bd","local_time":"20180924194218","is_ascension_mode":true,"campfire_choices":[{"floor":12.0,"key":"REST"},{"floor":15.0,"key":"REST"},{"floor":23,"key":"REST"}],"neow_cost":"NONE","seed_source_timestamp":0,"circlet_count":0,"master_deck":["Strike_R","Strike_R+1","Strike_R","Strike_R+1","Strike_R","Defend_R","Defend_R+1","Defend_R","Defend_R","Bash+1","Flex","Berserk","Inflame","Thunderclap+1","Fire Breathing","Thunderclap","Fiend Fire","Heavy Blade","Cleave","Clothesline+1","RitualDagger","Double Tap"],"special_seed":0,"relics":["Burning Blood","NeowsBlessing","Girya","Bird Faced Urn","Calipers","Whetstone","Vajra","Tiny House","MutagenicStrength","Sundial","Orichalcum","Pantograph"],"potions_floor_usage":[24,27],"damage_taken":[{"damage":0.0,"enemies":"Cultist","floor":1.0,"turns":1.0},{"damage":0.0,"enemies":"2 Louse","floor":2.0,"turns":1.0},{"damage":0.0,"enemies":"3 Sentries","floor":6.0,"turns":2.0},{"damage":2.0,"enemies":"Small Slimes","floor":7.0,"turns":4.0},{"damage":27.0,"enemies":"Lagavulin","floor":8.0,"turns":7.0},{"damage":34.0,"enemies":"Exordium Wildlife","floor":10.0,"turns":5.0},{"damage":12.0,"enemies":"Blue Slaver","floor":11.0,"turns":3.0},{"damage":31.0,"enemies":"3 Sentries","floor":13.0,"turns":5.0},{"damage":78.0,"enemies":"Hexaghost","floor":16.0,"turns":10.0},{"damage":31.0,"enemies":"Chosen","floor":18.0,"turns":6.0},{"damage":30.0,"enemies":"2 Thieves","floor":19.0,"turns":3.0},{"damage":77,"enemies":"Slavers","floor":24,"turns":6},{"damage":13,"enemies":"Snecko","floor":27,"turns":4}],"seed_played":"-8370216005427814800","potions_obtained":[{"floor":2.0,"key":"Block Potion"},{"floor":7.0,"key":"Weak Potion"},{"floor":10.0,"key":"BloodPotion"},{"floor":11.0,"key":"SpeedPotion"},{"floor":17.0,"key":"FairyPotion"},{"floor":19.0,"key":"SkillPotion"},{"floor":24,"key":"Poison Potion"}],"is_trial":false,"path_per_floor":["M","M","?","?","$","E","M","E","T","M","?","R","E","$","R","B",null,"M","M","?","$","?","R","E","?","T"],"character_chosen":"IRONCLAD","items_purchased":["Vajra","Double Tap"],"campfire_rested":3,"item_purchase_floors":[14,21],"current_hp_per_floor":[80,80,80,64,64,70,74,53,53,27,53,77,56,56,80,10,85,64,42,36,36,36,61,7,7,7,0],"gold":71,"neow_bonus":"THREE_ENEMY_KILL","is_prod":false,"is_daily":false,"chose_seed":false,"campfire_upgraded":0,"win_rate":0,"timestamp":1537810938,"path_taken":["M","?","?","?","?","E","M","E","T","M","?","R","E","$","R","BOSS","M","M","?","$","?","R","E","?","T","?"],"build_version":"2018-09-20","purchased_purges":0,"victory":false,"max_hp_per_floor":[80,80,80,80,80,80,80,80,80,80,80,80,80,80,80,80,85,85,85,85,85,85,85,85,85,85,85],"card_choices":[{"not_picked":["Perfected Strike","Wild Strike"],"picked":"Flex","floor":1.0},{"not_picked":["Shrug It Off","Armaments","Headbutt"],"picked":"SKIP","floor":2.0},{"not_picked":["Sword Boomerang","Headbutt"],"picked":"Berserk","floor":6.0},{"not_picked":["Clothesline","Iron Wave"],"picked":"Inflame","floor":7.0},{"not_picked":["Impervious","Clash"],"picked":"Thunderclap","floor":8.0},{"not_picked":["Anger","Clothesline"],"picked":"Fire Breathing","floor":10.0},{"not_picked":["Carnage","Rupture"],"picked":"Thunderclap","floor":11.0},{"not_picked":["Feel No Pain","Clash","Sever Soul"],"picked":"SKIP","floor":13.0},{"not_picked":["Barricade","Exhume"],"picked":"Fiend Fire","floor":16.0},{"not_picked":["Wild Strike","Rampage"],"picked":"Heavy Blade","floor":17.0},{"not_picked":["Perfected Strike","Flex"],"picked":"Cleave","floor":18.0},{"not_picked":["Headbutt+1","Clash"],"picked":"Clothesline+1","floor":19.0},{"not_picked":["True Grit","Ghostly Armor","Cleave"],"picked":"SKIP","floor":24}],"player_experience":163622,"relics_obtained":[{"floor":6.0,"key":"Girya"},{"floor":8.0,"key":"Bird Faced Urn"},{"floor":9.0,"key":"Calipers"},{"floor":13.0,"key":"Whetstone"},{"floor":24,"key":"Sundial"},{"floor":26,"key":"Pantograph"}],"event_choices":[{"event_name":"Golden Wing","player_choice":"Ignored","floor":3.0,"damage_taken":0.0},{"event_name":"Shining Light","player_choice":"Entered Light","floor":4.0,"damage_taken":0.0},{"event_name":"The Cleric","player_choice":"Healed","floor":11.0,"damage_taken":0.0},{"event_name":"Nest","player_choice":"Joined the Cult","floor":20.0,"damage_taken":0.0},{"event_name":"Drug Dealer","player_choice":"Inject Mutagens","floor":22.0,"damage_taken":0.0},{"event_name":"Addict","player_choice":"Obtained Relic","floor":25,"damage_taken":0}],"is_beta":false,"boss_relics":[{"not_picked":["Cursed Key","Philosopher\u0027s Stone"],"picked":"Tiny House"}],"items_purged_floors":[],"is_endless":false,"potions_floor_spawned":[2,7,10,11,19,24],"killed_by":"Snecko","ascension_level":1}