{"gold_per_floor":[116,116,116,56,73,73,91,118,170,182,204,216,240,307,319,435,447,473,501,428,453,564,576,616,628,663,600,612,637,659,671,683,790,802,830,802,831,1143,1172,1209,1239,1281,1293,1323,36,53,53,153,153,153],"floor_reached":51,"playtime":2731,"items_purged":["Strike_B"],"score":836,"play_id":"dc1514a1-a655-4be7-8d1d-5728cf46f707","local_time":"20190506203849","is_ascension_mode":true,"campfire_choices":[{"data":"Defragment","floor":6,"key":"SMITH"},{"floor":10,"key":"REST"},{"floor":15,"key":"REST"},{"floor":23,"key":"REST"},{"floor":28,"key":"REST"},{"floor":32,"key":"REST"},{"floor":47,"key":"REST"},{"floor":49,"key":"REST"}],"neow_cost":"NONE","seed_source_timestamp":198640286114700,"circlet_count":0,"master_deck":["Strike_B","Strike_B","Defend_B","Defend_B","Defend_B+1","Defend_B","Zap+1","Dualcast","Ball Lightning","Defragment+1","Gash+1","Leap","Gash","Conserve Battery+1","Beam Cell","Echo Form","Redo","Doom and Gloom+1","Cold Snap","Static Discharge","Buffer","Go for the Eyes","Glacier","Melter","Tempest","Hello World+1","Echo Form","Lockon"],"relics":["Cracked Core","Oddly Smooth Stone","The Courier","Shuriken","MawBank","Ornamental Fan","Bronze Scales","Runic Pyramid","Boot","Kunai","MutagenicStrength","Anchor","Orichalcum","Nuclear Battery","Bottled Flame","Smiling Mask","Cables","PreservedInsect","Pear","Happy Flower","ClockworkSouvenir","War Paint","Art of War","Bird Faced Urn","Unceasing Top"],"potions_floor_usage":[8,16,16,19,24,33,39,39,40,46,50,50,50],"damage_taken":[{"damage":6,"enemies":"Cultist","floor":1,"turns":3},{"damage":0,"enemies":"Small Slimes","floor":5,"turns":3},{"damage":6,"enemies":"2 Louse","floor":7,"turns":2},{"damage":23,"enemies":"Lagavulin","floor":8,"turns":6},{"damage":15,"enemies":"Large Slime","floor":11,"turns":5},{"damage":0,"enemies":"Looter","floor":13,"turns":3},{"damage":20,"enemies":"Gremlin Nob","floor":14,"turns":4},{"damage":7,"enemies":"The Guardian","floor":16,"turns":8},{"damage":10,"enemies":"Shell Parasite","floor":18,"turns":5},{"damage":18,"enemies":"2 Thieves","floor":19,"turns":4},{"damage":33,"enemies":"3 Cultists","floor":21,"turns":5},{"damage":21,"enemies":"Gremlin Leader","floor":24,"turns":6},{"damage":9,"enemies":"Snake Plant","floor":29,"turns":4},{"damage":0,"enemies":"Centurion and Healer","floor":30,"turns":6},{"damage":37,"enemies":"Champ","floor":33,"turns":8},{"damage":10,"enemies":"3 Darklings","floor":35,"turns":5},{"damage":4,"enemies":"3 Shapes","floor":37,"turns":3},{"damage":1,"enemies":"Maw","floor":39,"turns":8},{"damage":26,"enemies":"Reptomancer","floor":40,"turns":7},{"damage":9,"enemies":"Jaw Worm Horde","floor":41,"turns":4},{"damage":5,"enemies":"Giant Head","floor":42,"turns":12},{"damage":11,"enemies":"Transient","floor":44,"turns":5},{"damage":13,"enemies":"Writhing Mass","floor":46,"turns":4},{"damage":0,"enemies":"Mind Bloom Boss Battle","floor":48,"turns":5},{"damage":26,"enemies":"Donu and Deca","floor":50,"turns":8}],"seed_played":"3001697492350784963","potions_obtained":[{"floor":5,"key":"SkillPotion"},{"floor":8,"key":"Energy Potion"},{"floor":13,"key":"Dexterity Potion"},{"floor":18,"key":"Explosive Potion"},{"floor":21,"key":"Block Potion"},{"floor":24,"key":"FocusPotion"},{"floor":35,"key":"Energy Potion"},{"floor":37,"key":"Swift Potion"},{"floor":39,"key":"Regen Potion"},{"floor":48,"key":"Energy Potion"}],"is_trial":false,"path_per_floor":["M","T","?","$","M","R","M","E","T","R","M","?","M","?","R","B",null,"M","M","?","M","?","R","E","?","T","?","R","M","M","T","R","B",null,"M","?","M","?","M","E","M","E","T","M","$","M","R","?","R","B",null],"character_chosen":"DEFECT","items_purchased":["Defragment","PreservedInsect","PowerPotion","EssenceOfSteel","FocusPotion","Pear","Happy Flower","ClockworkSouvenir","War Paint","Art of War","Bird Faced Urn"],"campfire_rested":7,"item_purchase_floors":[4,45,45,45,45,45,45,45,45,45,45],"current_hp_per_floor":[69,69,74,74,74,74,68,45,45,69,54,47,47,27,51,44,80,70,52,52,19,19,43,22,22,22,22,46,37,37,37,61,24,80,70,70,66,66,65,54,45,40,40,29,39,36,63,71,90,72],"gold":153,"neow_bonus":"RANDOM_COMMON_RELIC","is_prod":false,"is_daily":false,"chose_seed":false,"campfire_upgraded":1,"win_rate":0,"timestamp":1557189529,"path_taken":["M","?","?","$","M","R","M","E","T","R","M","?","M","?","R","BOSS","M","M","?","M","?","R","E","?","T","?","R","M","M","?","R","BOSS","M","?","?","?","M","E","M","E","T","M","$","?","R","?","R","BOSS"],"build_version":"2019-01-23","purchased_purges":1,"victory":true,"max_hp_per_floor":[75,75,80,80,80,80,80,80,80,80,80,80,80,80,80,80,80,80,80,80,80,80,80,80,80,80,80,80,80,80,80,80,80,80,80,80,80,80,80,80,80,80,80,80,90,90,90,90,90,90],"card_choices":[{"not_picked":["Rebound","Coolheaded"],"picked":"Ball Lightning","floor":1},{"not_picked":["Leap","Turbo"],"picked":"Gash","floor":5},{"not_picked":["Recycle","Aggregate"],"picked":"Leap","floor":7},{"not_picked":["Meteor Strike","Rebound"],"picked":"Gash","floor":8},{"not_picked":["Chaos","Streamline"],"picked":"Conserve Battery","floor":11},{"not_picked":["Rebound","Compile Driver","Leap"],"picked":"SKIP","floor":13},{"not_picked":["Redo","Scrape"],"picked":"Beam Cell","floor":14},{"not_picked":["Electrodynamics","All For One"],"picked":"Echo Form","floor":16},{"not_picked":["Rebound","Force Field"],"picked":"Redo","floor":18},{"not_picked":["Force Field","Auto Shields"],"picked":"Doom and Gloom+1","floor":19},{"not_picked":["Gash+1","Force Field"],"picked":"Cold Snap","floor":21},{"not_picked":["Genetic Algorithm+1","Hologram+1"],"picked":"Static Discharge","floor":24},{"not_picked":["Compile Driver+1","Rip and Tear","Static Discharge"],"picked":"SKIP","floor":29},{"not_picked":["Sweeping Beam","Sunder","Steam"],"picked":"SKIP","floor":30},{"not_picked":["Hyperbeam","Multi-Cast"],"picked":"Buffer","floor":33},{"not_picked":["Turbo+1","Capacitor+1"],"picked":"Go for the Eyes","floor":35},{"not_picked":["Redo","Sweeping Beam+1"],"picked":"Glacier","floor":37},{"not_picked":["Sweeping Beam+1","Steam Power+1"],"picked":"Melter","floor":39},{"not_picked":["Steam+1","Streamline"],"picked":"Tempest","floor":40},{"not_picked":["Rebound","Conserve Battery+1"],"picked":"Hello World+1","floor":41},{"not_picked":["Streamline","Go for the Eyes+1","Redo"],"picked":"SKIP","floor":42},{"not_picked":["Stack","Scrape","Beam Cell+1"],"picked":"SKIP","floor":44},{"not_picked":["Go for the Eyes","Recycle"],"picked":"Echo Form","floor":46},{"not_picked":["Barrage+1","Self Repair+1"],"picked":"Lockon","floor":48}],"player_experience":119243,"relics_obtained":[{"floor":2,"key":"The Courier"},{"floor":8,"key":"Shuriken"},{"floor":9,"key":"MawBank"},{"floor":14,"key":"Bronze Scales"},{"floor":24,"key":"Kunai"},{"floor":26,"key":"Anchor"},{"floor":31,"key":"Orichalcum"},{"floor":40,"key":"Bottled Flame"},{"floor":42,"key":"Smiling Mask"},{"floor":43,"key":"Cables"},{"floor":48,"key":"Unceasing Top"}],"event_choices":[{"damage_healed":0,"gold_gain":0,"player_choice":"Donut","damage_taken":0,"max_hp_gain":5,"max_hp_loss":0,"event_name":"Big Fish","floor":3,"gold_loss":0},{"damage_healed":0,"gold_gain":0,"player_choice":"Success","damage_taken":7,"relics_obtained":["Ornamental Fan"],"max_hp_gain":0,"max_hp_loss":0,"event_name":"Scrap Ooze","floor":12,"gold_loss":0},{"damage_healed":0,"gold_gain":0,"player_choice":"Searched \u00272\u0027 times","damage_taken":0,"max_hp_gain":0,"max_hp_loss":0,"event_name":"Dead Adventurer","floor":14,"gold_loss":0},{"damage_healed":0,"gold_gain":0,"player_choice":"Obtained Relic","damage_taken":0,"relics_obtained":["Boot"],"max_hp_gain":0,"max_hp_loss":0,"event_name":"Addict","floor":20,"gold_loss":85},{"damage_healed":0,"gold_gain":99,"player_choice":"Stole From Cult","damage_taken":0,"max_hp_gain":0,"max_hp_loss":0,"event_name":"Nest","floor":22,"gold_loss":0},{"damage_healed":0,"gold_gain":0,"player_choice":"Inject Mutagens","damage_taken":0,"relics_obtained":["MutagenicStrength"],"max_hp_gain":0,"max_hp_loss":0,"event_name":"Drug Dealer","floor":25,"gold_loss":0},{"cards_removed":["Strike_B"],"damage_healed":0,"gold_gain":0,"player_choice":"Gave Gold","damage_taken":0,"max_hp_gain":0,"max_hp_loss":0,"event_name":"Beggar","floor":27,"gold_loss":75},{"damage_healed":0,"gold_gain":0,"player_choice":"Upgraded Two","damage_taken":0,"max_hp_gain":0,"max_hp_loss":0,"event_name":"Designer","floor":36,"gold_loss":40,"cards_upgraded":["Defend_B","Gash"]},{"damage_healed":0,"gold_gain":300,"player_choice":"Gold","damage_taken":0,"max_hp_gain":0,"max_hp_loss":0,"event_name":"Wheel of Change","floor":38,"gold_loss":0},{"damage_healed":0,"gold_gain":0,"player_choice":"Fight","damage_taken":0,"max_hp_gain":0,"max_hp_loss":0,"event_name":"MindBloom","floor":48,"gold_loss":0}],"is_beta":false,"boss_relics":[{"not_picked":["FrozenCore","Ectoplasm"],"picked":"Runic Pyramid"},{"not_picked":["Lizard Tail","Calling Bell"],"picked":"Nuclear Battery"}],"items_purged_floors":[45],"is_endless":false,"potions_floor_spawned":[5,8,13,18,21,24,35,37,39,48],"ascension_level":1}