{"gold_per_floor":[114,114,114,124,139,172,172,205,284,284,295,295,312,322,322,417,417,428,388,400,131,151,151,166,182,182,182,182,202,202,532,532,532],"floor_reached":33,"playtime":3949,"items_purged":[],"score":318,"play_id":"bdcb112b-f7a2-4d81-a2a4-fba95934ec01","local_time":"20181227150431","is_ascension_mode":true,"campfire_choices":[{"floor":7,"key":"REST"},{"floor":15,"key":"REST"},{"floor":23,"key":"RECALL"},{"floor":28,"key":"REST"},{"floor":30,"key":"REST"},{"floor":32,"key":"REST"}],"neow_cost":"NONE","seed_source_timestamp":51826955236475,"circlet_count":0,"master_deck":["Strike_B","Strike_B","Strike_B","Strike_B+1","Defend_B+1","Defend_B+1","Defend_B","Defend_B","Zap","Dualcast+1","Turbo+1","Conserve Battery","Conserve Battery","Hologram","BootSequence","Leap+1","Streamline","Glacier","Seek","Sweeping Beam+1","Reinforced Body","Stack","Cold Snap","Cold Snap","Hologram+1","Streamline","Meteor Strike"],"relics":["Eternal Feather","Ginger","Ancient Tea Set","Black Star","Kunai","Pear","Anchor","Old Coin"],"potions_floor_usage":[4,8,14,16,24,25,33],"damage_taken":[{"damage":1,"enemies":"Cultist","floor":1,"turns":4},{"damage":7,"enemies":"2 Louse","floor":4,"turns":2},{"damage":0,"enemies":"Small Slimes","floor":5,"turns":4},{"damage":49,"enemies":"3 Sentries","floor":6,"turns":14},{"damage":34,"enemies":"Lagavulin","floor":8,"turns":11},{"damage":0,"enemies":"3 Louse","floor":11,"turns":4},{"damage":0,"enemies":"2 Fungi Beasts","floor":13,"turns":4},{"damage":0,"enemies":"Gremlin Gang","floor":14,"turns":7},{"damage":23,"enemies":"The Guardian","floor":16,"turns":22},{"damage":9,"enemies":"Spheric Guardian","floor":18,"turns":10},{"damage":3,"enemies":"Shell Parasite","floor":20,"turns":10},{"damage":11,"enemies":"Snake Plant","floor":22,"turns":7},{"damage":59,"enemies":"3 Cultists","floor":24,"turns":7},{"damage":18,"enemies":"Cultist and Chosen","floor":25,"turns":13},{"damage":9,"enemies":"Snake Plant","floor":29,"turns":6},{"damage":42,"enemies":"Slavers","floor":31,"turns":8},{"damage":103,"enemies":"Automaton","floor":33,"turns":20}],"seed_played":"9028166021122677266","potions_obtained":[{"floor":1,"key":"Fruit Juice"},{"floor":6,"key":"GamblersBrew"},{"floor":8,"key":"Ancient Potion"},{"floor":13,"key":"SkillPotion"},{"floor":16,"key":"FearPotion"},{"floor":22,"key":"Regen Potion"},{"floor":24,"key":"Block Potion"},{"floor":25,"key":"Poison Potion"},{"floor":31,"key":"GamblersBrew"}],"is_trial":false,"path_per_floor":["M","?","?","M","M","E","R","E","T","?","M","?","M","M","R","B",null,"M","?","M","$","M","R","M","M","T","?","R","M","R","E","R","B"],"character_chosen":"DEFECT","items_purchased":["Kunai","Stack"],"campfire_rested":5,"item_purchase_floors":[21,21],"current_hp_per_floor":[74,59,59,57,57,8,38,4,4,4,4,4,4,4,37,14,80,71,71,68,68,57,69,22,4,14,14,56,47,89,47,89,0],"gold":532,"neow_bonus":"BOSS_RELIC","is_prod":false,"is_daily":false,"chose_seed":false,"campfire_upgraded":0,"win_rate":0,"timestamp":1545941071,"path_taken":["M","?","?","M","?","E","R","E","T","?","M","?","M","M","R","BOSS","M","?","?","$","M","R","M","M","T","?","R","M","R","E","R","BOSS"],"build_version":"2018-12-20","purchased_purges":0,"victory":false,"max_hp_per_floor":[75,75,75,80,80,80,80,80,80,80,80,80,80,80,80,80,80,80,80,80,80,80,80,80,80,90,90,90,90,90,90,90,90],"card_choices":[{"not_picked":["Defragment","Static Discharge"],"picked":"Turbo","floor":1},{"not_picked":["Redo","Skim"],"picked":"Conserve Battery","floor":4},{"not_picked":["Auto Shields","Redo"],"picked":"Conserve Battery","floor":5},{"not_picked":["Storm","Streamline"],"picked":"Hologram","floor":6},{"not_picked":["Undo","Cold Snap"],"picked":"BootSequence","floor":8},{"not_picked":["Hologram","Tempest"],"picked":"Leap","floor":11},{"not_picked":["Coolheaded","Darkness"],"picked":"Streamline","floor":13},{"not_picked":["Loop","Compile Driver"],"picked":"Glacier","floor":14},{"not_picked":["Reboot","All For One"],"picked":"Seek","floor":16},{"not_picked":["Hologram","Doom and Gloom+1"],"picked":"Sweeping Beam+1","floor":18},{"not_picked":["Redo","Doom and Gloom"],"picked":"Reinforced Body","floor":20},{"not_picked":["Melter+1","Chill"],"picked":"Cold Snap","floor":22},{"not_picked":["Go for the Eyes+1","Tempest"],"picked":"Cold Snap","floor":24},{"not_picked":["Fusion","Conserve Battery"],"picked":"Hologram+1","floor":25},{"not_picked":["Conserve Battery","Rebound"],"picked":"Streamline","floor":29},{"not_picked":["Aggregate","Redo"],"picked":"Meteor Strike","floor":31}],"player_experience":46434,"relics_obtained":[{"floor":6,"key":"Ginger"},{"floor":8,"key":"Ancient Tea Set"},{"floor":26,"key":"Pear"},{"floor":31,"key":"Anchor"},{"floor":31,"key":"Old Coin"}],"event_choices":[{"damage_healed":0,"gold_gain":0,"player_choice":"Entered Light","damage_taken":15,"max_hp_gain":0,"max_hp_loss":0,"event_name":"Shining Light","floor":2,"gold_loss":0,"cards_upgraded":["Strike_B","Dualcast"]},{"damage_healed":0,"gold_gain":0,"player_choice":"Upgraded","damage_taken":0,"max_hp_gain":0,"max_hp_loss":0,"event_name":"Upgrade Shrine","floor":3,"gold_loss":0,"cards_upgraded":["Turbo"]},{"damage_healed":0,"gold_gain":0,"player_choice":"Ignored","damage_taken":0,"max_hp_gain":0,"max_hp_loss":0,"event_name":"Liars Game","floor":10,"gold_loss":0},{"damage_healed":0,"gold_gain":0,"player_choice":"Grow","damage_taken":0,"max_hp_gain":0,"max_hp_loss":0,"event_name":"Living Wall","floor":12,"gold_loss":0,"cards_upgraded":["Leap"]},{"damage_healed":0,"gold_gain":0,"player_choice":"Upgraded Two","damage_taken":0,"max_hp_gain":0,"max_hp_loss":0,"event_name":"Designer","floor":19,"gold_loss":40,"cards_upgraded":["Defend_B","Defend_B"]},{"damage_healed":0,"gold_gain":0,"player_choice":"Ignored","damage_taken":0,"max_hp_gain":0,"max_hp_loss":0,"event_name":"Cursed Tome","floor":27,"gold_loss":0}],"is_beta":false,"boss_relics":[{"not_picked":["Nuclear Battery","Orrery"],"picked":"Black Star"}],"items_purged_floors":[],"is_endless":false,"potions_floor_spawned":[1,6,8,13,16,22,24,25,31],"killed_by":"Automaton","ascension_level":1}