{"gold_per_floor":[118,118,3,23,23,23,39,52,52,85,85,103,203,235,235,336,336,336,336,336,336,336,336,336,336,336,336,336,336,336,183,183,183,183,183,4,4,4,4,4,4,4,4,4,4,4,4,4,4,4],"floor_reached":51,"playtime":3984,"items_purged":["Strike_B","Strike_B","Strike_B"],"score":1004,"play_id":"ce6c934f-22fa-4411-8aca-a234b0337736","local_time":"20180708023435","is_ascension_mode":true,"campfire_choices":[{"data":"Dualcast","floor":6,"key":"SMITH"},{"data":"Skim","floor":11,"key":"SMITH"},{"data":"Hologram","floor":15,"key":"SMITH"},{"floor":32,"key":"REST"},{"floor":40,"key":"DIG"},{"floor":42,"key":"DIG"},{"floor":47,"key":"REST"},{"floor":49,"key":"REST"}],"neow_cost":"","seed_source_timestamp":383596784033785,"circlet_count":0,"master_deck":["Strike_B","Defend_B","Defend_B","Defend_B","Defend_B","Zap+1","Dualcast+1","Hologram+1","FTL","Rebound","Skim+1","Gash","Hologram+1","Gash","Hologram+1","Gash","Gash","Scrape","Aggregate+1","Beam Cell","Beam Cell","Hologram","Leap+1"],"relics":["Cracked Core","Symbiotic Virus","Unceasing Top","Bird Faced Urn","Ectoplasm","Red Mask","Shovel","Pen Nib","Omamori","Art of War","Frozen Egg 2","Tiny Chest"],"potions_floor_usage":[10,10,14,14,18,20,20,23,25,27,44,50],"damage_taken":[{"damage":1,"enemies":"Small Slimes","floor":1,"turns":3},{"damage":0,"enemies":"Cultist","floor":4,"turns":3},{"damage":2,"enemies":"Jaw Worm","floor":7,"turns":2},{"damage":0,"enemies":"3 Louse","floor":8,"turns":2},{"damage":4,"enemies":"3 Sentries","floor":10,"turns":4},{"damage":9,"enemies":"Red Slaver","floor":12,"turns":2},{"damage":0,"enemies":"Gremlin Nob","floor":14,"turns":2},{"damage":0,"enemies":"Slime Boss","floor":16,"turns":6},{"damage":0,"enemies":"Spheric Guardian","floor":18,"turns":3},{"damage":6,"floor":20,"turns":3},{"damage":3,"enemies":"Chosen","floor":21,"turns":3},{"damage":0,"enemies":"Centurion and Healer","floor":22,"turns":4},{"damage":13,"enemies":"Slavers","floor":23,"turns":4},{"damage":12,"enemies":"Snake Plant","floor":24,"turns":3},{"damage":0,"enemies":"Gremlin Leader","floor":25,"turns":4},{"damage":1,"enemies":"Cultist and Chosen","floor":27,"turns":3},{"damage":4,"enemies":"Centurion and Healer","floor":29,"turns":3},{"damage":12,"enemies":"Slaver and Parasite","floor":30,"turns":3},{"damage":15,"enemies":"Champ","floor":33,"turns":5},{"damage":9,"enemies":"3 Shapes","floor":35,"turns":5},{"damage":0,"enemies":"Orb Walker","floor":37,"turns":1},{"damage":11,"enemies":"3 Darklings","floor":38,"turns":3},{"damage":20,"enemies":"Sphere and 2 Shapes","floor":44,"turns":4},{"damage":0,"enemies":"Maw","floor":45,"turns":4},{"damage":7,"enemies":"4 Shapes","floor":46,"turns":3},{"damage":16,"enemies":"3 Darklings","floor":48,"turns":4},{"damage":40,"enemies":"Awakened One","floor":50,"turns":6}],"seed_played":"5357365861085610929","potions_obtained":[{"floor":7,"key":"EntropicBrew"},{"floor":8,"key":"Explosive Potion"},{"floor":14,"key":"SkillPotion"},{"floor":16,"key":"Poison Potion"},{"floor":20,"key":"PowerPotion"},{"floor":24,"key":"SpeedPotion"},{"floor":25,"key":"AttackPotion"},{"floor":29,"key":"PowerPotion"},{"floor":35,"key":"Block Potion"}],"is_trial":false,"path_per_floor":["M","?","$","M","?","R","M","M","T","E","R","M","?","E","R","B",null,"M","?","?","M","M","E","M","E","T","M","?","M","M","$","R","B",null,"M","$","M","M","?","R","?","R","T","M","M","M","R","M","R","B"],"character_chosen":"DEFECT","items_purchased":["FTL","Beam Cell","Hologram"],"campfire_rested":3,"item_purchase_floors":[3,31,36],"current_hp_per_floor":[74,74,74,74,74,74,72,72,72,68,68,59,59,59,59,59,75,75,75,69,66,66,55,43,43,43,42,42,38,26,26,48,33,75,66,66,66,55,55,55,55,55,55,35,35,28,50,34,56,18],"gold":4,"neow_bonus":"","is_prod":false,"is_daily":false,"chose_seed":false,"campfire_upgraded":3,"win_rate":0,"timestamp":1530988475,"path_taken":["M","?","$","M","?","R","M","M","T","E","R","M","?","E","R","BOSS","M","?","?","M","M","E","?","E","T","M","?","M","M","$","R","BOSS","M","$","M","M","?","R","?","R","T","M","M","M","R","?","R","BOSS"],"build_version":"2018-07-05","purchased_purges":3,"victory":true,"max_hp_per_floor":[75,75,75,75,75,75,75,75,75,75,75,75,75,75,75,75,75,75,75,75,75,75,75,75,75,75,75,75,75,75,75,75,75,75,75,75,75,75,75,75,75,75,75,75,75,75,75,75,75,75],"card_choices":[{"not_picked":["Barrage","Loop"],"picked":"Hologram","floor":1},{"not_picked":["Coolheaded","Scrape"],"picked":"Rebound","floor":4},{"not_picked":["Redo","Reinforced Body"],"picked":"Skim","floor":7},{"not_picked":["Heatsinks","Redo","Hello World"],"picked":"SKIP","floor":8},{"not_picked":["Compile Driver","Sweeping Beam"],"picked":"Gash","floor":10},{"not_picked":["Streamline","Skim","Go for the Eyes"],"picked":"SKIP","floor":12},{"not_picked":["Beam Cell","Cold Snap"],"picked":"Hologram","floor":14},{"not_picked":["Go for the Eyes","Cold Snap","Self Repair"],"picked":"SKIP","floor":18},{"not_picked":["Ball Lightning","Gash"],"picked":"Hologram+1","floor":20},{"not_picked":["Capacitor","Fusion+1"],"picked":"Gash","floor":21},{"not_picked":["Fusion","Barrage"],"picked":"Gash","floor":22},{"not_picked":["Multi-Cast","Cold Snap","Stack"],"picked":"SKIP","floor":23},{"not_picked":["Multi-Cast","Cold Snap","Stack"],"picked":"SKIP","floor":23},{"not_picked":["Multi-Cast","Cold Snap","Stack"],"picked":"SKIP","floor":23},{"not_picked":["Stack","Undo","Rebound"],"picked":"SKIP","floor":24},{"not_picked":["Gash+1","Creative AI"],"picked":"Scrape","floor":25},{"not_picked":["Stack+1","Capacitor"],"picked":"Aggregate","floor":27},{"not_picked":["Doom and Gloom","Go for the Eyes","Recycle"],"picked":"SKIP","floor":29},{"not_picked":["Turbo","Hologram","Amplify"],"picked":"SKIP","floor":30},{"not_picked":["Sweeping Beam+1","Compile Driver"],"picked":"Beam Cell","floor":35},{"not_picked":["Lockon+1","Heatsinks","Defragment+1"],"picked":"SKIP","floor":37},{"not_picked":["Skim+1","Steam Power","Reinforced Body+1"],"picked":"SKIP","floor":38},{"not_picked":["Beam Cell","Lockon","Consume+1"],"picked":"SKIP","floor":44},{"not_picked":["Loop+1","Turbo"],"picked":"Leap+1","floor":45},{"not_picked":["Steam+1","Hologram","Genetic Algorithm"],"picked":"SKIP","floor":46},{"not_picked":["Hologram+1","Beam Cell+1","Thunder Strike"],"picked":"SKIP","floor":48}],"player_experience":271171,"relics_obtained":[{"floor":9,"key":"Symbiotic Virus"},{"floor":10,"key":"Unceasing Top"},{"floor":14,"key":"Bird Faced Urn"},{"floor":20,"key":"Red Mask"},{"floor":23,"key":"Shovel"},{"floor":25,"key":"Pen Nib"},{"floor":26,"key":"Omamori"},{"floor":40,"key":"Art of War"},{"floor":42,"key":"Frozen Egg 2"},{"floor":43,"key":"Tiny Chest"}],"event_choices":[{"event_name":"Accursed Blacksmith","player_choice":"Forge","floor":2,"damage_taken":0},{"event_name":"Upgrade Shrine","player_choice":"Upgraded","floor":5,"damage_taken":0},{"event_name":"Golden Shrine","player_choice":"Pray","floor":13,"damage_taken":0},{"event_name":"Duplicator","player_choice":"One dupe","floor":19,"damage_taken":0},{"event_name":"Masked Bandits","player_choice":"Fought over 336 gold","floor":20,"damage_taken":0},{"event_name":"Ghosts","player_choice":"Ignored","floor":28,"damage_taken":0},{"event_name":"Upgrade Shrine","player_choice":"Upgraded","floor":39,"damage_taken":0},{"event_name":"Tomb of Lord Red Mask","player_choice":"Ignored","floor":41,"damage_taken":0}],"boss_relics":[{"not_picked":["Coffee Dripper","Snecko Eye"],"picked":"Ectoplasm"},{"not_picked":["Philosopher\u0027s Stone","Runic Pyramid","Runic Dome"]}],"items_purged_floors":[3,31,36],"is_endless":false,"potions_floor_spawned":[7,8,10,14,16,20,24,25,29,35],"ascension_level":4}