{"gold_per_floor":[111,14,26,26,26,26,46,46,46,60,60,15,29,41,41,146,146,165,165,65,65,78,111,111,111,185,185,204,204,231,331,331,427,427,442,542,554,569,585,619,619,647,647,647,662,662,662,0,0,0],"floor_reached":51,"playtime":2468,"items_purged":["Strike_R","Regret"],"score":733,"play_id":"a86c419a-0be9-4ad2-8d6c-cf12490031a3","local_time":"20190421185224","is_ascension_mode":false,"campfire_choices":[{"data":"Limit Break","floor":6,"key":"SMITH"},{"data":"Rampage","floor":8,"key":"SMITH"},{"data":"Second Wind","floor":11,"key":"SMITH"},{"data":"Inflame","floor":15,"key":"SMITH"},{"data":"RitualDagger","floor":24,"key":"SMITH"},{"data":"Demon Form","floor":27,"key":"SMITH"},{"data":"Uppercut","floor":29,"key":"SMITH"},{"floor":32,"key":"REST"},{"data":"1","floor":44,"key":"LIFT"},{"data":"2","floor":47,"key":"LIFT"},{"data":"3","floor":49,"key":"LIFT"}],"neow_cost":"PERCENT_DAMAGE","seed_source_timestamp":899874217361500,"circlet_count":0,"master_deck":["Strike_R+1","Strike_R+1","Strike_R+1","Strike_R+1","Defend_R+1","Defend_R+1","Defend_R+1","Defend_R+1","Limit Break+1","Shrug It Off+1","Twin Strike","Rampage+1","Second Wind+1","Armaments+1","Inflame+1","Impervious+1","Uppercut+1","RitualDagger+1","Sword Boomerang","Demon Form+1","Thunderclap+1","Pummel","Disarm","Demon Form","Shrug It Off+1","Fire Breathing","Parasite","Writhe"],"relics":["Burning Blood","Anchor","PreservedInsect","Philosopher\u0027s Stone","Meat on the Bone","War Paint","Paper Frog","Potion Belt","Magic Flower","Blue Candle","Snecko Eye","Girya","Boot","Vajra","Unceasing Top","Red Mask"],"potions_floor_usage":[10,16,22,28,40,50,50,50],"damage_taken":[{"damage":8,"enemies":"Jaw Worm","floor":1,"turns":7},{"damage":4,"enemies":"Small Slimes","floor":3,"turns":6},{"damage":11,"enemies":"Cultist","floor":7,"turns":4},{"damage":12,"enemies":"Gremlin Gang","floor":10,"turns":8},{"damage":16,"enemies":"Large Slime","floor":13,"turns":8},{"damage":4,"enemies":"3 Louse","floor":14,"turns":5},{"damage":32,"enemies":"The Guardian","floor":16,"turns":12},{"damage":20,"enemies":"2 Thieves","floor":18,"turns":5},{"damage":5,"enemies":"3 Byrds","floor":22,"turns":5},{"damage":21,"enemies":"Book of Stabbing","floor":23,"turns":6},{"damage":0,"enemies":"Snecko","floor":28,"turns":4},{"damage":30,"enemies":"Slavers","floor":30,"turns":4},{"damage":6,"enemies":"Colosseum Slavers","floor":31,"turns":2},{"damage":0,"enemies":"Colosseum Nobs","floor":31,"turns":3},{"damage":23,"enemies":"Champ","floor":33,"turns":8},{"damage":43,"enemies":"3 Darklings","floor":35,"turns":5},{"damage":7,"enemies":"Mind Bloom Boss Battle","floor":36,"turns":4},{"damage":10,"enemies":"3 Shapes","floor":37,"turns":3},{"damage":1,"enemies":"Transient","floor":38,"turns":5},{"damage":10,"enemies":"Maw","floor":39,"turns":5},{"damage":20,"enemies":"Reptomancer","floor":40,"turns":5},{"damage":39,"enemies":"Nemesis","floor":42,"turns":5},{"damage":27,"enemies":"Writhing Mass","floor":45,"turns":5},{"damage":31,"enemies":"Time Eater","floor":50,"turns":6}],"seed_played":"5944508551724959170","potions_obtained":[{"floor":3,"key":"Block Potion"},{"floor":7,"key":"LiquidBronze"},{"floor":13,"key":"SpeedPotion"},{"floor":16,"key":"Energy Potion"},{"floor":23,"key":"Poison Potion"},{"floor":31,"key":"SkillPotion"},{"floor":33,"key":"SmokeBomb"},{"floor":38,"key":"Explosive Potion"},{"floor":40,"key":"Explosive Potion"},{"floor":45,"key":"AttackPotion"}],"is_trial":false,"path_per_floor":["M","$","M","?","?","R","M","R","T","M","R","$","M","M","R","B",null,"M","?","$","?","M","E","R","?","T","R","M","R","E","?","R","B",null,"M","?","M","M","M","E","?","E","T","R","M","?","R","?","R","B",null],"character_chosen":"IRONCLAD","items_purchased":["Shrug It Off","Armaments"],"campfire_rested":1,"item_purchase_floors":[2,12],"current_hp_per_floor":[54,54,56,56,56,56,51,51,51,45,45,45,35,37,37,11,80,66,60,60,60,61,46,46,46,46,46,52,52,40,58,80,66,80,64,66,65,73,72,61,61,49,49,49,49,69,69,69,69,65],"gold":0,"neow_bonus":"THREE_RARE_CARDS","is_prod":false,"is_daily":false,"chose_seed":false,"campfire_upgraded":7,"win_rate":0,"timestamp":1555843944,"path_taken":["M","$","M","?","?","R","M","R","T","M","R","$","?","?","R","BOSS","M","?","$","?","M","E","R","?","T","R","?","R","E","?","R","BOSS","M","?","M","M","M","E","?","E","T","R","?","?","R","?","R","BOSS"],"build_version":"2019-01-23","purchased_purges":2,"victory":true,"max_hp_per_floor":[80,80,80,80,80,80,80,80,80,80,80,80,80,80,80,80,80,80,80,80,80,80,80,80,80,80,80,80,80,80,80,80,80,80,80,80,80,80,80,80,80,80,80,80,80,80,80,80,80,80],"card_choices":[{"not_picked":["Exhume","Dark Embrace"],"picked":"Limit Break","floor":0},{"not_picked":["Warcry","Combust","Body Slam"],"picked":"SKIP","floor":1},{"not_picked":["Clothesline","Power Through"],"picked":"Twin Strike","floor":3},{"not_picked":["Thunderclap","Carnage"],"picked":"Rampage","floor":7},{"not_picked":["Wild Strike","Dual Wield"],"picked":"Second Wind","floor":10},{"not_picked":["Anger","Wild Strike","Sword Boomerang"],"picked":"SKIP","floor":13},{"not_picked":["Cleave","Anger"],"picked":"Inflame","floor":14},{"not_picked":["Fiend Fire","Dark Embrace"],"picked":"Impervious","floor":16},{"not_picked":["Combust","Entrench"],"picked":"Uppercut","floor":18},{"not_picked":["Bloodletting","Flame Barrier"],"picked":"Sword Boomerang","floor":22},{"not_picked":["Sentinel","Headbutt"],"picked":"Demon Form","floor":23},{"not_picked":["Twin Strike","Armaments+1"],"picked":"Thunderclap+1","floor":28},{"not_picked":["True Grit","Perfected Strike"],"picked":"Pummel","floor":30},{"not_picked":["Carnage","Entrench"],"picked":"Disarm","floor":31},{"not_picked":["Dark Embrace","Bludgeon"],"picked":"Demon Form","floor":33},{"not_picked":["Rupture","Bloodletting+1","Intimidate"],"picked":"SKIP","floor":35},{"not_picked":["Seeing Red+1","Clothesline+1","Pummel"],"picked":"SKIP","floor":37},{"not_picked":["Anger","Havoc"],"picked":"Shrug It Off+1","floor":38},{"not_picked":["Clash+1","Perfected Strike+1","Clothesline+1"],"picked":"SKIP","floor":39},{"not_picked":["Juggernaut","Entrench+1","Pommel Strike"],"picked":"SKIP","floor":40},{"not_picked":["Clash+1","Perfected Strike+1","Entrench"],"picked":"SKIP","floor":42},{"not_picked":["Armaments","Battle Trance","Havoc"],"picked":"SKIP","floor":45}],"player_experience":520146,"relics_obtained":[{"floor":9,"key":"PreservedInsect"},{"floor":23,"key":"Meat on the Bone"},{"floor":26,"key":"Paper Frog"},{"floor":30,"key":"Potion Belt"},{"floor":31,"key":"Magic Flower"},{"floor":31,"key":"Blue Candle"},{"floor":36,"key":"Girya"},{"floor":40,"key":"Boot"},{"floor":42,"key":"Vajra"},{"floor":43,"key":"Unceasing Top"}],"event_choices":[{"damage_healed":0,"gold_gain":0,"player_choice":"Box","damage_taken":0,"relics_obtained":["Anchor"],"max_hp_gain":0,"max_hp_loss":0,"event_name":"Big Fish","floor":4,"gold_loss":0,"cards_obtained":["Regret"]},{"damage_healed":0,"gold_gain":0,"player_choice":"Upgraded","damage_taken":0,"max_hp_gain":0,"max_hp_loss":0,"event_name":"Upgrade Shrine","floor":5,"gold_loss":0,"cards_upgraded":["Shrug It Off"]},{"damage_healed":0,"gold_gain":0,"player_choice":"Joined the Cult","damage_taken":6,"max_hp_gain":0,"max_hp_loss":0,"event_name":"Nest","floor":19,"gold_loss":0,"cards_obtained":["RitualDagger"]},{"damage_healed":0,"gold_gain":0,"player_choice":"Simplicity","damage_taken":0,"max_hp_gain":0,"max_hp_loss":0,"event_name":"Back to Basics","floor":21,"gold_loss":0,"cards_upgraded":["Strike_R","Strike_R","Strike_R","Strike_R","Defend_R","Defend_R","Defend_R","Defend_R"]},{"damage_healed":0,"gold_gain":0,"player_choice":"Opened","damage_taken":0,"relics_obtained":["War Paint"],"max_hp_gain":0,"max_hp_loss":0,"event_name":"The Mausoleum","floor":25,"gold_loss":0},{"damage_healed":0,"gold_gain":0,"player_choice":"Fight","damage_taken":0,"max_hp_gain":0,"max_hp_loss":0,"event_name":"Colosseum","floor":31,"gold_loss":0},{"damage_healed":0,"gold_gain":0,"player_choice":"Fought Nobs","damage_taken":0,"max_hp_gain":0,"max_hp_loss":0,"event_name":"Colosseum","floor":31,"gold_loss":0},{"damage_healed":0,"gold_gain":0,"player_choice":"Fight","damage_taken":0,"max_hp_gain":0,"max_hp_loss":0,"event_name":"MindBloom","floor":36,"gold_loss":0},{"damage_healed":0,"gold_gain":0,"cards_transformed":["Bash"],"player_choice":"Transformed","damage_taken":0,"max_hp_gain":0,"max_hp_loss":0,"event_name":"Transmorgrifier","floor":41,"gold_loss":0,"cards_obtained":["Fire Breathing"]},{"damage_healed":20,"gold_gain":0,"player_choice":"Writhe","damage_taken":0,"max_hp_gain":0,"max_hp_loss":0,"event_name":"Winding Halls","floor":46,"gold_loss":0,"cards_obtained":["Writhe"]},{"damage_healed":0,"gold_gain":0,"player_choice":"Paid","damage_taken":0,"relics_obtained":["Red Mask"],"max_hp_gain":0,"max_hp_loss":0,"event_name":"Tomb of Lord Red Mask","floor":48,"gold_loss":662}],"is_beta":false,"boss_relics":[{"not_picked":["Black Blood","Runic Cube"],"picked":"Philosopher\u0027s Stone"},{"not_picked":["Orrery","Fusion Hammer"],"picked":"Snecko Eye"}],"items_purged_floors":[2,20],"is_endless":false,"potions_floor_spawned":[3,7,13,16,23,31,33,38,40,45],"ascension_level":0}