{"gold_per_floor":[119,133,146,221,221,251,251,263,286,161,161,179,213,213,213,318,318,332,432,63,63,63,63,81,81,81,81,95,121,36,36,36,134,134,144,144,155,255,255,290,43,43,66,66,66],"floor_reached":45,"playtime":2573,"items_purged":["Gash"],"score":539,"play_id":"426df626-13bf-4dc5-aaa6-74642bb6dd0a","local_time":"20190507141014","is_ascension_mode":true,"campfire_choices":[{"floor":11.0,"key":"REST"},{"floor":15.0,"key":"REST"},{"data":"Defragment","floor":23.0,"key":"SMITH"},{"floor":27,"key":"REST"},{"floor":32,"key":"REST"},{"floor":42,"key":"REST"}],"neow_cost":"NONE","seed_source_timestamp":0,"circlet_count":0,"master_deck":["Strike_B+1","Strike_B+1","Defend_B","Defend_B","Defend_B","Defend_B","Zap","Dualcast","Conserve Battery+1","Go for the Eyes","Beam Cell","Sweeping Beam","Cold Snap","Chill","Undo","Doom and Gloom","Electrodynamics","Defragment+1","Redo","Multi-Cast","Machine Learning","Reinforced Body+1","Writhe","Lockon"],"special_seed":0,"relics":["Velvet Choker","Ancient Tea Set","Bag of Marbles","Black Star","Juzu Bracelet","Nloth\u0027s Gift","Ginger","Bronze Scales","Anchor","Art of War","Empty Cage","Thread and Needle","Peace Pipe","Kunai","Cables","DataDisk"],"potions_floor_usage":[29,29,33,33,45],"damage_taken":[{"damage":6.0,"enemies":"Cultist","floor":1.0,"turns":4.0},{"damage":3.0,"enemies":"2 Louse","floor":2.0,"turns":3.0},{"damage":5.0,"enemies":"Small Slimes","floor":3.0,"turns":3.0},{"damage":33.0,"enemies":"Lagavulin","floor":6.0,"turns":8.0},{"damage":2.0,"enemies":"2 Fungi Beasts","floor":8.0,"turns":3.0},{"damage":0.0,"enemies":"Looter","floor":12.0,"turns":3.0},{"damage":19.0,"enemies":"Gremlin Nob","floor":13.0,"turns":4.0},{"damage":0.0,"enemies":"Large Slime","floor":14.0,"turns":1.0},{"damage":33.0,"enemies":"Slime Boss","floor":16.0,"turns":12.0},{"damage":2.0,"enemies":"Chosen","floor":18.0,"turns":4.0},{"damage":10,"enemies":"Shell Parasite","floor":24,"turns":5},{"damage":16,"enemies":"Snake Plant","floor":28,"turns":4},{"damage":5,"enemies":"Gremlin Leader","floor":29,"turns":5},{"damage":64,"enemies":"Collector","floor":33,"turns":11},{"damage":1,"enemies":"3 Darklings","floor":35,"turns":3},{"damage":4,"enemies":"3 Shapes","floor":37,"turns":4},{"damage":4,"enemies":"Mind Bloom Boss Battle","floor":38,"turns":5},{"damage":7,"enemies":"Reptomancer","floor":40,"turns":5},{"damage":82,"enemies":"Giant Head","floor":45,"turns":11}],"seed_played":"3253130610801460844","potions_obtained":[{"floor":6.0,"key":"Regen Potion"},{"floor":8.0,"key":"SmokeBomb"},{"floor":12.0,"key":"SpeedPotion"},{"floor":16.0,"key":"FocusPotion"},{"floor":28,"key":"SkillPotion"},{"floor":29,"key":"SteroidPotion"},{"floor":33,"key":"SpeedPotion"}],"is_trial":false,"path_per_floor":["M","M","M","?","?","E","?","M","T","$","R","M","E","M","R","B",null,"M","?","$","?","$","R","M","?","T","R","M","E","?","?","R","B",null,"M","?","M","?","?","E","$","R","T","?","E"],"character_chosen":"DEFECT","items_purchased":["Gash","Chill","Defragment","Juzu Bracelet","FocusPotion","Cables"],"campfire_rested":5,"item_purchase_floors":[10,10,20,20,20,41],"current_hp_per_floor":[69,66,61,50,50,17,17,24,24,24,46,46,27,27,49,16,75,73,73,73,73,73,73,63,63,63,75,59,54,54,54,75,11,75,74,74,70,66,75,68,68,75,75,75,0],"gold":66,"neow_bonus":"BOSS_RELIC","is_prod":false,"is_daily":false,"chose_seed":false,"campfire_upgraded":1,"win_rate":0,"timestamp":1557252614,"path_taken":["M","?","M","?","?","E","?","?","T","?","R","M","E","M","R","BOSS","M","?","$","?","?","R","M","?","T","R","M","E","?","?","R","BOSS","M","?","M","?","?","E","?","R","T","?","E"],"build_version":"2019-01-23","purchased_purges":1,"victory":false,"max_hp_per_floor":[75,75,75,75,75,75,75,75,75,75,75,75,75,75,75,75,75,75,75,75,75,75,75,75,75,75,75,75,75,75,75,75,75,75,75,75,75,75,75,75,75,75,75,75,75],"card_choices":[{"not_picked":["Rebound","Hologram"],"picked":"Conserve Battery","floor":1.0},{"not_picked":["Sunder","Stack"],"picked":"Go for the Eyes","floor":2.0},{"not_picked":["Capacitor","Hologram"],"picked":"Beam Cell","floor":3.0},{"not_picked":["Stack","Hologram"],"picked":"Sweeping Beam","floor":6.0},{"not_picked":["Redo","Barrage"],"picked":"Cold Snap","floor":8.0},{"not_picked":["Scrape","Ball Lightning"],"picked":"Undo","floor":12.0},{"not_picked":["Stack","Barrage"],"picked":"Doom and Gloom","floor":13.0},{"not_picked":["Amplify","Meteor Strike"],"picked":"Electrodynamics","floor":16.0},{"not_picked":["Conserve Battery","Streamline"],"picked":"Gash+1","floor":18.0},{"not_picked":["Redo","Sweeping Beam+1","Steam"],"picked":"SKIP","floor":24},{"not_picked":["Streamline","Ball Lightning+1"],"picked":"Redo","floor":28},{"not_picked":["Hologram","Barrage"],"picked":"Multi-Cast","floor":29},{"not_picked":["Electrodynamics","Fission"],"picked":"Machine Learning","floor":33},{"not_picked":["Redo","Gash+1","Hologram+1"],"picked":"SKIP","floor":35},{"not_picked":["Stack","Auto Shields","Thunder Strike"],"picked":"SKIP","floor":37},{"not_picked":["Leap+1","Turbo+1"],"picked":"Reinforced Body+1","floor":38},{"not_picked":["Streamline+1","Scrape+1"],"picked":"Lockon","floor":40}],"player_experience":132569,"relics_obtained":[{"floor":6.0,"key":"Whetstone"},{"floor":9.0,"key":"Ancient Tea Set"},{"floor":13.0,"key":"Bag of Marbles"},{"floor":26,"key":"Ginger"},{"floor":29,"key":"Bronze Scales"},{"floor":29,"key":"Anchor"},{"floor":38,"key":"Thread and Needle"},{"floor":40,"key":"Peace Pipe"},{"floor":40,"key":"Kunai"},{"floor":43,"key":"DataDisk"}],"event_choices":[{"damage_healed":0.0,"max_hp_gain":0.0,"max_hp_loss":0.0,"gold_gain":75.0,"event_name":"World of Goop","player_choice":"Gather Gold","floor":4.0,"gold_loss":0.0,"damage_taken":11.0},{"damage_healed":0.0,"max_hp_gain":0.0,"max_hp_loss":0.0,"gold_gain":0.0,"event_name":"Shining Light","player_choice":"Ignored","floor":5.0,"gold_loss":0.0,"damage_taken":0.0},{"damage_healed":0.0,"max_hp_gain":0.0,"max_hp_loss":0.0,"gold_gain":0.0,"event_name":"Accursed Blacksmith","player_choice":"Forge","floor":7.0,"gold_loss":0.0,"damage_taken":0.0,"cards_upgraded":["Conserve Battery"]},{"damage_healed":0.0,"max_hp_gain":0.0,"max_hp_loss":0.0,"gold_gain":100.0,"event_name":"Golden Shrine","player_choice":"Pray","floor":19.0,"gold_loss":0.0,"damage_taken":0.0},{"damage_healed":0.0,"max_hp_gain":0.0,"max_hp_loss":0.0,"gold_gain":0.0,"event_name":"N\u0027loth","player_choice":"Traded Relic","floor":21.0,"relics_lost":["Whetstone"],"gold_loss":0.0,"damage_taken":0.0,"relics_obtained":["Nloth\u0027s Gift"]},{"damage_healed":0,"gold_gain":0,"player_choice":"Ignored","damage_taken":0,"max_hp_gain":0,"max_hp_loss":0,"event_name":"Cursed Tome","floor":25,"gold_loss":0},{"damage_healed":0,"gold_gain":0,"player_choice":"Obtained Relic","damage_taken":0,"relics_obtained":["Art of War"],"max_hp_gain":0,"max_hp_loss":0,"event_name":"Addict","floor":30,"gold_loss":85},{"damage_healed":0,"gold_gain":0,"player_choice":"Ignored","damage_taken":0,"max_hp_gain":0,"max_hp_loss":0,"event_name":"Beggar","floor":31,"gold_loss":0},{"cards_removed":["Gash"],"damage_healed":0,"gold_gain":0,"player_choice":"Removed Attack","damage_taken":0,"max_hp_gain":0,"max_hp_loss":0,"event_name":"Falling","floor":36,"gold_loss":0},{"damage_healed":0,"gold_gain":0,"player_choice":"Fight","damage_taken":0,"max_hp_gain":0,"max_hp_loss":0,"event_name":"MindBloom","floor":38,"gold_loss":0},{"damage_healed":19,"gold_gain":0,"player_choice":"Writhe","damage_taken":0,"max_hp_gain":0,"max_hp_loss":0,"event_name":"Winding Halls","floor":39,"gold_loss":0,"cards_obtained":["Writhe"]},{"damage_healed":0,"gold_gain":0,"player_choice":"Ignored","damage_taken":0,"max_hp_gain":0,"max_hp_loss":0,"event_name":"Mysterious Sphere","floor":44,"gold_loss":0}],"is_beta":false,"boss_relics":[{"not_picked":["Coffee Dripper","White Beast Statue"],"picked":"Black Star"},{"not_picked":["Fusion Hammer","Calling Bell"],"picked":"Empty Cage"}],"items_purged_floors":[20],"is_endless":false,"potions_floor_spawned":[6,8,12,16,28,29,33],"killed_by":"Giant Head","ascension_level":2}