{"gold_per_floor":[14,14,14,31,31,31,31,57,57,57,74,74,103,113,113,113],"floor_reached":16,"playtime":484,"items_purged":[],"score":205,"play_id":"3d5dbed4-bcf1-4d12-8bfa-4f72ca6ecf70","local_time":"20181112082355","is_ascension_mode":true,"campfire_choices":[{"data":"Dagger Throw","floor":6,"key":"SMITH"},{"data":"Dash","floor":10,"key":"SMITH"},{"floor":12,"key":"REST"},{"data":"Prepared","floor":15,"key":"SMITH"}],"neow_cost":"NO_GOLD","seed_source_timestamp":610087822667428,"circlet_count":0,"master_deck":["AscendersBane","Defend_G","Defend_G","Defend_G","Defend_G","Defend_G","Strike_G","Strike_G","Strike_G","Strike_G","Survivor","Neutralize","Dagger Throw+1","Backstab","Backflip","Dash+1","Deflect","Prepared+1"],"relics":["Ring of the Snake","Tough Bandages","Gremlin Horn","Blue Candle","Ninja Scroll","Bottled Flame"],"potions_floor_usage":[13,13,13],"damage_taken":[{"damage":3,"enemies":"Small Slimes","floor":1,"turns":5},{"damage":0,"enemies":"Jaw Worm","floor":4,"turns":5},{"damage":42,"enemies":"Gremlin Nob","floor":8,"turns":5},{"damage":0,"enemies":"Cultist","floor":11,"turns":2},{"damage":9,"enemies":"Lagavulin","floor":13,"turns":8},{"damage":0,"enemies":"Exordium Wildlife","floor":14,"turns":2},{"damage":27,"enemies":"Hexaghost","floor":16,"turns":14}],"seed_played":"508760338860979053","potions_obtained":[{"floor":8,"key":"EntropicBrew"}],"is_trial":false,"path_per_floor":["M","?","T","M","$","R","?","E","T","R","M","R","E","M","R","B"],"character_chosen":"THE_SILENT","items_purchased":[],"campfire_rested":1,"item_purchase_floors":[],"current_hp_per_floor":[56,56,56,56,56,56,56,14,14,14,14,33,24,24,24,0],"gold":113,"neow_bonus":"ONE_RARE_RELIC","is_prod":false,"is_daily":false,"chose_seed":false,"campfire_upgraded":3,"win_rate":0,"timestamp":1542029035,"path_taken":["M","?","?","M","?","R","?","E","T","R","M","R","E","M","R","BOSS"],"build_version":"2018-11-08","purchased_purges":0,"victory":false,"max_hp_per_floor":[66,66,66,66,66,66,66,66,66,66,66,66,66,66,66,66],"card_choices":[{"not_picked":["Deflect","Sucker Punch"],"picked":"Dagger Throw","floor":1},{"not_picked":["Quick Slash","Predator"],"picked":"Backstab","floor":4},{"not_picked":["Backstab","Tools of the Trade"],"picked":"Dash","floor":8},{"not_picked":["Quick Slash","Deadly Poison","Acrobatics"],"picked":"SKIP","floor":11},{"not_picked":["Escape Plan","Backflip"],"picked":"Deflect","floor":13},{"not_picked":["Cloak And Dagger","Deflect"],"picked":"Prepared","floor":14}],"player_experience":717501,"relics_obtained":[{"floor":3,"key":"Gremlin Horn"},{"floor":8,"key":"Blue Candle"},{"floor":9,"key":"Ninja Scroll"},{"floor":13,"key":"Bottled Flame"}],"event_choices":[{"damage_healed":0,"gold_gain":0,"player_choice":"Fled","damage_taken":0,"max_hp_gain":0,"max_hp_loss":0,"event_name":"Scrap Ooze","floor":2,"gold_loss":0},{"damage_healed":0,"gold_gain":0,"cards_transformed":["Strike_G"],"player_choice":"Change","damage_taken":0,"max_hp_gain":0,"max_hp_loss":0,"event_name":"Living Wall","floor":7,"gold_loss":0,"cards_obtained":["Backflip"]}],"is_beta":false,"boss_relics":[],"items_purged_floors":[],"is_endless":false,"potions_floor_spawned":[8],"killed_by":"Hexaghost","ascension_level":18}