{"gold_per_floor":[19,19,94,19,37,37,47,73,73,73,93,110,120,132,132,234,234,250,160,177,187,218,218,218,218,218,218,229,243,243,243,243,339,339,352,368,368,368,379,379,399,108,133,133,65,65,78,78,78,78],"floor_reached":51,"playtime":2073,"items_purged":["Strike_B","Rebound"],"score":875,"play_id":"90ba6cb6-0f94-4901-a369-eacfcb09fae9","local_time":"20180827200911","is_ascension_mode":true,"campfire_choices":[{"data":"Zap","floor":6,"key":"SMITH"},{"data":"Reinforced Body","floor":10,"key":"SMITH"},{"floor":15,"key":"REST"},{"floor":23,"key":"REST"},{"data":"Echo Form","floor":25,"key":"SMITH"},{"data":"Self Repair","floor":27,"key":"SMITH"},{"data":"Gash","floor":30,"key":"SMITH"},{"floor":32,"key":"REST"},{"data":"All For One","floor":40,"key":"SMITH"},{"floor":44,"key":"REST"},{"floor":46,"key":"REST"},{"floor":49,"key":"REST"}],"neow_cost":"NO_GOLD","seed_source_timestamp":328723250843284,"circlet_count":0,"master_deck":["Zap+1","Dualcast+1","Gash+1","Reinforced Body+1","Echo Form+1","All For One+1","Gash+1","Scrape"],"relics":["Cracked Core","Odd Mushroom","Thread and Needle","Empty Cage","Red Mask","Shuriken","Philosopher\u0027s Stone","DollysMirror","Bag of Marbles"],"potions_floor_usage":[18,18,22,22,22,50,50,50,50,50],"damage_taken":[{"damage":0,"enemies":"2 Louse","floor":1,"turns":2},{"damage":0,"enemies":"Small Slimes","floor":5,"turns":2},{"damage":2,"enemies":"Jaw Worm","floor":7,"turns":3},{"damage":7,"enemies":"The Mushroom Lair","floor":8,"turns":4},{"damage":0,"enemies":"2 Fungi Beasts","floor":11,"turns":3},{"damage":0,"enemies":"3 Louse","floor":12,"turns":3},{"damage":0,"enemies":"Blue Slaver","floor":13,"turns":3},{"damage":0,"enemies":"2 Fungi Beasts","floor":14,"turns":3},{"damage":28,"enemies":"The Guardian","floor":16,"turns":12},{"damage":21,"enemies":"3 Byrds","floor":18,"turns":5},{"damage":8,"enemies":"Chosen","floor":20,"turns":5},{"damage":11,"enemies":"Sentry and Sphere","floor":21,"turns":5},{"damage":37,"enemies":"Masked Bandits","floor":22,"turns":6},{"damage":10,"enemies":"Centurion and Healer","floor":28,"turns":7},{"damage":0,"enemies":"Snecko","floor":29,"turns":7},{"damage":38,"enemies":"Champ","floor":33,"turns":8},{"damage":1,"enemies":"Flame Bruiser 1 Orb","floor":35,"turns":6},{"damage":36,"enemies":"3 Darklings","floor":36,"turns":6},{"damage":2,"enemies":"Transient","floor":39,"turns":5},{"damage":36,"enemies":"Sphere and 2 Shapes","floor":41,"turns":4},{"damage":0,"enemies":"Spire Growth","floor":47,"turns":3},{"damage":40,"enemies":"Time Eater","floor":50,"turns":8}],"seed_played":"-9094475813097598740","potions_obtained":[{"floor":5,"key":"Regen Potion"},{"floor":11,"key":"FearPotion"},{"floor":12,"key":"SpeedPotion"},{"floor":16,"key":"Dexterity Potion"},{"floor":18,"key":"Regen Potion"},{"floor":21,"key":"FocusPotion"},{"floor":29,"key":"Swift Potion"},{"floor":36,"key":"EntropicBrew"},{"floor":41,"key":"Strength Potion"}],"is_trial":false,"path_per_floor":["M","?","?","$","M","R","M","?","T","R","M","M","M","M","R","B",null,"M","?","M","M","?","R","?","R","T","R","M","M","R","?","R","B",null,"M","M","?","?","M","R","M","$","T","R","$","R","M","?","R","B"],"character_chosen":"DEFECT","items_purchased":["DollysMirror","Scrape"],"campfire_rested":6,"item_purchase_floors":[42,45],"current_hp_per_floor":[68,68,57,57,57,57,55,48,48,48,48,48,48,48,70,42,67,58,58,50,39,23,45,45,45,45,45,45,65,65,51,75,47,72,80,54,54,54,52,52,16,16,16,40,40,64,64,59,80,40],"gold":78,"neow_bonus":"REMOVE_TWO","is_prod":false,"is_daily":false,"chose_seed":false,"campfire_upgraded":6,"win_rate":0,"timestamp":1535393351,"path_taken":["M","?","?","$","M","R","M","?","T","R","M","M","M","M","R","BOSS","M","?","?","M","?","R","?","R","T","R","M","?","R","?","R","BOSS","M","M","?","?","M","R","M","$","T","R","$","R","?","?","R","BOSS"],"build_version":"2018-08-23v2","purchased_purges":2,"victory":true,"max_hp_per_floor":[75,75,75,75,75,75,75,75,75,75,75,75,75,75,75,75,75,75,75,75,75,75,75,75,75,75,75,75,75,75,80,80,80,80,80,80,80,80,80,80,80,80,80,80,80,80,80,80,80,80],"card_choices":[{"not_picked":["Beam Cell","Redo"],"picked":"Gash","floor":1},{"not_picked":["Sweeping Beam","Cold Snap","Barrage"],"picked":"SKIP","floor":5},{"not_picked":["Reinforced Body","Melter"],"picked":"Rebound","floor":7},{"not_picked":["Doom and Gloom","Steam Power"],"picked":"Reinforced Body","floor":8},{"not_picked":["Sweeping Beam","Sunder","Hologram"],"picked":"SKIP","floor":11},{"not_picked":["Glacier","Hello World","Coolheaded"],"picked":"SKIP","floor":12},{"not_picked":["Beam Cell","Steam","Reprogram"],"picked":"SKIP","floor":13},{"not_picked":["Undo","Hello World","Rainbow"],"picked":"SKIP","floor":14},{"not_picked":["Core Surge","Meteor Strike"],"picked":"Echo Form","floor":16},{"not_picked":["Streamline+1","Glacier","Stack"],"picked":"SKIP","floor":18},{"not_picked":["Ball Lightning","Go for the Eyes","Melter"],"picked":"SKIP","floor":20},{"not_picked":["Blizzard","Hologram"],"picked":"Self Repair","floor":21},{"not_picked":["Static Discharge","Cold Snap+1","Consume"],"picked":"SKIP","floor":28},{"not_picked":["Compile Driver","Leap","Ball Lightning+1"],"picked":"SKIP","floor":29},{"not_picked":["Biased Cognition","Thunder Strike"],"picked":"All For One","floor":33},{"not_picked":["Cold Snap+1","Barrage+1","Streamline"],"picked":"SKIP","floor":35},{"not_picked":["Lockon+1","Compile Driver+1","Turbo+1"],"picked":"SKIP","floor":36},{"not_picked":["Reprogram","Rebound","Sweeping Beam"],"picked":"SKIP","floor":39},{"not_picked":["Steam Power","Force Field","Skim+1"],"picked":"SKIP","floor":41},{"not_picked":["Sunder","Fusion+1","Hello World"],"picked":"SKIP","floor":47}],"player_experience":547709,"relics_obtained":[{"floor":8,"key":"Odd Mushroom"},{"floor":9,"key":"Thread and Needle"},{"floor":22,"key":"Red Mask"},{"floor":26,"key":"Shuriken"},{"floor":43,"key":"Bag of Marbles"}],"event_choices":[{"event_name":"Living Wall","player_choice":"Forget","floor":2,"damage_taken":0},{"event_name":"World of Goop","player_choice":"Gather Gold","floor":3,"damage_taken":0},{"event_name":"Mushrooms","player_choice":"Fought Mushrooms","floor":8,"damage_taken":0},{"event_name":"Designer","player_choice":"Full Service","floor":19,"damage_taken":0},{"event_name":"Masked Bandits","player_choice":"Fought Bandits","floor":22,"damage_taken":0},{"event_name":"Back to Basics","player_choice":"Elegance","floor":24,"damage_taken":0},{"event_name":"Forgotten Altar","player_choice":"Shed Blood","floor":31,"damage_taken":0},{"event_name":"Falling","player_choice":"Removed Power","floor":37,"damage_taken":0},{"event_name":"Mysterious Sphere","player_choice":"Ignore","floor":38,"damage_taken":0},{"event_name":"SensoryStone","player_choice":"Memory 2","floor":48,"damage_taken":0}],"is_beta":false,"boss_relics":[{"not_picked":["Ectoplasm","Sozu"],"picked":"Empty Cage"},{"not_picked":["White Beast Statue","Inserter"],"picked":"Philosopher\u0027s Stone"}],"items_purged_floors":[4,42],"is_endless":false,"potions_floor_spawned":[5,11,12,14,16,18,21,29,36,41,47],"ascension_level":8}