{"path_per_floor":["M","M","?","?","?","R","?","R","T","M","E","M","M","$","R","B",null,"M","?","M","M","$","E","?","R","T","E","R","M","?","M","R","B",null,"M","M","?","M","$","R"],"character_chosen":"IRONCLAD","items_purchased":["Block Potion","Mummified Hand"],"gold_per_floor":[10,30,30,30,30,30,105,105,129,139,165,179,192,92,92,187,187,197,122,141,151,101,136,136,136,136,163,163,175,175,194,194,297,297,317,337,337,351,51,51,51],"floor_reached":41,"campfire_rested":3,"playtime":1541,"item_purchase_floors":[14,39],"current_hp_per_floor":[80,80,80,80,77,77,66,66,66,65,45,46,44,44,44,20,88,84,84,85,76,76,23,7,35,35,14,42,42,42,47,47,35,102,104,97,106,107,107,108,0],"items_purged":["Strike_R","Defend_R","Cleave+1"],"gold":51,"score":456,"play_id":"3dc6baf5-9ede-4d43-942e-a2537a90ff9b","local_time":"20180531214529","is_prod":false,"is_daily":false,"chose_seed":false,"is_ascension_mode":false,"campfire_upgraded":4,"win_rate":0,"timestamp":1527774329,"campfire_choices":[{"data":"Bash","floor":6,"key":"SMITH"},{"data":"Defend_R","floor":8,"key":"SMITH"},{"data":"Rampage","floor":15,"key":"SMITH"},{"floor":25,"key":"REST"},{"floor":28,"key":"REST"},{"data":"Shrug It Off","floor":32,"key":"SMITH"},{"floor":40,"key":"REST"}],"path_taken":["M","M","?","?","?","R","?","R","T","M","E","M","?","$","R","BOSS","M","?","M","M","$","E","?","R","T","E","R","M","?","M","R","BOSS","M","M","?","M","$","R","E"],"build_version":"2018-05-24","seed_source_timestamp":306692375376820,"purchased_purges":3,"victory":false,"master_deck":["Defend_R+1","Bash+1","Rampage+1","Ghostly Armor+1","Iron Wave+1","Shrug It Off+1"],"max_hp_per_floor":[80,80,80,80,80,80,80,80,80,80,82,84,86,86,86,88,88,90,90,92,94,94,96,96,96,96,96,96,98,98,100,100,102,102,104,106,106,108,108,108,108],"relics":["Burning Blood","Charon\u0027s Ashes","Singing Bowl","Smiling Mask","Astrolabe","Bronze Scales","Enchiridion","Shuriken","Art of War","Black Star","Mummified Hand"],"card_choices":[{"not_picked":["Headbutt","Anger","True Grit"],"picked":"SKIP","floor":1},{"not_picked":["Body Slam","Cleave","Wild Strike"],"picked":"SKIP","floor":2},{"not_picked":["Cleave","Clothesline"],"picked":"Rampage","floor":10},{"not_picked":["Entrench","Body Slam","Fiend Fire"],"picked":"Singing Bowl","floor":11},{"not_picked":["Flex","Body Slam","Cleave"],"picked":"Singing Bowl","floor":12},{"not_picked":["Twin Strike","Clash","Combust"],"picked":"Singing Bowl","floor":13},{"not_picked":["Limit Break","Bludgeon","Offering"],"picked":"Singing Bowl","floor":16},{"not_picked":["Sever Soul","Seeing Red","Havoc+1"],"picked":"Singing Bowl","floor":18},{"not_picked":["Armaments","Inflame","Headbutt+1"],"picked":"Singing Bowl","floor":20},{"not_picked":["Twin Strike+1","Cleave","Havoc"],"picked":"Singing Bowl","floor":21},{"not_picked":["Anger","Bloodletting","Fire Breathing+1"],"picked":"Singing Bowl","floor":23},{"not_picked":["Thunderclap","Body Slam"],"picked":"Shrug It Off","floor":27},{"not_picked":["Blood for Blood","Heavy Blade+1","Second Wind"],"picked":"Singing Bowl","floor":29},{"not_picked":["Thunderclap+1","Warcry","Flex"],"picked":"Singing Bowl","floor":31},{"not_picked":["Berserk","Fiend Fire","Barricade"],"picked":"Singing Bowl","floor":33},{"not_picked":["Combust+1","Fire Breathing+1","Dropkick"],"picked":"Singing Bowl","floor":35},{"not_picked":["Clothesline","Warcry","Dual Wield+1"],"picked":"Singing Bowl","floor":36},{"not_picked":["Intimidate","Body Slam","Twin Strike+1"],"picked":"Singing Bowl","floor":38}],"player_experience":206820,"potions_floor_usage":[13,16,16,18,23,27,33],"damage_taken":[{"damage":1,"enemies":"Cultist","floor":1,"turns":3},{"damage":0,"enemies":"Small Slimes","floor":2,"turns":4},{"damage":7,"enemies":"2 Louse","floor":10,"turns":3},{"damage":28,"enemies":"Gremlin Nob","floor":11,"turns":4},{"damage":7,"enemies":"Looter","floor":12,"turns":3},{"damage":10,"enemies":"Exordium Wildlife","floor":13,"turns":3},{"damage":32,"enemies":"Slime Boss","floor":16,"turns":9},{"damage":12,"enemies":"Chosen","floor":18,"turns":5},{"damage":7,"enemies":"2 Thieves","floor":20,"turns":3},{"damage":17,"enemies":"Snecko","floor":21,"turns":5},{"damage":61,"enemies":"Gremlin Leader","floor":23,"turns":6},{"damage":27,"enemies":"Slavers","floor":27,"turns":5},{"damage":8,"enemies":"Chosen and Byrds","floor":29,"turns":4},{"damage":3,"enemies":"Centurion and Healer","floor":31,"turns":4},{"damage":20,"enemies":"Collector","floor":33,"turns":7},{"damage":5,"enemies":"Orb Walker","floor":35,"turns":4},{"damage":15,"enemies":"3 Darklings","floor":36,"turns":5},{"damage":7,"enemies":"Sphere and 2 Shapes","floor":38,"turns":6},{"damage":125,"enemies":"2 Orb Walkers","floor":41,"turns":5}],"relics_obtained":[{"floor":9,"key":"Singing Bowl"},{"floor":11,"key":"Smiling Mask"},{"floor":23,"key":"Bronze Scales"},{"floor":24,"key":"Enchiridion"},{"floor":26,"key":"Shuriken"},{"floor":27,"key":"Art of War"}],"event_choices":[{"event_name":"The Cleric","player_choice":"Leave","floor":3,"damage_taken":0},{"event_name":"Match and Keep!","player_choice":"0 cards matched","floor":4,"damage_taken":0},{"event_name":"Scrap Ooze","player_choice":"success","floor":5,"damage_taken":3},{"event_name":"World of Goop","player_choice":"Gather Gold","floor":7,"damage_taken":0},{"event_name":"Beggar","player_choice":"Gave Gold","floor":19,"damage_taken":0},{"event_name":"Cursed Tome","player_choice":"Obtained Book","floor":24,"damage_taken":0},{"event_name":"Drug Dealer","player_choice":"Ignored","floor":30,"damage_taken":0},{"event_name":"Wheel of Change","player_choice":"Full Heal","floor":37,"damage_taken":0}],"boss_relics":[{"not_picked":["Cursed Key","Velvet Choker"],"picked":"Astrolabe"},{"not_picked":["Orrery","Black Blood"],"picked":"Black Star"}],"items_purged_floors":[14,22,39],"potions_floor_spawned":[10,12,16,20,23,31],"seed_played":"3059765107978313979","killed_by":"2 Orb Walkers","ascension_level":0,"potions_obtained":[{"floor":10,"key":"SpeedPotion"},{"floor":12,"key":"Poison Potion"},{"floor":16,"key":"GamblersBrew"},{"floor":20,"key":"SteroidPotion"},{"floor":23,"key":"GamblersBrew"},{"floor":31,"key":"Weak Potion"}],"is_trial":false}