{"gold_per_floor":[116,116,137,137,62,62,98,114,114,14,14,48,9,44,44,133,133,158,33,33,54,54,54,54,54,81,99,124,160,160,181,181,274,274,293,293,293,143,168,211,225,558,558,558,592,614,168,180,180,180,180,180,180,100,133,133],"floor_reached":57,"playtime":2546,"items_purged":["Pain","Strike_G","Strike_G","Deadly Poison+1","Defend_G"],"score":3367,"play_id":"1ed37422-92cb-47d5-b785-e0c36d6f138b","local_time":"20190424181942","is_ascension_mode":true,"campfire_choices":[{"data":"Neutralize","floor":6.0,"key":"SMITH"},{"data":"Deadly Poison","floor":11.0,"key":"SMITH"},{"data":"Noxious Fumes","floor":15.0,"key":"SMITH"},{"data":"Calculated Gamble","floor":23.0,"key":"SMITH"},{"data":"Crippling Poison","floor":25.0,"key":"SMITH"},{"data":"Tactician","floor":30.0,"key":"SMITH"},{"data":"Acrobatics","floor":32.0,"key":"SMITH"},{"data":"Footwork","floor":44.0,"key":"SMITH"},{"floor":49.0,"key":"RECALL"},{"data":"Adrenaline","floor":53.0,"key":"SMITH"}],"neow_cost":"NONE","seed_source_timestamp":95257701482480,"circlet_count":0,"master_deck":["AscendersBane","Defend_G","Defend_G","Defend_G","Survivor","Neutralize+1","Calculated Gamble+1","After Image","Noxious Fumes+1","Malaise","Acrobatics+1","Crippling Poison+1","Tactician+1","Adrenaline+1","Heel Hook+1","Eviscerate+1","Footwork+1","Grand Finale"],"special_seed":0,"relics":["Ring of the Snake","NeowsBlessing","WarpedTongs","Bottled Flame","Mummified Hand","Centennial Puzzle","Gremlin Horn","Runic Pyramid","Bag of Preparation","Vajra","Astrolabe","Darkstone Periapt","MawBank","Sundial","Blood Vial"],"potions_floor_usage":[56,56],"damage_taken":[{"damage":0.0,"enemies":"Small Slimes","floor":1.0,"turns":1.0},{"damage":0.0,"enemies":"Cultist","floor":3.0,"turns":1.0},{"damage":0.0,"enemies":"3 Sentries","floor":7.0,"turns":1.0},{"damage":0.0,"enemies":"Jaw Worm","floor":8.0,"turns":4.0},{"damage":27.0,"enemies":"Gremlin Nob","floor":12.0,"turns":4.0},{"damage":19.0,"enemies":"3 Sentries","floor":14.0,"turns":8.0},{"damage":0.0,"enemies":"The Guardian","floor":16.0,"turns":10.0},{"damage":6.0,"enemies":"2 Thieves","floor":18.0,"turns":5.0},{"damage":2.0,"enemies":"Shell Parasite","floor":21.0,"turns":5.0},{"damage":10.0,"enemies":"Chosen and Byrds","floor":27.0,"turns":5.0},{"damage":1.0,"enemies":"Snake Plant","floor":28.0,"turns":5.0},{"damage":0.0,"enemies":"Book of Stabbing","floor":29.0,"turns":6.0},{"damage":0.0,"enemies":"Cultist and Chosen","floor":31.0,"turns":6.0},{"damage":0.0,"enemies":"Champ","floor":33.0,"turns":11.0},{"damage":0.0,"enemies":"3 Darklings","floor":35.0,"turns":3.0},{"damage":2.0,"enemies":"3 Shapes","floor":39.0,"turns":2.0},{"damage":4.0,"enemies":"Nemesis","floor":40.0,"turns":9.0},{"damage":1.0,"enemies":"Jaw Worm Horde","floor":41.0,"turns":3.0},{"damage":0.0,"enemies":"Reptomancer","floor":45.0,"turns":3.0},{"damage":0.0,"enemies":"Transient","floor":46.0,"turns":6.0},{"damage":0.0,"enemies":"Sphere and 2 Shapes","floor":48.0,"turns":2.0},{"damage":13.0,"enemies":"Time Eater","floor":50.0,"turns":8.0},{"damage":0.0,"enemies":"Awakened One","floor":51.0,"turns":4.0},{"damage":18.0,"enemies":"Shield and Spear","floor":55.0,"turns":3.0},{"damage":12,"enemies":"The Heart","floor":56,"turns":8}],"seed_played":"88830281999887439","potions_obtained":[{"floor":1.0,"key":"PowerPotion"},{"floor":3.0,"key":"FearPotion"},{"floor":7.0,"key":"Swift Potion"},{"floor":14.0,"key":"GhostInAJar"},{"floor":16.0,"key":"PowerPotion"},{"floor":29.0,"key":"GhostInAJar"},{"floor":39.0,"key":"GhostInAJar"}],"is_trial":false,"path_per_floor":["M","?","M","?","$","R","E","M","T","$","R","E","$","E","R","B",null,"M","$","?","M","?","R","$","R","T","M","M","E","R","M","R","B",null,"M","?","?","$","M","E","M","?","T","R","E","M","$","M","R","B","B",null,"R","$","E","B",null],"character_chosen":"THE_SILENT","items_purchased":["Noxious Fumes","Sundial","Grand Finale"],"campfire_rested":0,"item_purchase_floors":[13,47,54],"current_hp_per_floor":[59,59,59,59,59,59,59,59,59,59,59,32,32,13,13,13,48,42,42,42,40,40,40,40,40,40,30,29,29,29,29,29,29,52,52,52,52,52,50,46,45,45,45,45,45,45,45,45,45,32,32,53,53,53,35,25],"gold":133,"neow_bonus":"THREE_ENEMY_KILL","is_prod":false,"is_daily":false,"chose_seed":false,"campfire_upgraded":9,"win_rate":0,"timestamp":1556101182,"path_taken":["M","?","M","?","$","R","E","?","T","?","R","E","?","E","R","BOSS","M","$","?","M","?","R","?","R","T","M","M","E","R","M","R","BOSS","M","?","?","$","?","E","M","?","T","R","E","M","$","M","R","BOSS","BOSS","R","$","E","BOSS"],"build_version":"2019-01-23","purchased_purges":5,"victory":true,"max_hp_per_floor":[66,60,60,60,60,60,60,60,60,60,60,60,60,60,60,60,60,60,60,60,60,60,60,60,60,60,60,60,60,60,60,60,60,60,60,60,60,60,60,60,60,60,60,60,60,60,60,60,60,60,60,60,60,60,60,60],"card_choices":[{"not_picked":["Blur","Flying Knee","Cloak And Dagger"],"picked":"SKIP","floor":1.0},{"not_picked":["Slice","Setup"],"picked":"Deadly Poison","floor":3.0},{"not_picked":["Wraith Form v2","Deflect"],"picked":"Calculated Gamble","floor":7.0},{"not_picked":["Expertise","Blade Dance","Eviscerate"],"picked":"SKIP","floor":8.0},{"not_picked":["Prepared","Heel Hook"],"picked":"After Image","floor":12.0},{"not_picked":["Choke","Dodge and Roll","Dash"],"picked":"SKIP","floor":14.0},{"not_picked":["Storm of Steel","Venomology"],"picked":"Malaise","floor":16.0},{"not_picked":["Heel Hook","Sucker Punch"],"picked":"Acrobatics","floor":18.0},{"not_picked":["Bane","Distraction","Backstab"],"picked":"SKIP","floor":21.0},{"not_picked":["Dodge and Roll","Crippling Poison"],"picked":"Tactician","floor":27.0},{"not_picked":["Endless Agony+1","Prepared","Heel Hook"],"picked":"SKIP","floor":28.0},{"not_picked":["Backstab","A Thousand Cuts","Prepared"],"picked":"SKIP","floor":29.0},{"not_picked":["Flying Knee","Blur","Deadly Poison"],"picked":"SKIP","floor":31.0},{"not_picked":["Corpse Explosion","Glass Knife"],"picked":"Adrenaline","floor":33.0},{"not_picked":["Skewer","Blur","Bouncing Flask"],"picked":"SKIP","floor":35.0},{"not_picked":["Distraction","Flying Knee"],"picked":"Footwork","floor":39.0},{"not_picked":["Blade Dance","Infinite Blades","Poisoned Stab"],"picked":"SKIP","floor":40.0},{"not_picked":["Cloak And Dagger+1","Sucker Punch","Poisoned Stab+1"],"picked":"SKIP","floor":41.0},{"not_picked":["Flying Knee","Quick Slash","Underhanded Strike+1"],"picked":"SKIP","floor":45.0},{"not_picked":["Leg Sweep+1","Sucker Punch+1","Dagger Throw+1"],"picked":"SKIP","floor":46.0},{"not_picked":["Dash","Calculated Gamble+1","Prepared"],"picked":"SKIP","floor":48.0},{"not_picked":["Outmaneuver","Expertise","Acrobatics"],"picked":"SKIP","floor":55.0}],"player_experience":1463822,"relics_obtained":[{"floor":7.0,"key":"Bottled Flame"},{"floor":9.0,"key":"Mummified Hand"},{"floor":12.0,"key":"Centennial Puzzle"},{"floor":14.0,"key":"Gremlin Horn"},{"floor":26.0,"key":"Bag of Preparation"},{"floor":29.0,"key":"Vajra"},{"floor":40.0,"key":"Darkstone Periapt"},{"floor":45.0,"key":"MawBank"},{"floor":55.0,"key":"Blood Vial"}],"event_choices":[{"damage_healed":0.0,"max_hp_gain":0.0,"max_hp_loss":6.0,"gold_gain":0.0,"event_name":"Golden Idol","player_choice":"Lose Max HP","floor":2.0,"gold_loss":0.0,"damage_taken":0.0,"relics_obtained":["Golden Idol"]},{"damage_healed":0.0,"max_hp_gain":0.0,"max_hp_loss":0.0,"gold_gain":0.0,"event_name":"Accursed Blacksmith","player_choice":"Rummage","floor":4.0,"gold_loss":0.0,"damage_taken":0.0,"relics_obtained":["WarpedTongs"],"cards_obtained":["Pain"]},{"damage_healed":0.0,"max_hp_gain":0.0,"max_hp_loss":0.0,"gold_gain":0.0,"event_name":"Ghosts","player_choice":"Ignored","floor":20.0,"gold_loss":0.0,"damage_taken":0.0},{"damage_healed":0.0,"max_hp_gain":0.0,"max_hp_loss":0.0,"gold_gain":0.0,"cards_transformed":["Strike_G","Strike_G"],"event_name":"Drug Dealer","player_choice":"Became Test Subject","floor":22.0,"gold_loss":0.0,"damage_taken":0.0,"cards_obtained":["Sucker Punch","Crippling Poison"]},{"damage_healed":0.0,"max_hp_gain":0.0,"max_hp_loss":0.0,"gold_gain":0.0,"event_name":"Tomb of Lord Red Mask","player_choice":"Ignored","floor":36.0,"gold_loss":0.0,"damage_taken":0.0},{"cards_removed":["Finisher"],"damage_healed":0.0,"max_hp_gain":0.0,"max_hp_loss":0.0,"gold_gain":0.0,"event_name":"Purifier","player_choice":"Purged","floor":37.0,"gold_loss":0.0,"damage_taken":0.0},{"damage_healed":0.0,"max_hp_gain":0.0,"max_hp_loss":0.0,"gold_gain":333.0,"event_name":"The Moai Head","player_choice":"Gave Idol","floor":42.0,"relics_lost":["Golden Idol"],"gold_loss":0.0,"damage_taken":0.0}],"is_beta":false,"boss_relics":[{"not_picked":["Sozu","WristBlade"],"picked":"Runic Pyramid"},{"not_picked":["Busted Crown","Cursed Key"],"picked":"Astrolabe"}],"items_purged_floors":[5,10,19,38,47],"is_endless":false,"potions_floor_spawned":[1,3,7,14,16,21,27,29,35,39,45,46,55],"ascension_level":20}