{"gold_per_floor":[110,210,210,210,233,266,266,266,266,266,266,301,63,63,63,63],"floor_reached":16,"playtime":722,"items_purged":[],"score":104,"play_id":"d75e116f-ca28-47b0-840c-14119dab4a99","local_time":"20190429094320","is_ascension_mode":false,"campfire_choices":[{"floor":8,"key":"REST"},{"floor":10,"key":"REST"},{"floor":11,"key":"REST"},{"floor":15,"key":"REST"}],"neow_cost":"NONE","seed_source_timestamp":309820175635500,"circlet_count":0,"master_deck":["Strike_R","Strike_R","Strike_R","Strike_R","Strike_R","Defend_R","Defend_R","Defend_R","Defend_R","Bash","Cleave","Ghostly Armor","Fire Breathing+1","Rupture"],"relics":["Burning Blood","Juzu Bracelet","Golden Idol","WingedGreaves","Sundial","Shuriken","Molten Egg 2"],"potions_floor_usage":[16],"damage_taken":[{"damage":8,"enemies":"Small Slimes","floor":1,"turns":4},{"damage":6,"enemies":"Cultist","floor":5,"turns":3},{"damage":47,"enemies":"Lagavulin","floor":6,"turns":11},{"damage":39,"enemies":"3 Sentries","floor":12,"turns":7},{"damage":71,"enemies":"Hexaghost","floor":16,"turns":12}],"seed_played":"2215051967608086978","potions_obtained":[{"floor":5,"key":"Weak Potion"}],"is_trial":false,"path_per_floor":["M","?","?","?","M","E","?","R","T","R","R","E","$","?","R","B"],"character_chosen":"IRONCLAD","items_purchased":["Molten Egg 2"],"campfire_rested":4,"item_purchase_floors":[13],"current_hp_per_floor":[78,78,78,58,58,17,17,41,41,65,80,47,47,47,71,0],"gold":63,"neow_bonus":"RANDOM_COMMON_RELIC","is_prod":false,"is_daily":false,"chose_seed":false,"campfire_upgraded":0,"win_rate":0.0,"timestamp":1556545400,"path_taken":["M","?","?","?","M","E","?","R","T","R","R","E","?","?","R","BOSS"],"build_version":"2019-01-23","purchased_purges":0,"victory":false,"max_hp_per_floor":[80,80,80,80,80,80,80,80,80,80,80,80,80,80,80,80],"card_choices":[{"not_picked":["Warcry","Body Slam"],"picked":"Cleave","floor":1},{"not_picked":["Heavy Blade","Warcry"],"picked":"Ghostly Armor","floor":5},{"not_picked":["Intimidate","Thunderclap"],"picked":"Fire Breathing","floor":6},{"not_picked":["Heavy Blade","Thunderclap"],"picked":"Rupture","floor":12}],"player_experience":24422,"relics_obtained":[{"floor":6,"key":"WingedGreaves"},{"floor":9,"key":"Sundial"},{"floor":12,"key":"Shuriken"}],"event_choices":[{"damage_healed":0,"gold_gain":100,"player_choice":"Pray","damage_taken":0,"max_hp_gain":0,"max_hp_loss":0,"event_name":"Golden Shrine","floor":2,"gold_loss":0},{"damage_healed":0,"gold_gain":0,"player_choice":"Leave","damage_taken":0,"max_hp_gain":0,"max_hp_loss":0,"event_name":"The Cleric","floor":3,"gold_loss":0},{"damage_healed":0,"gold_gain":0,"player_choice":"Take Damage","damage_taken":20,"relics_obtained":["Golden Idol"],"max_hp_gain":0,"max_hp_loss":0,"event_name":"Golden Idol","floor":4,"gold_loss":0},{"damage_healed":0,"gold_gain":0,"player_choice":"Grow","damage_taken":0,"max_hp_gain":0,"max_hp_loss":0,"event_name":"Living Wall","floor":7,"gold_loss":0,"cards_upgraded":["Fire Breathing"]},{"damage_healed":0,"gold_gain":0,"player_choice":"Ignored","damage_taken":0,"max_hp_gain":0,"max_hp_loss":0,"event_name":"Golden Wing","floor":14,"gold_loss":0}],"is_beta":false,"boss_relics":[],"items_purged_floors":[],"is_endless":false,"potions_floor_spawned":[5],"killed_by":"Hexaghost","ascension_level":0}