{"gold_per_floor":[114,39,52,227,239,239,250,261,261,261,11,26,26,42,42,147,147,158,73,73,73,86,86,119,137,137,12,30,30],"floor_reached":29,"playtime":740,"items_purged":["Strike_B","Doubt","Writhe"],"score":237,"play_id":"b6c813fc-f1cb-4a8c-b2b3-d54a12947242","local_time":"20180716155736","is_ascension_mode":false,"campfire_choices":[{"data":"Hyperbeam","floor":6,"key":"SMITH"},{"floor":15,"key":"REST"}],"neow_cost":"FIFTY_PERCENT_DAMAGE","seed_source_timestamp":109815216815357,"circlet_count":0,"master_deck":["Strike_B","Strike_B","Strike_B","Defend_B","Defend_B","Defend_B","Defend_B","Zap","Dualcast","Hyperbeam+1","Rebound","Compile Driver","Meteor Strike+1","Recycle","Hologram","Steam Power"],"relics":["Cracked Core","Frozen Egg 2","Lantern","Molten Egg 2","Fusion Hammer","Blue Candle","Orichalcum","Vajra","Matryoshka"],"potions_floor_usage":[22,24,25],"damage_taken":[{"damage":6,"enemies":"Jaw Worm","floor":1,"turns":2},{"damage":0,"enemies":"2 Louse","floor":3,"turns":2},{"damage":0,"enemies":"Small Slimes","floor":5,"turns":1},{"damage":6,"enemies":"Red Slaver","floor":7,"turns":3},{"damage":14,"enemies":"3 Louse","floor":8,"turns":2},{"damage":2,"enemies":"Blue Slaver","floor":12,"turns":2},{"damage":0,"enemies":"2 Fungi Beasts","floor":14,"turns":1},{"damage":7,"enemies":"Slime Boss","floor":16,"turns":8},{"damage":20,"enemies":"2 Thieves","floor":18,"turns":2},{"damage":9,"enemies":"Chosen","floor":22,"turns":5},{"damage":22,"enemies":"Gremlin Leader","floor":24,"turns":6},{"damage":17,"enemies":"Centurion and Healer","floor":25,"turns":4},{"damage":0,"enemies":"3 Cultists","floor":28,"turns":3},{"damage":8,"enemies":"Snake Plant","floor":29,"turns":1}],"seed_played":"7420624321835721553","potions_obtained":[{"floor":1,"key":"Dexterity Potion"},{"floor":5,"key":"Ancient Potion"},{"floor":8,"key":"SneckoOil"},{"floor":12,"key":"Weak Potion"},{"floor":16,"key":"Explosive Potion"},{"floor":24,"key":"EssenceOfSteel"}],"is_trial":false,"path_per_floor":["M","$","M","?","M","R","M","M","T","?","$","M","?","M","R","B",null,"M","?","$","?","M","?","E","M","T","$","M"],"character_chosen":"DEFECT","items_purchased":["Lantern"],"campfire_rested":1,"item_purchase_floors":[11],"current_hp_per_floor":[32,32,32,32,32,32,26,12,12,37,37,35,35,35,57,50,75,55,55,55,55,46,46,24,7,7,7,7,0],"gold":30,"neow_bonus":"THREE_RARE_CARDS","is_prod":false,"is_daily":false,"chose_seed":false,"campfire_upgraded":1,"win_rate":0,"timestamp":1531727856,"path_taken":["M","$","M","?","?","R","M","M","T","?","$","?","?","M","R","BOSS","M","?","$","?","M","?","E","M","T","$","M","M"],"build_version":"2018-07-12","purchased_purges":3,"victory":false,"max_hp_per_floor":[75,75,75,75,75,75,75,75,75,75,75,75,75,75,75,75,75,75,75,75,75,75,75,75,75,75,75,75,75],"card_choices":[{"not_picked":["Amplify","Rainbow"],"picked":"Hyperbeam","floor":0},{"not_picked":["Sunder","Auto Shields"],"picked":"Rebound","floor":1},{"not_picked":["Ball Lightning","Stack","Melter"],"picked":"SKIP","floor":3},{"not_picked":["Streamline","Stack"],"picked":"Compile Driver","floor":5},{"not_picked":["Compile Driver","Storm","Turbo"],"picked":"SKIP","floor":7},{"not_picked":["Reinforced Body","Defragment","Streamline"],"picked":"SKIP","floor":8},{"not_picked":["Rebound","Rip and Tear","Gash"],"picked":"SKIP","floor":12},{"not_picked":["Steam Power","Steam","Barrage+1"],"picked":"SKIP","floor":14},{"not_picked":["Thunder Strike+1","Multi-Cast"],"picked":"Meteor Strike+1","floor":16},{"not_picked":["Streamline+1","Ball Lightning+1","Barrage+1"],"picked":"SKIP","floor":18},{"not_picked":["Blizzard+1","Genetic Algorithm"],"picked":"Recycle","floor":22},{"not_picked":["Ball Lightning+1","Stack"],"picked":"Hologram","floor":24},{"not_picked":["Barrage+1","Go for the Eyes+1"],"picked":"Steam Power","floor":25},{"not_picked":["Redo","Heatsinks+1","Go for the Eyes+1"],"picked":"SKIP","floor":28}],"player_experience":298090,"relics_obtained":[{"floor":9,"key":"Frozen Egg 2"},{"floor":24,"key":"Vajra"},{"floor":26,"key":"Matryoshka"}],"event_choices":[{"event_name":"Liars Game","player_choice":"agreed","floor":4,"damage_taken":0},{"event_name":"Big Fish","player_choice":"Banana","floor":10,"damage_taken":0},{"event_name":"Dead Adventurer","player_choice":"Searched \u00272\u0027 times","floor":13,"damage_taken":0},{"event_name":"Addict","player_choice":"Obtained Relic","floor":19,"damage_taken":0},{"event_name":"The Mausoleum","player_choice":"Yes","floor":21,"damage_taken":0},{"event_name":"Ghosts","player_choice":"Ignored","floor":23,"damage_taken":0}],"boss_relics":[{"not_picked":["Snecko Eye","Lizard Tail"],"picked":"Fusion Hammer"}],"items_purged_floors":[2,11,27],"is_endless":false,"potions_floor_spawned":[1,5,8,12,16,24],"killed_by":"Snake Plant","ascension_level":0}