{"path_per_floor":["M","?","M","?","$","E","$","R","T","?","E","?","?","?","R","B",null,"M","M","$","?","M","R","E","?","T","$","M","R"],"character_chosen":"IRONCLAD","items_purchased":[],"gold_per_floor":[109,109,119,119,44,76,76,76,102,102,136,136,103,63,63,160,160,142,158,58,58,78,78,113,113,139,14,25,25,25],"floor_reached":30,"campfire_rested":2,"playtime":966,"current_hp_per_floor":[80,62,67,67,67,53,53,53,53,53,23,23,23,23,62,19,80,50,35,35,35,13,44,17,1,1,1,19,19,0],"items_purged":["Defend_R","Warcry","Bite"],"gold":25,"score":277,"play_id":"da01b4a9-e1ae-440b-b44a-0aefaf8e0400","local_time":"20180518122454","is_prod":false,"is_daily":false,"chose_seed":false,"is_ascension_mode":false,"campfire_upgraded":2,"timestamp":1526617494,"campfire_choices":[{"data":"Dual Wield","floor":8,"key":"SMITH"},{"floor":15,"key":"REST"},{"floor":23,"key":"REST"},{"data":"Double Tap","floor":29,"key":"SMITH"}],"path_taken":["M","?","M","?","$","E","$","R","T","?","E","?","?","?","R","BOSS","M","M","$","?","M","R","E","?","T","$","M","R","E"],"build_version":"2018-05-17","seed_source_timestamp":269068681839310,"purchased_purges":3,"victory":false,"master_deck":["Defend_R","Defend_R","Defend_R","Bash","Dropkick+1","Dual Wield+1","Inflame","Double Tap+1","Thunderclap","Bite","Bite","Bite","Bite","Thunderclap+1"],"max_hp_per_floor":[80,80,80,80,80,80,80,80,80,80,80,80,80,80,80,80,80,80,80,80,56,56,56,56,56,56,56,56,56,56],"relics":["Black Blood","Boot","Regal Pillow","Juzu Bracelet","Dead Branch","Ancient Tea Set","Enchiridion","Orichalcum"],"card_choices":[{"not_picked":["Headbutt","Power Through"],"picked":"Dropkick","floor":1},{"not_picked":["Power Through","Headbutt"],"picked":"Warcry","floor":3},{"not_picked":["Cleave","Twin Strike"],"picked":"Dual Wield","floor":6},{"not_picked":["Bloodletting","Disarm"],"picked":"Inflame","floor":11},{"not_picked":["Bludgeon","Berserk"],"picked":"Double Tap","floor":16},{"not_picked":["Armaments","True Grit"],"picked":"Thunderclap","floor":18},{"not_picked":["Clash","Power Through+1","Fire Breathing"],"picked":"SKIP","floor":19},{"not_picked":["Dropkick+1","Clash"],"picked":"Thunderclap+1","floor":22},{"not_picked":["Rage","Sword Boomerang","Thunderclap+1"],"picked":"SKIP","floor":24},{"not_picked":["Clash","Juggernaut","Perfected Strike"],"picked":"SKIP","floor":28}],"player_experience":182344,"potions_floor_usage":[6,6,22,28,30],"damage_taken":[{"damage":2,"enemies":"Small Slimes","floor":1,"turns":4},{"damage":1,"enemies":"Jaw Worm","floor":3,"turns":3},{"damage":20,"enemies":"3 Sentries","floor":6,"turns":7},{"damage":36,"enemies":"Lagavulin","floor":11,"turns":5},{"damage":67,"enemies":"Slime Boss","floor":16,"turns":10},{"damage":40,"enemies":"2 Thieves","floor":18,"turns":4},{"damage":25,"enemies":"Chosen","floor":19,"turns":4},{"damage":48,"enemies":"Sentry and Sphere","floor":22,"turns":6},{"damage":47,"enemies":"Slavers","floor":24,"turns":4},{"damage":12,"enemies":"3 Cultists","floor":28,"turns":3},{"damage":29,"enemies":"Book of Stabbing","floor":30,"turns":3}],"relics_obtained":[{"floor":6,"key":"Regal Pillow"},{"floor":9,"key":"Juzu Bracelet"},{"floor":11,"key":"Dead Branch"},{"floor":24,"key":"Ancient Tea Set"},{"floor":25,"key":"Enchiridion"},{"floor":26,"key":"Orichalcum"}],"event_choices":[{"event_name":"Scrap Ooze","player_choice":"success","floor":2,"damage_taken":18},{"event_name":"The Lab","player_choice":"Got Potions","floor":4,"damage_taken":0},{"event_name":"Accursed Blacksmith","player_choice":"Forge","floor":10,"damage_taken":0},{"event_name":"Bonfire Elementals","player_choice":"BASIC","floor":12,"damage_taken":0},{"event_name":"World of Goop","player_choice":"Left","floor":13,"damage_taken":0},{"event_name":"The Woman in Blue","player_choice":"Bought 3 Potions","floor":14,"damage_taken":0},{"event_name":"Vampires","player_choice":"Became a vampire","floor":21,"damage_taken":0},{"event_name":"Cursed Tome","player_choice":"Obtained Book","floor":25,"damage_taken":0}],"boss_relics":[{"not_picked":["Philosopher\u0027s Stone","Runic Dome"],"picked":"Black Blood"}],"potions_floor_spawned":[1,3,19,24],"seed_played":"7370581470016347100","killed_by":"Book of Stabbing","ascension_level":0,"potions_obtained":[{"floor":1,"key":"Fire Potion"},{"floor":3,"key":"SpeedPotion"},{"floor":4,"key":"SpeedPotion"},{"floor":4,"key":"Block Potion"},{"floor":14,"key":"FairyPotion"},{"floor":14,"key":"FairyPotion"},{"floor":19,"key":"Block Potion"},{"floor":24,"key":"PowerPotion"}],"is_trial":false}