{"gold_per_floor":[119,119,131,86,105,105,24,24,24,57,6,6,19,68,68,163,163,175,194,119,79,95,95,125,135,135,153,170,170,183,183,183,183],"floor_reached":33,"playtime":1860,"items_purged":[],"score":267,"play_id":"cd063eb8-b3d3-4da8-9b3c-41f13f1cec37","local_time":"20190508084408","is_ascension_mode":false,"campfire_choices":[{"floor":6,"key":"REST"},{"floor":8,"key":"RECALL"},{"floor":12,"key":"REST"},{"floor":15,"key":"DIG"},{"floor":23,"key":"REST"},{"floor":29,"key":"REST"},{"floor":32,"key":"REST"}],"neow_cost":"NONE","seed_source_timestamp":312138304092900,"circlet_count":0,"master_deck":["Defend_G","Defend_G","Defend_G","Defend_G","Defend_G","Strike_G","Strike_G","Strike_G","Strike_G","Survivor","Neutralize","Deadly Poison","Caltrops+1","Quick Slash","Footwork","Sucker Punch","Backstab","A Thousand Cuts","Dagger Spray","Bouncing Flask","Dash","Backflip","Caltrops","Poisoned Stab"],"relics":["White Beast Statue","Paper Crane","Matryoshka","Shovel","Happy Flower","Vajra","Pen Nib","Fusion Hammer","Girya","The Specimen","Omamori"],"potions_floor_usage":[10,10,13,16,16,16,24,24,24,27,28,30,33,33],"damage_taken":[{"damage":2,"enemies":"Small Slimes","floor":1,"turns":3},{"damage":1,"enemies":"Jaw Worm","floor":3,"turns":5},{"damage":1,"enemies":"2 Louse","floor":5,"turns":5},{"damage":22,"enemies":"Gremlin Nob","floor":10,"turns":4},{"damage":14,"enemies":"Gremlin Gang","floor":13,"turns":6},{"damage":52,"enemies":"Slime Boss","floor":16,"turns":17},{"damage":5,"enemies":"Spheric Guardian","floor":18,"turns":5},{"damage":8,"enemies":"Chosen","floor":19,"turns":5},{"damage":18,"enemies":"Snake Plant","floor":22,"turns":4},{"damage":21,"enemies":"Book of Stabbing","floor":24,"turns":5},{"damage":14,"enemies":"Shelled Parasite and Fungi","floor":25,"turns":6},{"damage":15,"enemies":"Cultist and Chosen","floor":27,"turns":6},{"damage":3,"enemies":"Centurion and Healer","floor":28,"turns":7},{"damage":11,"enemies":"Snake Plant","floor":30,"turns":3},{"damage":55,"enemies":"Champ","floor":33,"turns":9}],"seed_played":"-606625702461236981","potions_obtained":[{"floor":1,"key":"AttackPotion"},{"floor":3,"key":"SpeedPotion"},{"floor":5,"key":"SkillPotion"},{"floor":10,"key":"Dexterity Potion"},{"floor":13,"key":"SkillPotion"},{"floor":16,"key":"SneckoOil"},{"floor":18,"key":"Regen Potion"},{"floor":19,"key":"Dexterity Potion"},{"floor":22,"key":"Swift Potion"},{"floor":24,"key":"LiquidBronze"},{"floor":25,"key":"Dexterity Potion"},{"floor":27,"key":"LiquidBronze"},{"floor":28,"key":"Fire Potion"},{"floor":30,"key":"Block Potion"}],"is_trial":false,"path_per_floor":["M","?","M","?","M","R","$","R","T","E","$","R","M","T","R","B",null,"M","M","?","?","M","R","E","M","T","M","M","R","M","?","R","B"],"character_chosen":"THE_SILENT","items_purchased":["Footwork","Dexterity Potion"],"campfire_rested":5,"item_purchase_floors":[7,11],"current_hp_per_floor":[68,56,55,55,54,70,70,70,70,48,48,69,55,55,55,3,70,65,57,57,57,39,60,54,40,40,25,22,43,32,32,53,0],"gold":183,"neow_bonus":"BOSS_RELIC","is_prod":false,"is_daily":false,"chose_seed":false,"campfire_upgraded":0,"win_rate":0,"timestamp":1557319448,"path_taken":["M","?","M","?","M","R","$","R","T","E","?","R","M","?","R","BOSS","M","M","?","?","M","R","E","M","T","?","M","R","M","?","R","BOSS"],"build_version":"2019-01-23","purchased_purges":0,"victory":false,"max_hp_per_floor":[70,70,70,70,70,70,70,70,70,70,70,70,70,70,70,70,70,70,70,70,70,70,70,70,70,70,70,70,70,70,70,70,70],"card_choices":[{"not_picked":["Dagger Spray","Acrobatics"],"picked":"Deadly Poison","floor":1},{"not_picked":["Dodge and Roll","Dagger Throw"],"picked":"Caltrops","floor":3},{"not_picked":["Finisher","Expertise"],"picked":"Quick Slash","floor":5},{"not_picked":["Dodge and Roll","Setup"],"picked":"Sucker Punch","floor":10},{"not_picked":["Bane","Blade Dance"],"picked":"Backstab","floor":13},{"not_picked":["Glass Knife","Storm of Steel"],"picked":"A Thousand Cuts","floor":16},{"not_picked":["Prepared","Flying Knee"],"picked":"Dagger Spray","floor":18},{"not_picked":["Finisher","Bane","Dagger Throw"],"picked":"SKIP","floor":19},{"not_picked":["Distraction","Cloak And Dagger"],"picked":"Bouncing Flask","floor":22},{"not_picked":["Blade Dance","Accuracy"],"picked":"Dash","floor":24},{"not_picked":["Outmaneuver","Calculated Gamble"],"picked":"Backflip","floor":25},{"not_picked":["Cloak And Dagger+1","Dagger Throw"],"picked":"Caltrops","floor":27},{"not_picked":["Dagger Spray","Masterful Stab+1"],"picked":"Poisoned Stab","floor":28},{"not_picked":["Prepared+1","Flying Knee","Dodge and Roll"],"picked":"SKIP","floor":30}],"player_experience":142236,"relics_obtained":[{"floor":9,"key":"Matryoshka"},{"floor":10,"key":"Shovel"},{"floor":14,"key":"Happy Flower"},{"floor":14,"key":"Vajra"},{"floor":15,"key":"Pen Nib"},{"floor":24,"key":"Girya"},{"floor":26,"key":"The Specimen"},{"floor":26,"key":"Omamori"}],"event_choices":[{"damage_healed":0,"gold_gain":0,"player_choice":"Success","damage_taken":12,"relics_obtained":["Paper Crane"],"max_hp_gain":0,"max_hp_loss":0,"event_name":"Scrap Ooze","floor":2,"gold_loss":0},{"damage_healed":0,"gold_gain":0,"player_choice":"Left Gold","damage_taken":0,"max_hp_gain":0,"max_hp_loss":0,"event_name":"World of Goop","floor":4,"gold_loss":45},{"cards_removed":["Strike_G"],"damage_healed":0,"gold_gain":0,"player_choice":"Gave Gold","damage_taken":0,"max_hp_gain":0,"max_hp_loss":0,"event_name":"Beggar","floor":20,"gold_loss":75},{"damage_healed":0,"gold_gain":0,"player_choice":"Upgrade","damage_taken":0,"max_hp_gain":0,"max_hp_loss":0,"event_name":"Designer","floor":21,"gold_loss":40,"cards_upgraded":["Caltrops"]},{"damage_healed":0,"gold_gain":0,"player_choice":"Ignored","damage_taken":0,"max_hp_gain":0,"max_hp_loss":0,"event_name":"Cursed Tome","floor":31,"gold_loss":0}],"is_beta":false,"boss_relics":[{"not_picked":["Philosopher\u0027s Stone","Lizard Tail"],"picked":"Fusion Hammer"}],"items_purged_floors":[],"is_endless":false,"potions_floor_spawned":[1,3,5,10,13,16,18,19,22,24,25,27,28,30],"killed_by":"Champ","ascension_level":0}