{"gold_per_floor":[359,371,296,312,312,312,338,354,354,368,11,11,11,27,27,101,101,117,136,136],"floor_reached":20,"playtime":861,"items_purged":["Strike_B"],"score":352,"play_id":"b1e3c5b7-7657-455a-801e-ebce190a4516","local_time":"20190324153850","is_ascension_mode":true,"campfire_choices":[{"data":"Zap","floor":6.0,"key":"SMITH"},{"floor":15.0,"key":"REST"}],"neow_cost":"TEN_PERCENT_HP_LOSS","seed_source_timestamp":1888849102931582,"circlet_count":0,"master_deck":["AscendersBane","Strike_B","Strike_B","Defend_B","Defend_B","Defend_B","Defend_B","Zap+1","Dualcast","Cold Snap","Coolheaded","Turbo","Streamline","Skim","Consume","Undo","Pain","Recycle","Echo Form","Conserve Battery"],"special_seed":0,"relics":["Cracked Core","Ancient Tea Set","The Courier","Ice Cream","WarpedTongs","Runic Pyramid"],"potions_floor_usage":[16,20],"damage_taken":[{"damage":0.0,"enemies":"2 Louse","floor":1.0,"turns":2.0},{"damage":2.0,"enemies":"Small Slimes","floor":2.0,"turns":3.0},{"damage":2.0,"enemies":"Jaw Worm","floor":4.0,"turns":3.0},{"damage":40.0,"enemies":"3 Sentries","floor":7.0,"turns":12.0},{"damage":0.0,"enemies":"2 Fungi Beasts","floor":8.0,"turns":3.0},{"damage":11.0,"enemies":"Gremlin Gang","floor":10.0,"turns":5.0},{"damage":6.0,"enemies":"Large Slime","floor":14.0,"turns":9.0},{"damage":34,"enemies":"Slime Boss","floor":16,"turns":13},{"damage":17,"enemies":"Shell Parasite","floor":18,"turns":8},{"damage":34,"enemies":"3 Byrds","floor":19,"turns":7},{"damage":10,"enemies":"Snake Plant","floor":20,"turns":1}],"seed_played":"-5685846106550218593","potions_obtained":[{"floor":1.0,"key":"FearPotion"},{"floor":4.0,"key":"LiquidBronze"},{"floor":14.0,"key":"Fruit Juice"},{"floor":19,"key":"SneckoOil"}],"is_trial":false,"path_per_floor":["M","M","?","M","?","R","E","M","T","M","$","$","?","M","R","B",null,"M","M","M"],"character_chosen":"DEFECT","items_purchased":["Ice Cream","Undo"],"campfire_rested":1,"item_purchase_floors":[11,11],"current_hp_per_floor":[64,62,62,60,65,65,25,25,25,14,14,14,14,13,35,1,56,39,5,0],"gold":136,"neow_bonus":"TWO_FIFTY_GOLD","is_prod":false,"is_daily":false,"chose_seed":false,"campfire_upgraded":1,"win_rate":0,"timestamp":1553413130,"path_taken":["M","M","?","M","?","R","E","M","T","M","$","?","?","M","R","BOSS","M","M","?"],"build_version":"2019-01-23","purchased_purges":1,"victory":false,"max_hp_per_floor":[64,64,64,64,69,69,69,69,69,69,69,69,69,74,74,74,74,74,74,74],"card_choices":[{"not_picked":["Self Repair","Leap"],"picked":"Cold Snap","floor":1.0},{"not_picked":["Compile Driver","Beam Cell"],"picked":"Coolheaded","floor":2.0},{"not_picked":["Lockon","Rebound"],"picked":"Turbo","floor":4.0},{"not_picked":["Gash","Beam Cell"],"picked":"Streamline","floor":7.0},{"not_picked":["Conserve Battery","Consume"],"picked":"Skim","floor":8.0},{"not_picked":["Go for the Eyes","Sweeping Beam"],"picked":"Consume","floor":10.0},{"not_picked":["Melter","Turbo"],"picked":"Recycle","floor":14.0},{"not_picked":["Buffer","Machine Learning"],"picked":"Echo Form","floor":16},{"not_picked":["Undo+1","Heatsinks"],"picked":"Conserve Battery","floor":18},{"not_picked":["Redo","Leap","Sweeping Beam"],"picked":"SKIP","floor":19}],"player_experience":1252252,"relics_obtained":[{"floor":7.0,"key":"Ancient Tea Set"},{"floor":9.0,"key":"The Courier"}],"event_choices":[{"cards_removed":["Strike_B"],"damage_healed":0.0,"max_hp_gain":0.0,"max_hp_loss":0.0,"gold_gain":0.0,"event_name":"The Cleric","player_choice":"Card Removal","floor":3.0,"gold_loss":75.0,"damage_taken":0.0},{"damage_healed":0.0,"max_hp_gain":5.0,"max_hp_loss":0.0,"gold_gain":0.0,"event_name":"Big Fish","player_choice":"Donut","floor":5.0,"gold_loss":0.0,"damage_taken":0.0},{"damage_healed":0.0,"max_hp_gain":0.0,"max_hp_loss":0.0,"gold_gain":0.0,"event_name":"Accursed Blacksmith","player_choice":"Rummage","floor":13.0,"gold_loss":0.0,"damage_taken":0.0,"relics_obtained":["WarpedTongs"],"cards_obtained":["Pain"]}],"is_beta":false,"boss_relics":[{"not_picked":["Inserter","Tiny House"],"picked":"Runic Pyramid"}],"items_purged_floors":[11],"is_endless":false,"potions_floor_spawned":[1,4,14,19],"killed_by":"Snake Plant","ascension_level":20}