{"gold_per_floor":[114,114,64,64,81,116,116,143,143,143,218,238,252,43,43,147,147,165,181,181,181,198,198,7,7,7,7,36,36,36,48,48,146,146,158,0,46,146,67,67,342,40,40,40,52,52,65,91,91,91],"floor_reached":50,"playtime":1655,"items_purged":[],"score":819,"play_id":"2da3d79e-1da4-47da-8807-e8eaf673f6e4","local_time":"20190409230428","is_ascension_mode":true,"campfire_choices":[{"data":"Static Discharge","floor":7.0,"key":"SMITH"},{"data":"Dualcast","floor":10.0,"key":"SMITH"},{"floor":15.0,"key":"REST"},{"data":"Defragment","floor":25.0,"key":"SMITH"},{"data":"Hyperbeam","floor":27.0,"key":"SMITH"},{"floor":32.0,"key":"REST"},{"floor":40,"key":"REST"},{"data":"Lockon","floor":44,"key":"SMITH"},{"floor":49,"key":"REST"}],"neow_cost":"NONE","seed_source_timestamp":2383191520870368,"circlet_count":0,"master_deck":["Strike_B","Strike_B","Strike_B","Strike_B","Defend_B","Defend_B","Defend_B","Zap+1","Dualcast+1","Ball Lightning","Static Discharge+1","Hyperbeam+1","Conserve Battery","Ball Lightning","Steam","Electrodynamics","Sweeping Beam","Steam+1","Conserve Battery+1","Defragment+1","Sweeping Beam+1","Compile Driver+1","Glacier","Amplify","Hologram+1","Leap+1","Blizzard+1","Chaos","Lockon+1","Coolheaded","Rip and Tear+1","Metamorphosis","Bandage Up","Mayhem+1","Leap+1","Redo+1","Creative AI+1"],"special_seed":0,"relics":["FrozenCore","NeowsBlessing","Meat on the Bone","Centennial Puzzle","Incense Burner","Omamori","ClockworkSouvenir","Inserter","Bag of Preparation","Frozen Egg 2","Prayer Wheel","MutagenicStrength","Red Mask","Torii","StoneCalendar","FossilizedHelix","Blood Vial"],"potions_floor_usage":[50,50],"damage_taken":[{"damage":0.0,"enemies":"Small Slimes","floor":1.0,"turns":1.0},{"damage":0.0,"enemies":"Jaw Worm","floor":5.0,"turns":1.0},{"damage":0.0,"enemies":"3 Sentries","floor":6.0,"turns":1.0},{"damage":34.0,"enemies":"Gremlin Nob","floor":8.0,"turns":4.0},{"damage":0.0,"enemies":"2 Louse","floor":12.0,"turns":1.0},{"damage":0.0,"enemies":"Large Slime","floor":13.0,"turns":3.0},{"damage":0.0,"enemies":"Slime Boss","floor":16.0,"turns":5.0},{"damage":0.0,"enemies":"Chosen","floor":18.0,"turns":4.0},{"damage":0.0,"enemies":"3 Byrds","floor":19.0,"turns":2.0},{"damage":14.0,"enemies":"Shelled Parasite and Fungi","floor":22.0,"turns":5.0},{"damage":23.0,"enemies":"Gremlin Leader","floor":28.0,"turns":4.0},{"damage":12.0,"enemies":"Cultist and Chosen","floor":31.0,"turns":3.0},{"damage":35.0,"enemies":"Champ","floor":33.0,"turns":11.0},{"damage":7.0,"enemies":"Orb Walker","floor":35.0,"turns":5.0},{"damage":20.0,"enemies":"2 Orb Walkers","floor":37.0,"turns":3.0},{"damage":0.0,"enemies":"Mind Bloom Boss Battle","floor":38.0,"turns":9.0},{"damage":0,"enemies":"3 Shapes","floor":45,"turns":4},{"damage":0,"enemies":"Jaw Worm Horde","floor":47,"turns":2},{"damage":55,"enemies":"Reptomancer","floor":48,"turns":6},{"damage":51,"enemies":"Awakened One","floor":50,"turns":4}],"seed_played":"6083069090861270915","potions_obtained":[{"floor":5.0,"key":"PowerPotion"},{"floor":12.0,"key":"LiquidBronze"},{"floor":16.0,"key":"SteroidPotion"},{"floor":28.0,"key":"Strength Potion"},{"floor":31.0,"key":"Swift Potion"},{"floor":38,"key":"Ancient Potion"},{"floor":48,"key":"AttackPotion"}],"is_trial":false,"path_per_floor":["M","?","?","?","M","E","R","E","T","R","?","M","M","$","R","B",null,"M","M","?","?","M","?","$","R","T","R","E","?","$","M","R","B",null,"M","?","?","?","$","R","?","$","T","R","M","?","M","E","R","B"],"character_chosen":"DEFECT","items_purchased":["ClockworkSouvenir","Defragment","Bag of Preparation","Lockon","FossilizedHelix"],"campfire_rested":4,"item_purchase_floors":[14,24,24,39,42],"current_hp_per_floor":[68,68,68,65,65,65,65,43,43,43,32,44,44,44,66,66,73,73,73,59,59,45,71,71,71,71,71,48,48,48,48,72,49,72,65,65,45,45,45,69,69,69,69,69,69,59,59,20,44,0],"gold":91,"neow_bonus":"THREE_ENEMY_KILL","is_prod":false,"is_daily":false,"chose_seed":false,"campfire_upgraded":5,"win_rate":0,"timestamp":1554876268,"path_taken":["M","?","?","?","M","E","R","E","T","R","?","M","M","$","R","BOSS","M","M","?","?","M","?","$","R","T","R","E","?","$","M","R","BOSS","M","?","?","?","$","R","?","$","T","R","?","?","M","E","R","BOSS"],"build_version":"2019-01-23","purchased_purges":0,"victory":false,"max_hp_per_floor":[75,75,75,75,75,75,75,75,75,75,75,75,75,75,75,75,75,75,75,80,80,80,80,80,80,80,80,80,80,80,80,80,80,80,80,80,80,80,80,80,80,80,80,80,80,80,80,80,80,80],"card_choices":[{"not_picked":["Barrage","Turbo"],"picked":"Ball Lightning","floor":1.0},{"not_picked":["Hologram","Reprogram"],"picked":"Static Discharge","floor":5.0},{"not_picked":["Hologram","Aggregate"],"picked":"Hyperbeam","floor":6.0},{"not_picked":["Go for the Eyes","Rebound"],"picked":"Conserve Battery","floor":8.0},{"not_picked":["Beam Cell","Rebound"],"picked":"Ball Lightning","floor":12.0},{"not_picked":["Leap","Skim"],"picked":"Steam","floor":13.0},{"not_picked":["Hyperbeam","Core Surge"],"picked":"Electrodynamics","floor":16.0},{"not_picked":["Barrage","Ball Lightning"],"picked":"Sweeping Beam","floor":18.0},{"not_picked":["Undo","Streamline"],"picked":"Steam+1","floor":19.0},{"not_picked":["Auto Shields","Compile Driver"],"picked":"Conserve Battery+1","floor":22.0},{"not_picked":["Undo","Streamline"],"picked":"Sweeping Beam+1","floor":28.0},{"not_picked":["Ball Lightning","Reprogram"],"picked":"Compile Driver+1","floor":31.0},{"not_picked":["Coolheaded","Gash"],"picked":"Glacier","floor":31.0},{"not_picked":["Electrodynamics+1","Reboot"],"picked":"Amplify","floor":33.0},{"not_picked":["Rip and Tear","Gash+1"],"picked":"Hologram+1","floor":35.0},{"not_picked":["Steam Power","Doom and Gloom+1"],"picked":"Leap+1","floor":35.0},{"not_picked":["Redo+1","Sweeping Beam"],"picked":"Blizzard+1","floor":37.0},{"not_picked":["Capacitor+1","Go for the Eyes"],"picked":"Chaos","floor":38},{"not_picked":["Hologram","Melter+1"],"picked":"Coolheaded","floor":45},{"not_picked":["Auto Shields","Glacier+1"],"picked":"Rip and Tear+1","floor":45},{"not_picked":["Dramatic Entrance","Secret Weapon"],"picked":"Metamorphosis","floor":46},{"not_picked":["Flash of Steel","Trip"],"picked":"Bandage Up","floor":46},{"not_picked":["The Bomb","Apotheosis"],"picked":"Mayhem+1","floor":46},{"not_picked":["Streamline","Cold Snap"],"picked":"Leap+1","floor":47},{"not_picked":["Skim","Ball Lightning"],"picked":"Redo+1","floor":47},{"not_picked":["Sweeping Beam","Stack"],"picked":"Creative AI+1","floor":48}],"player_experience":533853,"relics_obtained":[{"floor":6.0,"key":"Centennial Puzzle"},{"floor":8.0,"key":"Incense Burner"},{"floor":9.0,"key":"Omamori"},{"floor":26.0,"key":"Frozen Egg 2"},{"floor":28.0,"key":"Prayer Wheel"},{"floor":37.0,"key":"Torii"},{"floor":38,"key":"StoneCalendar"},{"floor":48,"key":"Blood Vial"}],"event_choices":[{"damage_healed":0.0,"max_hp_gain":0.0,"max_hp_loss":0.0,"gold_gain":0.0,"event_name":"Living Wall","player_choice":"Grow","floor":2.0,"gold_loss":0.0,"damage_taken":0.0,"cards_upgraded":["Zap"]},{"cards_removed":["Defend_B"],"damage_healed":0.0,"max_hp_gain":0.0,"max_hp_loss":0.0,"gold_gain":0.0,"event_name":"The Cleric","player_choice":"Card Removal","floor":3.0,"gold_loss":50.0,"damage_taken":0.0},{"damage_healed":0.0,"max_hp_gain":0.0,"max_hp_loss":0.0,"gold_gain":0.0,"event_name":"Scrap Ooze","player_choice":"Success","floor":4.0,"gold_loss":0.0,"damage_taken":3.0,"relics_obtained":["Meat on the Bone"]},{"damage_healed":0.0,"max_hp_gain":0.0,"max_hp_loss":0.0,"gold_gain":75.0,"event_name":"World of Goop","player_choice":"Gather Gold","floor":11.0,"gold_loss":0.0,"damage_taken":11.0},{"damage_healed":0.0,"max_hp_gain":5.0,"max_hp_loss":0.0,"gold_gain":0.0,"event_name":"Forgotten Altar","player_choice":"Shed Blood","floor":20.0,"gold_loss":0.0,"damage_taken":19.0},{"damage_healed":0.0,"max_hp_gain":0.0,"max_hp_loss":0.0,"gold_gain":0.0,"event_name":"Ghosts","player_choice":"Ignored","floor":21.0,"gold_loss":0.0,"damage_taken":0.0},{"damage_healed":26.0,"max_hp_gain":0.0,"max_hp_loss":0.0,"gold_gain":0.0,"event_name":"The Library","player_choice":"Heal","floor":23.0,"gold_loss":0.0,"damage_taken":0.0},{"damage_healed":0.0,"max_hp_gain":0.0,"max_hp_loss":0.0,"gold_gain":0.0,"event_name":"Drug Dealer","player_choice":"Inject Mutagens","floor":29.0,"gold_loss":0.0,"damage_taken":0.0,"relics_obtained":["MutagenicStrength"]},{"damage_healed":0.0,"max_hp_gain":0.0,"max_hp_loss":0.0,"gold_gain":0.0,"event_name":"Tomb of Lord Red Mask","player_choice":"Paid","floor":36.0,"gold_loss":158.0,"damage_taken":0.0,"relics_obtained":["Red Mask"]},{"damage_healed":0.0,"max_hp_gain":0.0,"max_hp_loss":0.0,"gold_gain":0.0,"event_name":"Mysterious Sphere","player_choice":"Fight","floor":37.0,"gold_loss":0.0,"damage_taken":0.0},{"damage_healed":0.0,"max_hp_gain":0.0,"max_hp_loss":0.0,"gold_gain":0.0,"event_name":"MindBloom","player_choice":"Fight","floor":38.0,"gold_loss":0.0,"damage_taken":0.0},{"damage_healed":0,"gold_gain":275,"player_choice":"Desecrate","damage_taken":0,"max_hp_gain":0,"max_hp_loss":0,"event_name":"Golden Shrine","floor":41,"gold_loss":0,"cards_obtained":["Regret"]},{"damage_healed":0,"gold_gain":0,"player_choice":"Memory 3","damage_taken":10,"max_hp_gain":0,"max_hp_loss":0,"event_name":"SensoryStone","floor":46,"gold_loss":0}],"is_beta":false,"boss_relics":[{"not_picked":["Black Star","Ectoplasm"],"picked":"Inserter"},{"not_picked":["Runic Dome","Tiny House"],"picked":"FrozenCore"}],"items_purged_floors":[],"is_endless":false,"potions_floor_spawned":[5,12,16,28,31,38,48],"killed_by":"Awakened One","ascension_level":8}