{"gold_per_floor":[114,114,114,126,157,207,219,250,312,324,374,386,398,410,422,559,571,602,614,626,418,437,475,494,494,519,519,519,519,538,576,576,701,701,720,739,89,108,233,233,271,271,346,384,403,441,441,441,441,441],"floor_reached":51,"playtime":2024,"items_purged":[],"score":851,"play_id":"910b3ac9-344c-4f23-ad77-a5d579cdacd2","local_time":"20190416155005","daily_mods":["Chimera","Red Cards","Elite Swarm"],"is_ascension_mode":false,"campfire_choices":[{"data":"Zap","floor":7,"key":"SMITH"},{"data":"Flex","floor":10,"key":"SMITH"},{"floor":12,"key":"REST"},{"data":"Glacier","floor":15,"key":"SMITH"},{"floor":25,"key":"REST"},{"data":"Limit Break","floor":29,"key":"SMITH"},{"data":"Echo Form","floor":32,"key":"SMITH"},{"data":"Barricade","floor":40,"key":"SMITH"},{"data":"White Noise","floor":42,"key":"SMITH"},{"data":"Seek","floor":47,"key":"SMITH"},{"data":"Storm","floor":49,"key":"SMITH"}],"neow_cost":"","seed_source_timestamp":0,"circlet_count":0,"master_deck":["Bash","Survivor","Zap+1","Flex+1","Glacier+1","Echo Form+1","Biased Cognition+1","Limit Break+1","FTL+1","Cleave+1","Ball Lightning+1","Hologram+1","Storm+1","White Noise+1","Core Surge","Rampage+1","Barricade+1","Core Surge","Whirlwind","Perfected Strike","Glacier","Dual Wield+1","Warcry+1","Flame Barrier+1","Reboot","Seek+1","Electrodynamics"],"special_seed":18002,"relics":["Cracked Core","Golden Idol","MawBank","StoneCalendar","Bird Faced Urn","Bag of Preparation","Smiling Mask","Astrolabe","Strawberry","Cables","Bronze Scales","MutagenicStrength","FossilizedHelix","Pandora\u0027s Box","DataDisk","Mango","Lee\u0027s Waffle","Nunchaku","Ancient Tea Set","Ornamental Fan","Torii","Boot","Spirit Poop"],"potions_floor_usage":[6,11,23,31,31,31,31,38],"damage_taken":[{"damage":6,"enemies":"2 Louse","floor":1,"turns":3},{"damage":0,"enemies":"Small Slimes","floor":5,"turns":3},{"damage":28,"enemies":"3 Sentries","floor":6,"turns":7},{"damage":0,"enemies":"Jaw Worm","floor":8,"turns":3},{"damage":34,"enemies":"Gremlin Nob","floor":11,"turns":5},{"damage":2,"enemies":"Hexaghost","floor":16,"turns":9},{"damage":14,"enemies":"2 Thieves","floor":18,"turns":3},{"damage":0,"enemies":"Chosen","floor":22,"turns":3},{"damage":56,"enemies":"Slavers","floor":23,"turns":4},{"damage":8,"enemies":"Centurion and Healer","floor":24,"turns":5},{"damage":10,"enemies":"Chosen and Byrds","floor":30,"turns":3},{"damage":23,"enemies":"Gremlin Leader","floor":31,"turns":5},{"damage":36,"enemies":"Collector","floor":33,"turns":5},{"damage":0,"enemies":"Orb Walker","floor":35,"turns":2},{"damage":11,"enemies":"3 Shapes","floor":36,"turns":5},{"damage":31,"enemies":"Transient","floor":38,"turns":5},{"damage":0,"enemies":"Mind Bloom Boss Battle","floor":39,"turns":5},{"damage":18,"enemies":"Nemesis","floor":41,"turns":5},{"damage":0,"enemies":"Reptomancer","floor":44,"turns":6},{"damage":0,"enemies":"Maw","floor":45,"turns":5},{"damage":32,"enemies":"Nemesis","floor":46,"turns":7},{"damage":14,"enemies":"Time Eater","floor":50,"turns":8}],"seed_played":"3566118031847447450","potions_obtained":[{"floor":5,"key":"Poison Potion"},{"floor":8,"key":"Ancient Potion"},{"floor":18,"key":"Strength Potion"},{"floor":22,"key":"FearPotion"},{"floor":24,"key":"EntropicBrew"},{"floor":33,"key":"SneckoOil"},{"floor":35,"key":"SkillPotion"},{"floor":38,"key":"Weak Potion"}],"is_trial":false,"path_per_floor":["M","?","?","?","M","E","R","M","T","R","E","R","$","?","R","B",null,"M","?","?","$","M","E","M","R","T","?","?","R","M","E","R","B",null,"M","M","$","M","?","R","E","R","T","E","M","E","R","?","R","B",null],"character_chosen":"DEFECT","items_purchased":["Storm","Strawberry","DataDisk","Mango","Lee\u0027s Waffle"],"campfire_rested":2,"item_purchase_floors":[21,21,37,37,37],"current_hp_per_floor":[69,69,69,66,66,38,38,38,38,38,6,28,28,28,28,32,75,63,63,63,70,78,28,22,46,46,46,46,46,40,41,41,15,82,82,73,103,76,80,80,74,74,74,86,100,77,77,77,77,79],"gold":441,"neow_bonus":"","is_prod":false,"is_daily":true,"chose_seed":false,"campfire_upgraded":9,"win_rate":0,"timestamp":1555444205,"path_taken":["M","?","?","?","M","E","R","M","T","R","E","R","?","?","R","BOSS","M","?","?","$","M","E","?","R","T","?","?","R","M","E","R","BOSS","M","M","$","M","?","R","E","R","T","E","M","E","R","?","R","BOSS"],"build_version":"2019-01-23","purchased_purges":0,"victory":true,"max_hp_per_floor":[75,75,75,75,75,75,75,75,75,75,75,75,75,75,75,75,75,75,75,75,82,82,82,82,82,82,82,82,82,82,82,82,82,82,82,82,103,103,103,103,103,103,103,103,103,103,103,103,103,103],"card_choices":[{"not_picked":["Feel No Pain","Twin Strike"],"picked":"Flex","floor":1},{"not_picked":["Cold Snap","FTL"],"picked":"Glacier","floor":5},{"not_picked":["Limit Break","Creative AI"],"picked":"Echo Form","floor":6},{"not_picked":["Intimidate","Bloodletting","Thunderclap"],"picked":"SKIP","floor":8},{"not_picked":["Multi-Cast","Limit Break"],"picked":"Biased Cognition","floor":11},{"not_picked":["Reboot","Offering"],"picked":"Limit Break","floor":16},{"not_picked":["True Grit","Steam Power"],"picked":"Hologram+1","floor":18},{"not_picked":["Clash","Disarm+1"],"picked":"White Noise","floor":22},{"not_picked":["Berserk","Creative AI"],"picked":"Core Surge","floor":23},{"not_picked":["Thunderclap","Iron Wave+1"],"picked":"Rampage+1","floor":24},{"not_picked":["Warcry","Anger","Sever Soul+1"],"picked":"SKIP","floor":30},{"not_picked":["Reaper","Seek"],"picked":"Barricade","floor":31},{"not_picked":["Buffer","Dark Embrace"],"picked":"Core Surge","floor":33},{"not_picked":["Anger+1","Rupture"],"picked":"Dual Wield+1","floor":35},{"not_picked":["Evolve","Recycle+1"],"picked":"Warcry+1","floor":36},{"not_picked":["Redo","Turbo+1"],"picked":"Flame Barrier+1","floor":38},{"not_picked":["Machine Learning","Limit Break"],"picked":"Reboot","floor":41},{"not_picked":["Offering","Feed"],"picked":"Seek","floor":44},{"not_picked":["Stack+1","Shockwave","Hologram+1"],"picked":"SKIP","floor":45},{"not_picked":["Double Tap","Impervious"],"picked":"Electrodynamics","floor":46}],"player_experience":901548,"relics_obtained":[{"floor":6,"key":"Bird Faced Urn"},{"floor":9,"key":"Bag of Preparation"},{"floor":11,"key":"Smiling Mask"},{"floor":23,"key":"Cables"},{"floor":26,"key":"Bronze Scales"},{"floor":31,"key":"FossilizedHelix"},{"floor":39,"key":"Nunchaku"},{"floor":41,"key":"Ancient Tea Set"},{"floor":43,"key":"Ornamental Fan"},{"floor":44,"key":"Torii"},{"floor":46,"key":"Boot"}],"event_choices":[{"damage_healed":0,"gold_gain":0,"player_choice":"Take Wound","damage_taken":0,"relics_obtained":["Golden Idol"],"max_hp_gain":0,"max_hp_loss":0,"event_name":"Golden Idol","floor":2,"gold_loss":0,"cards_obtained":["Injury"]},{"damage_healed":0,"gold_gain":0,"player_choice":"Box","damage_taken":0,"relics_obtained":["MawBank"],"max_hp_gain":0,"max_hp_loss":0,"event_name":"Big Fish","floor":3,"gold_loss":0,"cards_obtained":["Regret"]},{"damage_healed":0,"gold_gain":0,"player_choice":"Success","damage_taken":3,"relics_obtained":["StoneCalendar"],"max_hp_gain":0,"max_hp_loss":0,"event_name":"Scrap Ooze","floor":4,"gold_loss":0},{"damage_healed":0,"gold_gain":0,"player_choice":"Grow","damage_taken":0,"max_hp_gain":0,"max_hp_loss":0,"event_name":"Living Wall","floor":14,"gold_loss":0,"cards_upgraded":["Biased Cognition"]},{"damage_healed":0,"gold_gain":0,"player_choice":"Ignored","damage_taken":0,"max_hp_gain":0,"max_hp_loss":0,"event_name":"Ghosts","floor":19,"gold_loss":0},{"cards_removed":["Regret"],"damage_healed":0,"gold_gain":0,"player_choice":"Elegance","damage_taken":0,"max_hp_gain":0,"max_hp_loss":0,"event_name":"Back to Basics","floor":20,"gold_loss":0},{"damage_healed":0,"gold_gain":0,"player_choice":"Ignored","damage_taken":0,"max_hp_gain":0,"max_hp_loss":0,"event_name":"The Mausoleum","floor":27,"gold_loss":0},{"damage_healed":0,"gold_gain":0,"player_choice":"Inject Mutagens","damage_taken":0,"relics_obtained":["MutagenicStrength"],"max_hp_gain":0,"max_hp_loss":0,"event_name":"Drug Dealer","floor":28,"gold_loss":0},{"damage_healed":0,"gold_gain":0,"player_choice":"Fight","damage_taken":0,"max_hp_gain":0,"max_hp_loss":0,"event_name":"MindBloom","floor":39,"gold_loss":0},{"cards_removed":["Injury"],"damage_healed":0,"gold_gain":0,"player_choice":"Offered Curse","damage_taken":0,"relics_obtained":["Spirit Poop"],"max_hp_gain":0,"max_hp_loss":0,"event_name":"Bonfire Elementals","floor":48,"gold_loss":0}],"is_beta":false,"boss_relics":[{"not_picked":["Coffee Dripper","Runic Dome"],"picked":"Astrolabe"},{"not_picked":["Lizard Tail","Black Star"],"picked":"Pandora\u0027s Box"}],"items_purged_floors":[],"is_endless":false,"potions_floor_spawned":[5,8,18,22,24,33,35,38,39,45],"ascension_level":0}