{"gold_per_floor":[109,33,43,63,63,63,92,92,92,107,136,136,151,151,151,151],"floor_reached":16,"playtime":437,"items_purged":[],"score":220,"play_id":"e4912776-897d-47da-b6bc-74226fd94792","local_time":"20190206071437","is_ascension_mode":true,"campfire_choices":[{"data":"Double Tap","floor":6,"key":"SMITH"},{"data":"Thunderclap","floor":8,"key":"SMITH"},{"floor":12,"key":"REST"},{"data":"Flex","floor":15,"key":"SMITH"}],"neow_cost":"NONE","seed_source_timestamp":130494684680756,"circlet_count":0,"master_deck":["AscendersBane","Strike_R","Strike_R","Strike_R","Strike_R","Strike_R","Defend_R","Defend_R","Defend_R","Defend_R","Bash","Rupture","Double Tap+1","Thunderclap+1","Impervious","Sword Boomerang","Twin Strike","Flex+1","Decay"],"relics":["Burning Blood","NeowsBlessing","Nunchaku","Mango","Pantograph"],"potions_floor_usage":[7,10,11,13],"damage_taken":[{"damage":0,"enemies":"Cultist","floor":1,"turns":1},{"damage":0,"enemies":"2 Louse","floor":3,"turns":2},{"damage":0,"enemies":"Jaw Worm","floor":4,"turns":1},{"damage":40,"enemies":"Lagavulin","floor":7,"turns":5},{"damage":11,"enemies":"Looter","floor":10,"turns":2},{"damage":50,"enemies":"3 Sentries","floor":11,"turns":9},{"damage":9,"enemies":"Gremlin Gang","floor":13,"turns":4},{"damage":62,"enemies":"Hexaghost","floor":16,"turns":9}],"seed_played":"7550371083524958166","potions_obtained":[{"floor":1,"key":"GamblersBrew"},{"floor":5,"key":"SteroidPotion"},{"floor":7,"key":"BloodPotion"},{"floor":11,"key":"PowerPotion"}],"is_trial":false,"path_per_floor":["M","$","M","M","?","R","E","R","T","M","E","R","M","?","R","B"],"character_chosen":"IRONCLAD","items_purchased":["Double Tap"],"campfire_rested":1,"item_purchase_floors":[2],"current_hp_per_floor":[74,74,75,75,75,75,41,41,55,50,14,40,37,37,37,0],"gold":151,"neow_bonus":"THREE_ENEMY_KILL","is_prod":false,"is_daily":false,"chose_seed":false,"campfire_upgraded":3,"win_rate":0,"timestamp":1549455277,"path_taken":["M","$","?","?","?","R","E","R","T","M","E","R","?","?","R","BOSS"],"build_version":"2019-01-23","purchased_purges":0,"victory":false,"max_hp_per_floor":[75,75,75,75,75,75,75,75,89,89,89,89,89,89,89,89],"card_choices":[{"not_picked":["Armaments","Iron Wave"],"picked":"Rupture","floor":1},{"not_picked":["Armaments","Second Wind","Intimidate"],"picked":"SKIP","floor":3},{"not_picked":["Clothesline","Wild Strike"],"picked":"Thunderclap","floor":4},{"not_picked":["Wild Strike","Uppercut"],"picked":"Impervious","floor":7},{"not_picked":["Armaments","Carnage"],"picked":"Sword Boomerang","floor":10},{"not_picked":["Havoc","Wild Strike"],"picked":"Twin Strike","floor":11},{"not_picked":["Ghostly Armor","Heavy Blade"],"picked":"Flex","floor":13}],"player_experience":823964,"relics_obtained":[{"floor":7,"key":"Nunchaku"},{"floor":9,"key":"Mango"},{"floor":11,"key":"Pantograph"}],"event_choices":[{"damage_healed":0,"gold_gain":0,"player_choice":"Got Potions","damage_taken":0,"max_hp_gain":0,"max_hp_loss":0,"event_name":"Lab","floor":5,"gold_loss":0},{"damage_healed":0,"gold_gain":0,"player_choice":"Cursed","damage_taken":0,"max_hp_gain":0,"max_hp_loss":0,"event_name":"Wheel of Change","floor":14,"gold_loss":0,"cards_obtained":["Decay"]}],"is_beta":false,"boss_relics":[],"items_purged_floors":[],"is_endless":false,"potions_floor_spawned":[1,7,11],"killed_by":"Hexaghost","ascension_level":20}