{"path_per_floor":["M","?","?","M","?","E","R","M","T","$","R","M","R","M","R","B",null,"M","?","?","?","M","E","T","E","T","M","M"],"character_chosen":"THE_SILENT","items_purchased":[],"gold_per_floor":[111,61,61,74,74,107,107,125,125,50,50,60,60,79,79,174,204,220,220,120,120,134,165,212,243,243,253,265],"floor_reached":29,"campfire_rested":1,"playtime":1815,"current_hp_per_floor":[70,70,63,63,49,7,28,28,28,28,28,27,27,26,26,18,75,60,44,44,44,41,33,33,20,20,28,26],"items_purged":["Strike_G"],"gold":265,"play_id":"3f574e71-af9f-4cbb-a992-18275deef009","is_prod":false,"is_daily":false,"is_ascension_mode":false,"campfire_upgraded":0,"path_taken":["M","?","?","M","?","E","R","M","T","?","R","M","R","M","R","BOSS","M","?","?","?","M","E","?","E","T","M","M","E"],"build_version":"2018-01-25-PROD3","purchased_purges":1,"victory":false,"master_deck":["Defend_G","Defend_G","Defend_G","Defend_G","Survivor","Neutralize+1","Caltrops","Caltrops","Backflip","Endless Agony","Dagger Throw","Adrenaline","Backflip","Noxious Fumes+1","J.A.X.","Bite_G","Bite_G+1","Bite_G","Bite_G","Bite_G","Prepared+1","Prepared","Doppelganger","Eviscerate","Prepared"],"max_hp_per_floor":[70,70,70,70,70,70,70,70,70,70,70,70,70,70,70,70,75,75,75,75,52,52,52,52,52,52,52,52],"relics":["Ring of the Snake","Torii","Girya","Tiny House","Nilry\u0027s Codex","Matryoshka","Whetstone","Bag of Marbles","Prayer Wheel","Vajra","Peace Pipe"],"card_choices":[{"not_picked":["Outmaneuver","Cloak And Dagger"],"picked":"Caltrops"},{"not_picked":["Backstab","Dash"],"picked":"Caltrops"},{"not_picked":["PiercingWail","Distraction"],"picked":"Backflip"},{"not_picked":["Poisoned Stab","Cloak And Dagger"],"picked":"Endless Agony"},{"not_picked":["Poisoned Stab","Deadly Poison"],"picked":"Dagger Throw"},{"not_picked":["Burst","Glass Knife"],"picked":"Adrenaline"},{"not_picked":["Dodge and Roll","Riddle With Holes"],"picked":"Backflip"},{"not_picked":["Cloak And Dagger","Dodge and Roll"],"picked":"Noxious Fumes"},{"not_picked":["Envenom","Slice"],"picked":"Prepared"},{"not_picked":["Flechettes","Sucker Punch"],"picked":"Prepared"},{"not_picked":["Deadly Poison","Cloak And Dagger"],"picked":"Doppelganger"},{"not_picked":["Outmaneuver","Dagger Spray"],"picked":"Eviscerate"},{"not_picked":["Backflip","Outmaneuver"],"picked":"Prepared"}],"player_experience":105756,"potions_floor_usage":[16,16,18,22,23,23,28],"damage_taken":[{"damage":0,"enemies":"2 Louse","floor":1,"turns":3},{"damage":0,"enemies":"Small Slimes","floor":4,"turns":4},{"damage":42,"enemies":"Gremlin Nob","floor":6,"turns":5},{"damage":0,"enemies":"Jaw Worm","floor":8,"turns":5},{"damage":1,"enemies":"2 Fungi Beasts","floor":12,"turns":4},{"damage":1,"enemies":"Looter","floor":14,"turns":3},{"damage":8,"enemies":"The Guardian","floor":16,"turns":8},{"damage":15,"enemies":"2 Thieves","floor":18,"turns":3},{"damage":13,"enemies":"Chosen","floor":22,"turns":3},{"damage":21,"enemies":"Book of Stabbing","floor":23,"turns":5},{"damage":27,"enemies":"Gremlin Leader","floor":25,"turns":5},{"damage":5,"enemies":"3 Cultists","floor":27,"turns":4},{"damage":13,"enemies":"Centurion and Healer","floor":28,"turns":4},{"damage":37,"enemies":"Book of Stabbing","floor":29,"turns":4}],"event_choices":[{"event_name":"The Cleric","player_choice":"Card Removal","floor":2,"damage_taken":0},{"event_name":"Golden Wing","player_choice":"Card Removal","floor":3,"damage_taken":0},{"event_name":"Shining Light","player_choice":"Entered Light","floor":5,"damage_taken":0},{"event_name":"Cursed Tome","player_choice":"Obtained Book","floor":19,"damage_taken":0},{"event_name":"Drug Dealer","player_choice":"Got JAXXED","floor":20,"damage_taken":0},{"event_name":"Vampires","player_choice":"Became a vampire","floor":21,"damage_taken":0}],"boss_relics":[{"not_picked":["Sozu","Runic Dome"],"picked":"Tiny House"}],"potions_floor_spawned":[1,6,14,16,18,23,28],"seed_played":"826357859833916083","killed_by":"Book of Stabbing","ascension_level":0,"is_trial":false}