{"gold_per_floor":[117,133,133,151,73,73,103,103,103,119,153,163,163,182,182,277,277,288,314,327,59,59],"floor_reached":22,"playtime":945,"items_purged":["Doubt"],"score":284,"play_id":"08c46524-cf9b-41dd-b520-758b99ae0db3","local_time":"20190411230834","is_ascension_mode":true,"campfire_choices":[{"data":"Sunder","floor":6,"key":"SMITH"},{"data":"Zap","floor":8,"key":"SMITH"},{"data":"Biased Cognition","floor":15,"key":"SMITH"}],"neow_cost":"NONE","seed_source_timestamp":95694199976699,"circlet_count":0,"master_deck":["Strike_B","Strike_B","Strike_B","Strike_B","Defend_B","Defend_B","Defend_B","Zap+1","Dualcast+1","Finesse","Leap","BootSequence","Sunder+1","Capacitor","Ball Lightning","Biased Cognition+1","Force Field","Aggregate+1","Go for the Eyes","Enlightenment","Seek","Capacitor","Core Surge","Decay","Decay","Turbo+1","White Noise"],"relics":["Cracked Core","Unceasing Top","Torii","Ancient Tea Set","Calling Bell","Vajra","Letter Opener","Peace Pipe","War Paint","ClockworkSouvenir"],"potions_floor_usage":[7,11,16],"damage_taken":[{"damage":1,"enemies":"Cultist","floor":1,"turns":4},{"damage":0,"enemies":"2 Louse","floor":2,"turns":3},{"damage":0,"enemies":"Small Slimes","floor":4,"turns":3},{"damage":16,"enemies":"Gremlin Nob","floor":7,"turns":3},{"damage":0,"enemies":"Exordium Wildlife","floor":10,"turns":1},{"damage":2,"enemies":"3 Sentries","floor":11,"turns":5},{"damage":1,"enemies":"Blue Slaver","floor":12,"turns":3},{"damage":10,"enemies":"Large Slime","floor":14,"turns":4},{"damage":18,"enemies":"The Guardian","floor":16,"turns":11},{"damage":53,"enemies":"Shell Parasite","floor":18,"turns":7},{"damage":8,"enemies":"Spheric Guardian","floor":20,"turns":3},{"damage":12,"enemies":"Chosen and Byrds","floor":22,"turns":3}],"seed_played":"-1472801273203016854","potions_obtained":[{"floor":1,"key":"AttackPotion"},{"floor":2,"key":"Swift Potion"},{"floor":7,"key":"Regen Potion"},{"floor":14,"key":"Strength Potion"}],"is_trial":false,"path_per_floor":["M","M","?","M","$","R","E","R","T","M","E","M","?","M","R","B",null,"M","T","M","$","M"],"character_chosen":"DEFECT","items_purchased":["Capacitor","Ball Lightning","ClockworkSouvenir"],"campfire_rested":0,"item_purchase_floors":[5,5,21],"current_hp_per_floor":[67,67,60,60,60,60,44,44,44,44,56,55,55,45,45,27,63,10,10,2,2,0],"gold":59,"neow_bonus":"RANDOM_COLORLESS","is_prod":false,"is_daily":false,"chose_seed":false,"campfire_upgraded":3,"win_rate":0,"timestamp":1555049314,"path_taken":["M","?","?","M","$","R","E","R","T","M","E","M","?","M","R","BOSS","M","?","?","?","?"],"build_version":"2019-01-23","purchased_purges":1,"victory":false,"max_hp_per_floor":[75,75,75,75,75,75,75,75,75,75,75,75,75,75,75,75,75,75,75,75,75,75],"card_choices":[{"not_picked":["Stack","Steam"],"picked":"Leap","floor":1},{"not_picked":["Conserve Battery","Turbo"],"picked":"BootSequence","floor":2},{"not_picked":["Glacier","Stack"],"picked":"Sunder","floor":4},{"not_picked":["Turbo","Tempest"],"picked":"Biased Cognition","floor":7},{"not_picked":["Leap","Rebound"],"picked":"Force Field","floor":10},{"not_picked":["Recycle","Blizzard"],"picked":"Aggregate","floor":11},{"not_picked":["FTL","Sweeping Beam"],"picked":"Go for the Eyes","floor":12},{"not_picked":["Scrape","Fusion"],"picked":"Capacitor","floor":14},{"not_picked":["Rainbow","Biased Cognition"],"picked":"Core Surge","floor":16},{"not_picked":["Cold Snap","Go for the Eyes"],"picked":"Turbo+1","floor":18},{"not_picked":["Cold Snap","Go for the Eyes"],"picked":"White Noise","floor":20}],"player_experience":560876,"relics_obtained":[{"floor":7,"key":"Unceasing Top"},{"floor":9,"key":"Torii"},{"floor":11,"key":"Ancient Tea Set"},{"floor":17,"key":"Vajra"},{"floor":17,"key":"Letter Opener"},{"floor":17,"key":"Peace Pipe"},{"floor":19,"key":"War Paint"}],"event_choices":[{"cards_removed":["Defend_B"],"damage_healed":0,"gold_gain":0,"player_choice":"Card Removal","damage_taken":7,"max_hp_gain":0,"max_hp_loss":0,"event_name":"Golden Wing","floor":3,"gold_loss":0},{"damage_healed":0,"gold_gain":0,"player_choice":"2 cards matched","damage_taken":0,"max_hp_gain":0,"max_hp_loss":0,"event_name":"Match and Keep!","floor":13,"gold_loss":0,"cards_obtained":["Enlightenment","Seek"]}],"is_beta":false,"boss_relics":[{"not_picked":["Ectoplasm","Philosopher\u0027s Stone"],"picked":"Calling Bell"}],"items_purged_floors":[21],"is_endless":false,"potions_floor_spawned":[1,2,7,14],"killed_by":"Chosen and Byrds","ascension_level":9}