{"gold_per_floor":[117,192,215,12,25,51,65,76,76,76,87,98,109,140,140,236,236,250,250,250,267,267,267,297,10,10,10,29,45,45,55,55,55],"floor_reached":33,"playtime":1936,"items_purged":[],"score":304,"play_id":"fd6c55a5-8846-49c9-96e6-bf210cbfff70","local_time":"20190227210516","is_ascension_mode":false,"campfire_choices":[{"data":"Seek","floor":15,"key":"SMITH"},{"data":"Darkness","floor":23,"key":"SMITH"},{"floor":27,"key":"REST"},{"floor":32,"key":"REST"}],"neow_cost":"PERCENT_DAMAGE","seed_source_timestamp":959466461117860,"circlet_count":0,"master_deck":["Defend_B","Defend_B","Zap","Dualcast","Darkness+1","Gash","Self Repair","Barrage","Hologram","Sunder","Coolheaded","Gash","Leap","White Noise","Barrage","Barrage","Seek+1","Hyperbeam","Ball Lightning+1","Bite","Bite","Bite","Bite","Bite","Redo","Defend_G","Darkness","Sweeping Beam","Melter","White Noise+1","Leap+1","White Noise"],"relics":["Cracked Core","FossilizedHelix","Pen Nib","Symbiotic Virus","The Courier","Regal Pillow","Runic Pyramid","Unceasing Top","Frozen Egg 2","Thread and Needle"],"potions_floor_usage":[6,12,16,21,24,28,33],"damage_taken":[{"damage":0,"enemies":"Small Slimes","floor":1,"turns":2},{"damage":2,"enemies":"Jaw Worm","floor":5,"turns":3},{"damage":8,"enemies":"Lagavulin","floor":6,"turns":6},{"damage":0,"enemies":"Cultist","floor":7,"turns":3},{"damage":0,"enemies":"Blue Slaver","floor":8,"turns":3},{"damage":0,"enemies":"Large Slime","floor":11,"turns":3},{"damage":0,"enemies":"Lots of Slimes","floor":12,"turns":2},{"damage":0,"enemies":"2 Fungi Beasts","floor":13,"turns":2},{"damage":62,"enemies":"Gremlin Nob","floor":14,"turns":6},{"damage":4,"enemies":"Slime Boss","floor":16,"turns":9},{"damage":10,"enemies":"Spheric Guardian","floor":18,"turns":4},{"damage":0,"enemies":"Chosen","floor":21,"turns":4},{"damage":44,"enemies":"Gremlin Leader","floor":24,"turns":5},{"damage":38,"enemies":"Shelled Parasite and Fungi","floor":28,"turns":4},{"damage":5,"enemies":"Snake Plant","floor":29,"turns":4},{"damage":6,"enemies":"3 Cultists","floor":31,"turns":3},{"damage":46,"enemies":"Champ","floor":33,"turns":8}],"seed_played":"6035293678412819652","potions_obtained":[{"floor":1,"key":"Weak Potion"},{"floor":11,"key":"Poison Potion"},{"floor":14,"key":"PowerPotion"},{"floor":16,"key":"GamblersBrew"},{"floor":18,"key":"GamblersBrew"},{"floor":24,"key":"Energy Potion"},{"floor":29,"key":"Weak Potion"}],"is_trial":false,"path_per_floor":["M","?","T","$","M","E","M","M","T","?","M","M","M","E","R","B",null,"M","?","?","M","?","R","E","$","T","R","M","M","?","M","R","B"],"character_chosen":"DEFECT","items_purchased":["Gash","Self Repair","Barrage","Hologram","Sweeping Beam","Melter","Frozen Egg 2"],"campfire_rested":2,"item_purchase_floors":[4,4,4,4,25,25,25],"current_hp_per_floor":[54,43,43,43,48,47,54,61,61,61,68,68,68,13,13,9,75,72,52,52,52,52,52,14,14,14,44,19,14,5,5,35,1],"gold":55,"neow_bonus":"ONE_RARE_RELIC","is_prod":false,"is_daily":false,"chose_seed":false,"campfire_upgraded":2,"win_rate":0.0,"timestamp":1551323116,"path_taken":["M","?","?","$","M","E","M","M","T","?","?","M","M","E","R","BOSS","M","?","?","?","?","R","E","$","T","R","M","?","?","M","R","BOSS"],"build_version":"2019-01-23","purchased_purges":0,"victory":false,"max_hp_per_floor":[75,75,75,75,75,75,75,75,75,75,75,75,75,75,75,75,75,75,52,52,52,52,52,52,52,52,52,52,52,52,52,52,52],"card_choices":[{"not_picked":["Reinforced Body","Conserve Battery"],"picked":"Darkness","floor":1},{"not_picked":["Steam","Hello World"],"picked":"Sunder","floor":5},{"not_picked":["Stack","Chaos"],"picked":"Coolheaded","floor":6},{"not_picked":["Rebound","Beam Cell"],"picked":"Gash","floor":7},{"not_picked":["Beam Cell","Compile Driver"],"picked":"Leap","floor":8},{"not_picked":["Compile Driver","Multi-Cast"],"picked":"White Noise","floor":11},{"not_picked":["Streamline","Turbo"],"picked":"Barrage","floor":12},{"not_picked":["Blizzard","Rebound"],"picked":"Barrage","floor":13},{"not_picked":["Heatsinks","Skim"],"picked":"Seek","floor":14},{"not_picked":["Meteor Strike","Reboot"],"picked":"Hyperbeam","floor":16},{"not_picked":["Go for the Eyes","Stack"],"picked":"Ball Lightning+1","floor":18},{"not_picked":["Leap+1","Turbo"],"picked":"Redo","floor":21},{"not_picked":["Chaos","Turbo+1"],"picked":"Darkness","floor":24},{"not_picked":["Ball Lightning+1","Gash"],"picked":"White Noise+1","floor":28},{"not_picked":["Thunder Strike","White Noise"],"picked":"Leap+1","floor":29},{"not_picked":["Sweeping Beam","Heatsinks+1"],"picked":"White Noise","floor":31}],"player_experience":99249,"relics_obtained":[{"floor":3,"key":"Pen Nib"},{"floor":6,"key":"Symbiotic Virus"},{"floor":9,"key":"The Courier"},{"floor":14,"key":"Regal Pillow"},{"floor":24,"key":"Unceasing Top"},{"floor":26,"key":"Thread and Needle"}],"event_choices":[{"damage_healed":0,"gold_gain":75,"player_choice":"Gather Gold","damage_taken":11,"max_hp_gain":0,"max_hp_loss":0,"event_name":"World of Goop","floor":2,"gold_loss":0},{"cards_removed":["Strike_B"],"damage_healed":0,"gold_gain":0,"player_choice":"Purged","damage_taken":0,"max_hp_gain":0,"max_hp_loss":0,"event_name":"Purifier","floor":10,"gold_loss":0},{"damage_healed":0,"gold_gain":0,"player_choice":"Became a vampire","damage_taken":0,"max_hp_gain":0,"max_hp_loss":23,"event_name":"Vampires","floor":19,"gold_loss":0,"cards_obtained":["Bite","Bite","Bite","Bite","Bite"]},{"cards_removed":["Defend_B"],"damage_healed":0,"gold_gain":0,"player_choice":"Purged","damage_taken":0,"max_hp_gain":0,"max_hp_loss":0,"event_name":"Purifier","floor":20,"gold_loss":0},{"cards_removed":["Defend_B"],"damage_healed":0,"gold_gain":0,"player_choice":"Took Card","damage_taken":0,"max_hp_gain":0,"max_hp_loss":0,"event_name":"NoteForYourself","floor":22,"gold_loss":0,"cards_obtained":["Defend_G"]},{"damage_healed":0,"gold_gain":0,"player_choice":"Stopped","damage_taken":9,"max_hp_gain":0,"max_hp_loss":0,"event_name":"Cursed Tome","floor":30,"gold_loss":0}],"is_beta":false,"boss_relics":[{"not_picked":["Tiny House","Orrery"],"picked":"Runic Pyramid"}],"items_purged_floors":[],"is_endless":false,"potions_floor_spawned":[1,11,14,16,18,24,29],"killed_by":"Champ","ascension_level":0}