{"path_per_floor":["M","M","$","M","M","R","E","?","T","M","R","$","?","T","R","B",null,"M","$","M","?","M","R","E","M","T","?","M","M","E","M","R","B",null,"M","$","M","?","M","R","E","?","T","M","M","M","R","M","R"],"character_chosen":"DEFECT","items_purchased":["Genetic Algorithm","Swift Strike","Swift Strike"],"gold_per_floor":[110,121,10,30,44,44,79,79,104,115,115,19,19,46,46,150,150,161,68,85,85,95,95,120,137,163,163,181,199,228,238,238,338,338,354,254,270,270,282,282,308,308,363,383,395,405,405,422,422,422],"floor_reached":50,"campfire_rested":5,"playtime":3411,"current_hp_per_floor":[67,63,63,63,57,57,43,28,28,17,39,39,39,39,61,43,75,63,63,60,60,40,62,50,39,39,39,36,27,27,29,51,44,75,58,58,60,60,69,69,56,56,56,52,54,47,69,68,68,0],"items_purged":["Defend_B","Strike_B"],"gold":422,"score":597,"play_id":"9d3a5eea-f55a-4843-a001-aa7edc1e4bc1","local_time":"20180509154042","is_prod":false,"is_daily":false,"chose_seed":false,"is_ascension_mode":true,"campfire_upgraded":3,"timestamp":1525894842,"path_taken":["M","M","$","M","M","R","E","?","T","?","R","$","?","?","R","BOSS","M","$","M","?","M","R","E","M","T","?","M","M","E","M","R","BOSS","M","$","M","?","M","R","E","?","T","M","M","M","R","M","R","BOSS"],"build_version":"2018-05-08","seed_source_timestamp":0,"purchased_purges":2,"victory":false,"master_deck":["Strike_B+1","Zap+1","Dualcast","Double Energy+1","All For One+1","Go for the Eyes+1","Conserve Battery","Genetic Algorithm","Sweeping Beam","Machine Learning+1","Streamline","Swift Strike","Fission","Glacier","White Noise","Chill+1","Skim+1","Steam Power+1","Undo+1","Barrage","Auto Shields","Seek+1","Double Energy+1","Machine Learning+1","Hologram","Barrage+1","Skim"],"max_hp_per_floor":[75,75,75,75,75,75,75,75,75,75,75,75,75,75,75,75,75,75,75,75,75,75,75,75,75,75,75,75,75,75,75,75,75,75,75,75,75,75,75,75,75,75,75,75,75,75,75,75,75,75],"relics":["Astrolabe","Ancient Tea Set","Orichalcum","Anchor","Sozu","Juzu Bracelet","Vajra","Blood Vial","Runic Pyramid","Frozen Egg 2","Dream Catcher"],"card_choices":[{"not_picked":["Consume","Leap"],"picked":"Conserve Battery","floor":2.0},{"not_picked":["Aggregate","Barrage"],"picked":"Sweeping Beam","floor":4.0},{"not_picked":["Cold Snap","Stack"],"picked":"Machine Learning","floor":5.0},{"not_picked":["Turbo","Coolheaded"],"picked":"Streamline","floor":10.0},{"not_picked":["Biased Cognition","Hyperbeam"],"picked":"Fission","floor":16.0},{"not_picked":["Gash","Coolheaded"],"picked":"Glacier","floor":18.0},{"not_picked":["Streamline","Cold Snap"],"picked":"White Noise","floor":20.0},{"not_picked":["BootSequence","Melter"],"picked":"Chill","floor":22.0},{"not_picked":["Ball Lightning","Gash"],"picked":"Skim","floor":24.0},{"not_picked":["Reprogram","Prime"],"picked":"Steam Power","floor":25.0},{"not_picked":["Reinforced Body","Rebound"],"picked":"Undo","floor":28.0},{"not_picked":["Streamline","Leap"],"picked":"Barrage","floor":29.0},{"not_picked":["BootSequence","Fusion"],"picked":"Auto Shields","floor":31.0},{"not_picked":["Reboot","Hyperbeam"],"picked":"Seek","floor":33.0},{"not_picked":["Beam Cell","Heatsinks"],"picked":"Double Energy","floor":37.0},{"not_picked":["Streamline","Aggregate"],"picked":"Machine Learning","floor":41.0},{"not_picked":["Streamline","Steam Power"],"picked":"Hologram","floor":44.0},{"not_picked":["Ball Lightning","Sunder"],"picked":"Barrage","floor":45.0},{"not_picked":["Sweeping Beam","Darkness"],"picked":"Skim","floor":47.0}],"player_experience":58826,"potions_floor_usage":[],"damage_taken":[{"damage":8.0,"enemies":"2 Louse","floor":1.0,"turns":2.0},{"damage":4.0,"enemies":"Jaw Worm","floor":2.0,"turns":2.0},{"damage":0.0,"enemies":"Cultist","floor":4.0,"turns":4.0},{"damage":6.0,"enemies":"Blue Slaver","floor":5.0,"turns":3.0},{"damage":23.0,"enemies":"Gremlin Nob","floor":7.0,"turns":4.0},{"damage":11.0,"enemies":"Exordium Thugs","floor":10.0,"turns":4.0},{"damage":18.0,"enemies":"Hexaghost","floor":16.0,"turns":8.0},{"damage":12.0,"enemies":"Chosen","floor":18.0,"turns":3.0},{"damage":3.0,"enemies":"Spheric Guardian","floor":20.0,"turns":3.0},{"damage":20.0,"enemies":"Cultist and Chosen","floor":22.0,"turns":7.0},{"damage":12.0,"enemies":"Book of Stabbing","floor":24.0,"turns":5.0},{"damage":11.0,"enemies":"Snake Plant","floor":25.0,"turns":5.0},{"damage":3.0,"enemies":"Snecko","floor":28.0,"turns":5.0},{"damage":9.0,"enemies":"Centurion and Healer","floor":29.0,"turns":5.0},{"damage":19.0,"enemies":"Gremlin Leader","floor":30.0,"turns":6.0},{"damage":6.0,"enemies":"Chosen and Byrds","floor":31.0,"turns":6.0},{"damage":22.0,"enemies":"Champ","floor":33.0,"turns":13.0},{"damage":21.0,"enemies":"3 Shapes","floor":35.0,"turns":5.0},{"damage":0.0,"enemies":"Orb Walker","floor":37.0,"turns":3.0},{"damage":0.0,"enemies":"4 Shapes","floor":39.0,"turns":6.0},{"damage":49.0,"enemies":"Nemesis","floor":41.0,"turns":7.0},{"damage":20.0,"enemies":"Maw","floor":44.0,"turns":9.0},{"damage":19.0,"enemies":"Flame Bruiser 2 Orb","floor":45.0,"turns":5.0},{"damage":9.0,"enemies":"Spire Growth","floor":46.0,"turns":5.0},{"damage":3,"enemies":"Maw","floor":48,"turns":8},{"damage":84,"enemies":"Time Eater","floor":50,"turns":11}],"event_choices":[{"event_name":"Shining Light","player_choice":"Entered Light","floor":8.0,"damage_taken":0.0},{"event_name":"Bonfire Elementals","player_choice":"BASIC","floor":13.0,"damage_taken":0.0},{"event_name":"Back to Basics","player_choice":"Elegance","floor":21.0,"damage_taken":0.0},{"event_name":"Ghosts","player_choice":"Ignored","floor":27.0,"damage_taken":0.0},{"event_name":"Mysterious Sphere","player_choice":"Ignore","floor":42.0,"damage_taken":0.0}],"boss_relics":[],"potions_floor_spawned":[2,5,10,18,20,24,31,35,44,48],"seed_played":"8763832222845403988","killed_by":"Time Eater","ascension_level":2,"is_trial":false}