{"gold_per_floor":[110,35,35,51,69,69,81,81,81,81,96,112,142,142,142,243,243,259,259,277,277,355,355,370,382,382,417,28,28,39,74,74,169,169,186,86,86,98,116,116,143,143,143,175,97,110,110,128,128,128],"floor_reached":50,"playtime":2186,"items_purged":["Strike_B","Strike_B"],"score":623,"play_id":"cc8c2d9b-8e29-43fb-859e-5a1a3319d1a6","local_time":"20180806012249","is_ascension_mode":true,"campfire_choices":[{"data":"Zap","floor":6,"key":"SMITH"},{"data":"Machine Learning","floor":8,"key":"SMITH"},{"data":"Force Field","floor":10,"key":"SMITH"},{"floor":15,"key":"REST"},{"data":"Amplify","floor":23,"key":"SMITH"},{"data":"Seek","floor":29,"key":"SMITH"},{"floor":32,"key":"REST"},{"data":"1","floor":40,"key":"LIFT"},{"floor":42,"key":"REST"},{"floor":49,"key":"REST"}],"neow_cost":"TEN_PERCENT_HP_LOSS","seed_source_timestamp":39453664580124,"circlet_count":0,"master_deck":["Defend_B","Defend_B","Defend_B","Zap+1","Dualcast","Doom and Gloom","Machine Learning+1","Force Field+1","Self Repair+1","Defragment+1","Seek+1","Amplify+1","Loop+1","Defragment+1","Storm+1","Glacier","Storm+1","Buffer+1","Defragment+1","Storm+1","Heatsinks+1","Electrodynamics+1"],"relics":["FrozenCore","Frozen Egg 2","Girya","Bronze Scales","Tiny Chest","Bottled Lightning","Dodecahedron","Bottled Tornado","Potion Belt","Fusion Hammer","Mango","Centennial Puzzle","Omamori"],"potions_floor_usage":[7,13,27,46,46,50,50,50,50],"damage_taken":[{"damage":3,"enemies":"Small Slimes","floor":1,"turns":2},{"damage":14,"enemies":"2 Louse","floor":4,"turns":2},{"damage":7,"enemies":"Jaw Worm","floor":5,"turns":3},{"damage":6,"enemies":"Looter","floor":7,"turns":3},{"damage":31,"enemies":"Gremlin Gang","floor":11,"turns":3},{"damage":6,"enemies":"Exordium Thugs","floor":12,"turns":4},{"damage":24,"enemies":"Gremlin Nob","floor":13,"turns":4},{"damage":27,"enemies":"Hexaghost","floor":16,"turns":7},{"damage":1,"enemies":"Spheric Guardian","floor":18,"turns":5},{"damage":14,"enemies":"Shell Parasite","floor":20,"turns":5},{"damage":8,"enemies":"Sentry and Sphere","floor":24,"turns":6},{"damage":1,"enemies":"Snecko","floor":25,"turns":6},{"damage":17,"enemies":"Gremlin Leader","floor":27,"turns":6},{"damage":0,"enemies":"Snake Plant","floor":30,"turns":2},{"damage":19,"enemies":"Book of Stabbing","floor":31,"turns":3},{"damage":40,"enemies":"Champ","floor":33,"turns":7},{"damage":0,"enemies":"Flame Bruiser 1 Orb","floor":35,"turns":2},{"damage":9,"enemies":"3 Darklings","floor":38,"turns":3},{"damage":13,"enemies":"Sphere and 2 Shapes","floor":39,"turns":3},{"damage":27,"enemies":"2 Orb Walkers","floor":41,"turns":3},{"damage":35,"enemies":"Nemesis","floor":44,"turns":5},{"damage":0,"enemies":"Maw","floor":46,"turns":3},{"damage":22,"enemies":"4 Shapes","floor":48,"turns":2},{"damage":95,"enemies":"Awakened One","floor":50,"turns":4}],"seed_played":"2596504165693043748","potions_obtained":[{"floor":5,"key":"Energy Potion"},{"floor":7,"key":"Ancient Potion"},{"floor":11,"key":"SkillPotion"},{"floor":20,"key":"Block Potion"},{"floor":24,"key":"Strength Potion"},{"floor":39,"key":"Energy Potion"},{"floor":41,"key":"Ancient Potion"},{"floor":44,"key":"SteroidPotion"},{"floor":48,"key":"Dexterity Potion"}],"is_trial":false,"path_per_floor":["M","$","?","M","M","R","M","R","T","R","M","M","E","?","R","B",null,"M","?","M","?","T","R","M","M","T","E","$","R","M","E","R","B",null,"M","$","?","M","M","R","E","R","T","E","$","M","?","M","R"],"character_chosen":"DEFECT","items_purchased":["Glacier","Storm+1","Bottled Tornado","Heatsinks+1"],"campfire_rested":4,"item_purchase_floors":[28,28,28,45],"current_hp_per_floor":[65,65,62,48,41,41,45,45,45,45,24,28,14,14,34,17,68,68,68,68,68,68,68,68,68,68,61,61,61,61,42,62,32,68,68,68,68,68,55,55,52,76,76,41,41,51,51,39,63,0],"gold":128,"neow_bonus":"TRANSFORM_TWO_CARDS","is_prod":false,"is_daily":false,"chose_seed":false,"campfire_upgraded":5,"win_rate":0,"timestamp":1533511369,"path_taken":["M","$","?","M","M","R","M","R","T","R","M","M","E","?","R","BOSS","M","?","?","?","?","R","M","M","T","E","$","R","M","E","R","BOSS","M","$","?","M","?","R","E","R","T","E","$","M","?","M","R","BOSS"],"build_version":"2018-08-02","purchased_purges":2,"victory":false,"max_hp_per_floor":[68,68,68,68,68,68,68,68,68,68,68,68,68,68,68,68,68,68,68,68,68,68,68,68,68,68,68,68,68,68,68,68,68,68,68,68,68,68,68,68,82,82,82,82,82,82,82,82,82,82],"card_choices":[{"not_picked":["Beam Cell","Lockon","Ball Lightning"],"picked":"SKIP","floor":1},{"not_picked":["White Noise","Scrape"],"picked":"Force Field","floor":4},{"not_picked":["Ball Lightning","Leap"],"picked":"Self Repair+1","floor":5},{"not_picked":["Leap","Scrape"],"picked":"Defragment+1","floor":7},{"not_picked":["Gash","Compile Driver","Leap"],"picked":"SKIP","floor":11},{"not_picked":["Rebound","All For One","Cold Snap"],"picked":"SKIP","floor":12},{"not_picked":["Conserve Battery","Leap"],"picked":"Seek","floor":13},{"not_picked":["Reboot","Thunder Strike"],"picked":"Amplify","floor":16},{"not_picked":["Redo+1","Turbo+1","Steam Power"],"picked":"SKIP","floor":18},{"not_picked":["Redo","Barrage+1","Static Discharge+1"],"picked":"SKIP","floor":20},{"not_picked":["Redo+1","Beam Cell"],"picked":"Defragment+1","floor":24},{"not_picked":["Hello World+1","Reinforced Body","Undo"],"picked":"SKIP","floor":25},{"not_picked":["Go for the Eyes","Beam Cell"],"picked":"Storm+1","floor":27},{"not_picked":["Aggregate+1","Skim","Gash"],"picked":"SKIP","floor":30},{"not_picked":["Consume+1","Reprogram","Turbo"],"picked":"SKIP","floor":31},{"not_picked":["Core Surge","Hyperbeam"],"picked":"Buffer+1","floor":33},{"not_picked":["Gash+1","Sunder+1","Rebound+1"],"picked":"SKIP","floor":35},{"not_picked":["Hologram+1","Barrage+1","Stack+1"],"picked":"SKIP","floor":38},{"not_picked":["Stack+1","Conserve Battery","Go for the Eyes"],"picked":"SKIP","floor":39},{"not_picked":["Steam Power+1","Core Surge"],"picked":"Defragment+1","floor":41},{"not_picked":["Chaos","Streamline"],"picked":"Storm+1","floor":44},{"not_picked":["Go for the Eyes","Leap+1","Rebound"],"picked":"SKIP","floor":46},{"not_picked":["Reinforced Body","Conserve Battery"],"picked":"Electrodynamics+1","floor":48}],"player_experience":357085,"relics_obtained":[{"floor":9,"key":"Girya"},{"floor":13,"key":"Bronze Scales"},{"floor":22,"key":"Tiny Chest"},{"floor":26,"key":"Bottled Lightning"},{"floor":27,"key":"Dodecahedron"},{"floor":31,"key":"Potion Belt"},{"floor":41,"key":"Mango"},{"floor":43,"key":"Centennial Puzzle"},{"floor":44,"key":"Omamori"}],"event_choices":[{"event_name":"Scrap Ooze","player_choice":"success","floor":3,"damage_taken":3},{"event_name":"Shining Light","player_choice":"Ignored","floor":14,"damage_taken":0},{"event_name":"The Library","player_choice":"Read","floor":19,"damage_taken":0},{"event_name":"Drug Dealer","player_choice":"Ignored","floor":21,"damage_taken":0},{"event_name":"SensoryStone","player_choice":"Memory 1","floor":37,"damage_taken":0},{"event_name":"Falling","player_choice":"Removed Attack","floor":47,"damage_taken":0}],"is_beta":false,"boss_relics":[{"not_picked":["Ectoplasm","Inserter"],"picked":"FrozenCore"},{"not_picked":["Runic Pyramid","Calling Bell"],"picked":"Fusion Hammer"}],"items_purged_floors":[2,36],"is_endless":false,"potions_floor_spawned":[5,7,11,20,24,39,41,44,48],"killed_by":"Awakened One","ascension_level":3}