{"gold_per_floor":[163,11,86,86,11,11,44,44,44,44,64,64,64,79,79,157,157,177,209,209,219,237,237,237],"floor_reached":24,"playtime":600,"items_purged":["Strike_R"],"score":434,"play_id":"f5344056-f972-4dfd-b045-1f83df6e03f7","local_time":"20190403210852","is_ascension_mode":true,"campfire_choices":[{"data":"Searing Blow","floor":6.0,"key":"SMITH"},{"data":"Searing Blow+1","floor":8.0,"key":"SMITH"},{"data":"Searing Blow+2","floor":10.0,"key":"SMITH"},{"data":"Armaments","floor":15.0,"key":"SMITH"},{"data":"Searing Blow+3","floor":23.0,"key":"SMITH"}],"neow_cost":"NONE","seed_source_timestamp":608947955121317,"circlet_count":0,"master_deck":["AscendersBane","Strike_R","Strike_R+1","Strike_R","Strike_R","Defend_R+1","Defend_R","Defend_R+1","Defend_R","Bash","Searing Blow+4","Feed","Feed","Armaments+1","Fiend Fire"],"special_seed":0,"relics":["Tiny House","War Paint","Blue Candle","Question Card","Coffee Dripper","Red Mask"],"potions_floor_usage":[24],"damage_taken":[{"damage":1.0,"enemies":"Cultist","floor":1.0,"turns":3.0},{"damage":32.0,"enemies":"Gremlin Nob","floor":7.0,"turns":4.0},{"damage":4.0,"enemies":"Jaw Worm","floor":11.0,"turns":3.0},{"damage":0.0,"enemies":"2 Louse","floor":14.0,"turns":6.0},{"damage":22.0,"enemies":"Slime Boss","floor":16.0,"turns":7.0},{"damage":0.0,"enemies":"Spheric Guardian","floor":18.0,"turns":3.0},{"damage":35.0,"enemies":"Masked Bandits","floor":19.0,"turns":5.0},{"damage":23.0,"enemies":"3 Byrds","floor":21.0,"turns":7.0},{"damage":25.0,"enemies":"Cultist and Chosen","floor":22.0,"turns":5.0},{"damage":5,"enemies":"Snecko","floor":24,"turns":4}],"seed_played":"143735057367988164","potions_obtained":[{"floor":0.0,"key":"Explosive Potion"},{"floor":7.0,"key":"Explosive Potion"},{"floor":22.0,"key":"Energy Potion"}],"is_trial":false,"path_per_floor":["M","$","?","?","$","R","E","R","T","R","M","?","?","M","R","B",null,"M","?","?","M","M","R","M"],"character_chosen":"IRONCLAD","items_purchased":["Feed"],"campfire_rested":0,"item_purchase_floors":[2],"current_hp_per_floor":[72,72,61,61,61,61,29,29,29,29,28,23,23,29,29,14,76,76,47,47,28,7,7,2],"gold":237,"neow_bonus":"BOSS_RELIC","is_prod":false,"is_daily":false,"chose_seed":false,"campfire_upgraded":5,"win_rate":0,"timestamp":1554296932,"path_taken":["M","?","?","?","$","R","E","R","T","R","M","?","?","M","R","BOSS","M","?","?","M","M","R","M"],"build_version":"2019-01-23","purchased_purges":1,"victory":false,"max_hp_per_floor":[80,80,80,80,80,80,80,80,80,80,83,83,83,89,89,96,96,96,102,102,106,110,110,110],"card_choices":[{"not_picked":["Wild Strike","Twin Strike"],"picked":"Searing Blow","floor":0.0},{"not_picked":["Perfected Strike","Clothesline","Seeing Red"],"picked":"SKIP","floor":1.0},{"not_picked":["Dual Wield","Flex"],"picked":"Feed","floor":7.0},{"not_picked":["Flex","Sentinel","Warcry"],"picked":"SKIP","floor":11.0},{"not_picked":["Pummel","Battle Trance","Corruption"],"picked":"Armaments","floor":14.0},{"not_picked":["Immolate","Exhume","Berserk"],"picked":"Fiend Fire","floor":16.0},{"not_picked":["Anger","Seeing Red","Iron Wave","Sword Boomerang"],"picked":"SKIP","floor":18.0},{"not_picked":["Ghostly Armor","Warcry","Havoc","Metallicize"],"picked":"SKIP","floor":21.0},{"not_picked":["Dual Wield","Rampage","Anger","Iron Wave+1"],"picked":"SKIP","floor":22.0}],"player_experience":1315092,"relics_obtained":[{"floor":7.0,"key":"War Paint"},{"floor":9.0,"key":"Blue Candle"},{"floor":19.0,"key":"Red Mask"}],"event_choices":[{"damage_healed":0.0,"max_hp_gain":0.0,"max_hp_loss":0.0,"gold_gain":75.0,"event_name":"World of Goop","player_choice":"Gather Gold","floor":3.0,"gold_loss":0.0,"damage_taken":11.0},{"damage_healed":0.0,"max_hp_gain":0.0,"max_hp_loss":0.0,"gold_gain":0.0,"event_name":"Shining Light","player_choice":"Ignored","floor":4.0,"gold_loss":0.0,"damage_taken":0.0},{"damage_healed":0.0,"max_hp_gain":0.0,"max_hp_loss":0.0,"gold_gain":0.0,"event_name":"Scrap Ooze","player_choice":"Success","floor":12.0,"gold_loss":0.0,"damage_taken":5.0,"relics_obtained":["Question Card"]},{"damage_healed":0.0,"max_hp_gain":0.0,"max_hp_loss":0.0,"gold_gain":0.0,"event_name":"Liars Game","player_choice":"Ignored","floor":13.0,"gold_loss":0.0,"damage_taken":0.0},{"damage_healed":0.0,"max_hp_gain":0.0,"max_hp_loss":0.0,"gold_gain":0.0,"event_name":"Masked Bandits","player_choice":"Fought Bandits","floor":19.0,"gold_loss":0.0,"damage_taken":0.0},{"damage_healed":0.0,"max_hp_gain":0.0,"max_hp_loss":0.0,"gold_gain":0.0,"event_name":"Cursed Tome","player_choice":"Ignored","floor":20.0,"gold_loss":0.0,"damage_taken":0.0}],"is_beta":false,"boss_relics":[{"not_picked":["Lizard Tail","Runic Cube"],"picked":"Coffee Dripper"}],"items_purged_floors":[5],"is_endless":false,"potions_floor_spawned":[7,14,22],"killed_by":"Snecko","ascension_level":20}