{"gold_per_floor":[118,118,118,134,209,209,248,273,273,87,112,76,112,136,136,259,259,273,37,58,76,91,91,129,129,129,172,196,196,196,196,196,322,322,347,365,365,365,438,438,479,213,213,229,229],"floor_reached":45,"playtime":2944,"items_purged":["Regret","Injury"],"score":695,"play_id":"5370bd80-aa34-4f1c-bb45-ad4cba4160aa","local_time":"20190402121628","is_ascension_mode":true,"campfire_choices":[{"data":"Zap","floor":6,"key":"SMITH"},{"floor":15,"key":"REST"},{"floor":23,"key":"REST"},{"floor":25,"key":"REST"},{"data":"Rainbow","floor":29,"key":"SMITH"},{"data":"Sunder","floor":32,"key":"SMITH"},{"data":"Self Repair","floor":40,"key":"SMITH"}],"neow_cost":"NONE","seed_source_timestamp":1738279545850274,"circlet_count":0,"master_deck":["Defend_B","Defend_B","Defend_B","Defend_B","Zap+1","Dualcast","Conserve Battery","Coolheaded","Gash","Sweeping Beam","Sunder+1","Static Discharge","Rebound","Self Repair+1","Genetic Algorithm","Core Surge","Force Field+1","All For One","Rainbow+1","Doom and Gloom","Conserve Battery+1","Stack+1","Creative AI","White Noise","Heatsinks+1","Bite","Bite","Bite","Bite","Bite","Electrodynamics","Discovery+1","Chrysalis","Panache","Undo+1"],"relics":["Cracked Core","NeowsBlessing","Golden Idol","Bronze Scales","Kunai","Cables","Art of War","Snecko Eye","Omamori","Orichalcum","Smiling Mask","Busted Crown","Toxic Egg 2","Shuriken","War Paint"],"potions_floor_usage":[13,16,21,24,28,28,33,36,45],"damage_taken":[{"damage":0,"enemies":"Small Slimes","floor":1,"turns":1},{"damage":0,"enemies":"Jaw Worm","floor":4,"turns":1},{"damage":0,"enemies":"Lagavulin","floor":7,"turns":1},{"damage":7,"enemies":"2 Louse","floor":8,"turns":3},{"damage":4,"enemies":"Looter","floor":11,"turns":2},{"damage":44,"enemies":"Gremlin Nob","floor":13,"turns":4},{"damage":3,"enemies":"2 Fungi Beasts","floor":14,"turns":3},{"damage":19,"enemies":"The Guardian","floor":16,"turns":8},{"damage":49,"enemies":"2 Thieves","floor":18,"turns":5},{"damage":6,"enemies":"Shell Parasite","floor":20,"turns":4},{"damage":31,"enemies":"Snake Plant","floor":21,"turns":4},{"damage":10,"enemies":"Shelled Parasite and Fungi","floor":22,"turns":4},{"damage":15,"enemies":"Gremlin Leader","floor":24,"turns":6},{"damage":9,"enemies":"Slavers","floor":27,"turns":6},{"damage":8,"enemies":"Centurion and Healer","floor":28,"turns":4},{"damage":30,"enemies":"Collector","floor":33,"turns":8},{"damage":19,"enemies":"3 Darklings","floor":35,"turns":3},{"damage":7,"enemies":"Orb Walker","floor":36,"turns":3},{"damage":2,"enemies":"Reptomancer","floor":41,"turns":6},{"damage":24,"enemies":"Writhing Mass","floor":44,"turns":4},{"damage":56,"enemies":"Giant Head","floor":45,"turns":7}],"seed_played":"-7830968908413680653","potions_obtained":[{"floor":8,"key":"Ancient Potion"},{"floor":13,"key":"Ancient Potion"},{"floor":14,"key":"FearPotion"},{"floor":18,"key":"Regen Potion"},{"floor":24,"key":"GamblersBrew"},{"floor":27,"key":"Dexterity Potion"},{"floor":28,"key":"Weak Potion"},{"floor":33,"key":"Ancient Potion"},{"floor":41,"key":"Dexterity Potion"},{"floor":44,"key":"Fire Potion"}],"is_trial":false,"path_per_floor":["M","?","?","M","?","R","E","M","T","$","M","$","E","M","R","B",null,"M","$","M","M","M","R","E","R","T","E","M","R","?","?","R","B",null,"M","M","?","?","T","R","E","$","T","M","E"],"character_chosen":"DEFECT","items_purchased":["Sunder","Static Discharge","Self Repair","All For One","Rainbow","War Paint","Undo+1"],"campfire_rested":3,"item_purchase_floors":[10,10,12,19,19,42,42],"current_hp_per_floor":[75,75,75,75,64,64,64,57,57,57,53,53,16,20,42,30,64,22,22,23,11,8,30,22,44,44,42,34,34,34,34,34,19,44,32,31,31,21,21,21,37,37,37,21,0],"gold":229,"neow_bonus":"THREE_ENEMY_KILL","is_prod":false,"is_daily":false,"chose_seed":false,"campfire_upgraded":4,"win_rate":0,"timestamp":1554232588,"path_taken":["M","?","?","M","?","R","E","M","T","?","M","?","E","?","R","BOSS","M","$","M","M","M","R","E","R","T","E","M","R","?","?","R","BOSS","M","M","?","?","?","R","E","$","T","?","E"],"build_version":"2019-01-23","purchased_purges":2,"victory":false,"max_hp_per_floor":[75,75,75,75,75,75,75,75,75,75,75,75,75,75,75,75,75,75,75,75,75,75,75,75,75,75,75,75,75,75,52,52,52,52,52,52,52,52,52,52,52,52,52,52,52],"card_choices":[{"not_picked":["Cold Snap","Rebound"],"picked":"Conserve Battery","floor":1},{"not_picked":["Fusion","Beam Cell"],"picked":"Coolheaded","floor":4},{"not_picked":["Multi-Cast","Conserve Battery"],"picked":"Gash","floor":7},{"not_picked":["Hologram","Undo"],"picked":"Sweeping Beam","floor":8},{"not_picked":["Hello World","Reinforced Body"],"picked":"Rebound","floor":11},{"not_picked":["Steam","Sunder"],"picked":"Genetic Algorithm","floor":13},{"not_picked":["Undo","Fusion"],"picked":"Biased Cognition","floor":14},{"not_picked":["Machine Learning","Biased Cognition"],"picked":"Core Surge","floor":16},{"not_picked":["Reprogram","Gash"],"picked":"Force Field+1","floor":18},{"not_picked":["Reprogram","Beam Cell"],"picked":"Doom and Gloom","floor":20},{"not_picked":["Genetic Algorithm","Coolheaded"],"picked":"Conserve Battery","floor":21},{"not_picked":["Genetic Algorithm","Coolheaded"],"picked":"Stack+1","floor":22},{"not_picked":["Turbo+1","BootSequence"],"picked":"Creative AI","floor":24},{"not_picked":["Rebound","Capacitor"],"picked":"White Noise","floor":27},{"not_picked":["Beam Cell","Chaos"],"picked":"Heatsinks+1","floor":28},{"not_picked":["Fission","Creative AI"],"picked":"Electrodynamics","floor":33},{"not_picked":["Go for the Eyes+1"],"picked":"SKIP","floor":35},{"not_picked":["Cold Snap"],"picked":"SKIP","floor":36},{"not_picked":[],"picked":"Discovery","floor":38},{"not_picked":[],"picked":"Chrysalis","floor":38},{"not_picked":[],"picked":"Panache","floor":38},{"not_picked":["Beam Cell"],"picked":"SKIP","floor":41},{"not_picked":["Redo+1"],"picked":"SKIP","floor":44}],"player_experience":463903,"relics_obtained":[{"floor":7,"key":"Kunai"},{"floor":9,"key":"Cables"},{"floor":13,"key":"Art of War"},{"floor":24,"key":"Omamori"},{"floor":26,"key":"Orichalcum"},{"floor":27,"key":"Smiling Mask"},{"floor":39,"key":"Toxic Egg 2"},{"floor":41,"key":"Shuriken"}],"event_choices":[{"damage_healed":0,"gold_gain":0,"player_choice":"Take Wound","damage_taken":0,"relics_obtained":["Golden Idol"],"max_hp_gain":0,"max_hp_loss":0,"event_name":"Golden Idol","floor":2,"gold_loss":0,"cards_obtained":["Injury"]},{"damage_healed":0,"gold_gain":0,"player_choice":"Box","damage_taken":0,"relics_obtained":["Bronze Scales"],"max_hp_gain":0,"max_hp_loss":0,"event_name":"Big Fish","floor":3,"gold_loss":0,"cards_obtained":["Regret"]},{"damage_healed":0,"gold_gain":75,"player_choice":"Gather Gold","damage_taken":11,"max_hp_gain":0,"max_hp_loss":0,"event_name":"World of Goop","floor":5,"gold_loss":0},{"damage_healed":0,"gold_gain":0,"player_choice":"Ignored","damage_taken":0,"max_hp_gain":0,"max_hp_loss":0,"event_name":"Ghosts","floor":30,"gold_loss":0},{"damage_healed":0,"gold_gain":0,"player_choice":"Became a vampire","damage_taken":0,"max_hp_gain":0,"max_hp_loss":23,"event_name":"Vampires","floor":31,"gold_loss":0,"cards_obtained":["Bite","Bite","Bite","Bite","Bite"]},{"cards_removed":["Biased Cognition"],"damage_healed":0,"gold_gain":0,"player_choice":"Removed Power","damage_taken":0,"max_hp_gain":0,"max_hp_loss":0,"event_name":"Falling","floor":37,"gold_loss":0},{"damage_healed":0,"gold_gain":0,"player_choice":"Memory 3","damage_taken":10,"max_hp_gain":0,"max_hp_loss":0,"event_name":"SensoryStone","floor":38,"gold_loss":0}],"is_beta":false,"boss_relics":[{"not_picked":["Runic Pyramid","Runic Dome"],"picked":"Snecko Eye"},{"not_picked":["Lizard Tail","Philosopher\u0027s Stone"],"picked":"Busted Crown"}],"items_purged_floors":[10,42],"is_endless":false,"potions_floor_spawned":[8,13,14,18,24,27,28,33,41,44],"killed_by":"Giant Head","ascension_level":5}