{"gold_per_floor":[115,115,138,23,43,43,43,62,62,74,86,112,123,123,123,199,199,155,77,77,77,96,96,127,127,183,213,213,225,237,2,2,78,78,96,96,114,114,126,126,137,162,186,186,186,197,214,231,231,231,231,231,231,78,109,109],"floor_reached":57,"playtime":3795,"items_purged":["Turbo","Defend_B"],"score":2698,"play_id":"679434a2-3cc5-4682-9678-95fc3952721b","local_time":"20190319161135","is_ascension_mode":true,"campfire_choices":[{"data":"Defragment","floor":6.0,"key":"SMITH"},{"data":"Coolheaded","floor":15.0,"key":"SMITH"},{"data":"Blizzard","floor":23.0,"key":"SMITH"},{"data":"Dualcast","floor":25.0,"key":"SMITH"},{"data":"Fusion","floor":28.0,"key":"SMITH"},{"data":"Coolheaded","floor":32.0,"key":"SMITH"},{"data":"Impatience","floor":40.0,"key":"SMITH"},{"floor":44.0,"key":"REST"},{"floor":49.0,"key":"RECALL"},{"data":"Defragment","floor":53.0,"key":"SMITH"}],"neow_cost":"PERCENT_DAMAGE","seed_source_timestamp":0,"circlet_count":0,"master_deck":["AscendersBane","Defend_B","Defend_B","Dualcast+1","Glacier","FTL","Defragment+1","Blizzard+1","Biased Cognition","Ball Lightning","Coolheaded+1","Cold Snap","Amplify","Glacier+1","Multi-Cast+1","Seek+1","Compile Driver","BootSequence","Turbo+1","Capacitor","Fusion+1","Coolheaded+1","Capacitor","Defragment+1","Undo","Meteor Strike","Barrage+1","Impatience+1","Master of Strategy","Panacea","Undo","Aggregate","Recycle","Creative AI"],"special_seed":0,"relics":["Cracked Core","Unceasing Top","Omamori","Dodecahedron","Sundial","Emotion Chip","Astrolabe","Darkstone Periapt","Tiny Chest","Dream Catcher","Nuclear Battery","Turnip","FaceOfCleric","Strawberry"],"potions_floor_usage":[56,56],"damage_taken":[{"damage":3.0,"enemies":"2 Louse","floor":1.0,"turns":3.0},{"damage":2.0,"enemies":"Jaw Worm","floor":5.0,"turns":4.0},{"damage":0.0,"enemies":"Cultist","floor":8.0,"turns":3.0},{"damage":17.0,"enemies":"Lots of Slimes","floor":10.0,"turns":5.0},{"damage":2.0,"enemies":"Blue Slaver","floor":11.0,"turns":2.0},{"damage":0.0,"enemies":"Gremlin Nob","floor":12.0,"turns":5.0},{"damage":0.0,"enemies":"Looter","floor":13.0,"turns":4.0},{"damage":10.0,"enemies":"Hexaghost","floor":16.0,"turns":11.0},{"damage":4.0,"enemies":"2 Thieves","floor":18.0,"turns":5.0},{"damage":0.0,"enemies":"Shell Parasite","floor":22.0,"turns":8.0},{"damage":0.0,"enemies":"Gremlin Leader","floor":24.0,"turns":4.0},{"damage":1.0,"enemies":"Book of Stabbing","floor":27.0,"turns":5.0},{"damage":5.0,"enemies":"Shelled Parasite and Fungi","floor":29.0,"turns":4.0},{"damage":3.0,"enemies":"Cultist and Chosen","floor":30.0,"turns":8.0},{"damage":29.0,"enemies":"Automaton","floor":33.0,"turns":10.0},{"damage":7.0,"enemies":"3 Darklings","floor":35.0,"turns":5.0},{"damage":9.0,"enemies":"Orb Walker","floor":37.0,"turns":3.0},{"damage":0.0,"enemies":"Writhing Mass","floor":39.0,"turns":9.0},{"damage":0.0,"enemies":"Maw","floor":41.0,"turns":10.0},{"damage":25.0,"enemies":"Reptomancer","floor":42.0,"turns":9.0},{"damage":2.0,"enemies":"4 Shapes","floor":46.0,"turns":7.0},{"damage":0.0,"enemies":"Transient","floor":47.0,"turns":6.0},{"damage":0.0,"enemies":"Spire Growth","floor":48.0,"turns":6.0},{"damage":9.0,"enemies":"Awakened One","floor":50.0,"turns":14.0},{"damage":18.0,"enemies":"Time Eater","floor":51.0,"turns":13.0},{"damage":22.0,"enemies":"Shield and Spear","floor":55.0,"turns":14.0},{"damage":41,"enemies":"The Heart","floor":56,"turns":14}],"seed_played":"-3949915545390007437","potions_obtained":[{"floor":1.0,"key":"SpeedPotion"},{"floor":11.0,"key":"Energy Potion"},{"floor":12.0,"key":"Block Potion"},{"floor":16.0,"key":"PowerPotion"},{"floor":24.0,"key":"Weak Potion"},{"floor":27.0,"key":"EssenceOfSteel"},{"floor":29.0,"key":"EssenceOfSteel"},{"floor":35.0,"key":"FocusPotion"},{"floor":39.0,"key":"FearPotion"},{"floor":47.0,"key":"LiquidBronze"},{"floor":55.0,"key":"Dexterity Potion"}],"is_trial":false,"path_per_floor":["M","?","T","$","M","R","?","M","T","M","M","E","M","?","R","B",null,"M","$","?","?","M","R","E","R","T","E","R","M","M","$","R","B",null,"M","?","M","?","M","R","M","E","T","R","?","M","M","M","R","B","B",null,"R","$","E","B",null],"character_chosen":"DEFECT","items_purchased":["Defragment","Blizzard","BootSequence","Defragment","Undo","AttackPotion"],"campfire_rested":1,"item_purchase_floors":[4,4,19,31,31,54],"current_hp_per_floor":[43,43,43,43,41,41,41,41,41,24,22,22,22,15,15,5,55,51,51,51,51,51,51,51,51,51,50,50,45,42,42,42,13,57,50,40,31,31,31,31,31,6,6,27,27,26,27,28,28,20,3,58,58,58,44,4],"gold":109,"neow_bonus":"ONE_RARE_RELIC","is_prod":false,"is_daily":false,"chose_seed":false,"campfire_upgraded":8,"win_rate":0,"timestamp":1552983095,"path_taken":["M","?","?","$","M","R","?","M","T","?","?","E","M","?","R","BOSS","M","$","?","?","M","R","E","R","T","E","R","M","M","$","R","BOSS","M","?","M","?","?","R","M","E","T","R","?","M","M","M","R","BOSS","BOSS","R","$","E","BOSS"],"build_version":"2019-01-23","purchased_purges":2,"victory":true,"max_hp_per_floor":[71,71,71,71,71,71,71,71,71,71,71,71,71,71,71,71,71,71,71,71,71,71,71,71,71,71,71,71,71,71,71,71,71,71,71,71,71,71,71,71,71,71,71,71,71,72,73,74,74,75,76,76,76,76,84,85],"card_choices":[{"not_picked":["Hologram","Scrape"],"picked":"Glacier","floor":1.0},{"not_picked":["Rebound","Hologram"],"picked":"Biased Cognition","floor":5.0},{"not_picked":["Glacier","Self Repair"],"picked":"Ball Lightning","floor":8.0},{"not_picked":["Sweeping Beam","Redo"],"picked":"Coolheaded","floor":10.0},{"not_picked":["Loop","Glacier"],"picked":"Cold Snap","floor":11.0},{"not_picked":["Redo","Reboot"],"picked":"Coolheaded","floor":12.0},{"not_picked":["Stack","Sweeping Beam"],"picked":"Turbo","floor":13.0},{"not_picked":["Hyperbeam","Machine Learning"],"picked":"Amplify","floor":16.0},{"not_picked":["Blizzard+1","Cold Snap"],"picked":"Compile Driver","floor":18.0},{"not_picked":["Beam Cell","Redo"],"picked":"Turbo+1","floor":22.0},{"not_picked":["Sunder","Sweeping Beam"],"picked":"Capacitor","floor":24.0},{"not_picked":["Auto Shields","Conserve Battery"],"picked":"Fusion","floor":27.0},{"not_picked":["Rip and Tear","Cold Snap"],"picked":"Coolheaded","floor":29.0},{"not_picked":["Force Field","Steam"],"picked":"Capacitor","floor":30.0},{"not_picked":["Multi-Cast","Fission"],"picked":"Meteor Strike","floor":33.0},{"not_picked":["Stack","Cold Snap+1"],"picked":"Barrage+1","floor":35.0},{"not_picked":["Flash of Steel","Transmutation"],"picked":"Impatience","floor":36.0},{"not_picked":["Forethought","Transmutation"],"picked":"Master of Strategy","floor":36.0},{"not_picked":["Master of Strategy","PanicButton"],"picked":"Panacea","floor":36.0},{"not_picked":["Static Discharge","Conserve Battery","Gash"],"picked":"SKIP","floor":37.0},{"not_picked":["Leap","Defragment"],"picked":"Undo","floor":39.0},{"not_picked":["Leap+1","Defragment","Beam Cell"],"picked":"SKIP","floor":41.0},{"not_picked":["BootSequence","Compile Driver","Rebound"],"picked":"SKIP","floor":42.0},{"not_picked":["Glacier+1","Leap"],"picked":"Aggregate","floor":44.0},{"not_picked":["Fusion","Blizzard","Turbo"],"picked":"SKIP","floor":46.0},{"not_picked":["Melter","Streamline+1"],"picked":"Recycle","floor":47.0},{"not_picked":["Rebound","Blizzard+1","Steam"],"picked":"SKIP","floor":48.0},{"not_picked":["Steam+1","Redo"],"picked":"Creative AI","floor":55.0}],"player_experience":1217647,"relics_obtained":[{"floor":3.0,"key":"Omamori"},{"floor":9.0,"key":"Sundial"},{"floor":12.0,"key":"Emotion Chip"},{"floor":24.0,"key":"Darkstone Periapt"},{"floor":26.0,"key":"Tiny Chest"},{"floor":27.0,"key":"Dream Catcher"},{"floor":42.0,"key":"Turnip"},{"floor":55.0,"key":"Strawberry"}],"event_choices":[{"damage_healed":0.0,"max_hp_gain":0.0,"max_hp_loss":0.0,"gold_gain":0.0,"cards_transformed":["Strike_B"],"event_name":"Living Wall","player_choice":"Change","floor":2.0,"gold_loss":0.0,"damage_taken":0.0,"cards_obtained":["FTL"]},{"damage_healed":0.0,"max_hp_gain":0.0,"max_hp_loss":0.0,"gold_gain":0.0,"event_name":"WeMeetAgain","player_choice":"Gave Potion","floor":7.0,"gold_loss":0.0,"damage_taken":0.0,"relics_obtained":["Dodecahedron"]},{"cards_removed":["Strike_B"],"damage_healed":0.0,"max_hp_gain":0.0,"max_hp_loss":0.0,"gold_gain":0.0,"event_name":"Golden Wing","player_choice":"Card Removal","floor":14.0,"gold_loss":0.0,"damage_taken":7.0},{"damage_healed":0.0,"max_hp_gain":0.0,"max_hp_loss":0.0,"gold_gain":0.0,"event_name":"Cursed Tome","player_choice":"Ignored","floor":20.0,"gold_loss":0.0,"damage_taken":0.0},{"cards_removed":["Defend_B"],"damage_healed":0.0,"max_hp_gain":0.0,"max_hp_loss":0.0,"gold_gain":0.0,"event_name":"Back to Basics","player_choice":"Elegance","floor":21.0,"gold_loss":0.0,"damage_taken":0.0},{"damage_healed":0.0,"max_hp_gain":0.0,"max_hp_loss":0.0,"gold_gain":0.0,"event_name":"SensoryStone","player_choice":"Memory 3","floor":36.0,"gold_loss":0.0,"damage_taken":10.0},{"cards_removed":["Zap"],"damage_healed":0.0,"max_hp_gain":0.0,"max_hp_loss":0.0,"gold_gain":0.0,"event_name":"Purifier","player_choice":"Purged","floor":38.0,"gold_loss":0.0,"damage_taken":0.0},{"damage_healed":0.0,"max_hp_gain":0.0,"max_hp_loss":0.0,"gold_gain":0.0,"event_name":"FaceTrader","player_choice":"Trade","floor":45.0,"gold_loss":0.0,"damage_taken":0.0,"relics_obtained":["FaceOfCleric"]}],"is_beta":false,"boss_relics":[{"not_picked":["Busted Crown","Black Star"],"picked":"Astrolabe"},{"not_picked":["Coffee Dripper","Fusion Hammer"],"picked":"Nuclear Battery"}],"items_purged_floors":[31,54],"is_endless":false,"potions_floor_spawned":[1,11,12,16,24,27,29,35,39,47,55],"ascension_level":20}