{"gold_per_floor":[118,393,413,74,89,117,131,131,131,149,177,191,191,208,208,285,285,299,163,163,182,9,9,40,40,112,12,37,37,68,79,79,156,156,172,172,190,190,290,290,69,69,69,69,87,107,28,0,0,0],"floor_reached":51,"playtime":1774,"items_purged":["Regret"],"score":1423,"play_id":"d8d0d4a6-0e08-4771-9014-f5719d03c00f","local_time":"20181119085827","is_ascension_mode":true,"campfire_choices":[{"data":"Flex","floor":13.0,"key":"SMITH"},{"data":"Perfected Strike","floor":15.0,"key":"SMITH"},{"data":"Heavy Blade","floor":23.0,"key":"SMITH"},{"data":"Dark Embrace","floor":25.0,"key":"SMITH"},{"data":"Infernal Blade","floor":29.0,"key":"SMITH"},{"data":"Twin Strike","floor":32.0,"key":"SMITH"},{"data":"Corruption","floor":40,"key":"SMITH"},{"data":"Whirlwind","floor":42,"key":"SMITH"},{"data":"Seeing Red","floor":44,"key":"SMITH"},{"data":"Feel No Pain","floor":49,"key":"SMITH"}],"neow_cost":"NONE","seed_source_timestamp":0,"circlet_count":0,"master_deck":["AscendersBane","Strike_R","Strike_R","Strike_R","Strike_R","Strike_R","Defend_R","Defend_R","Defend_R","Bash","Perfected Strike+1","Flex+1","Cleave","Whirlwind+1","Seeing Red+1","Anger","Pummel","Offering","Twin Strike+1","Dark Embrace+1","Infernal Blade+1","Twin Strike","Shrug It Off","Heavy Blade+1","Good Instincts","Offering","Feed","Flex+1","Swift Strike","Disarm+1","Corruption+1","Reaper","True Grit+1","Feel No Pain+1"],"special_seed":0,"relics":["Burning Blood","Centennial Puzzle","Paper Frog","Shuriken","Bottled Lightning","Matryoshka","Orrery","Meat on the Bone","PreservedInsect","Bottled Flame","Lantern","Champion Belt","Philosopher\u0027s Stone","Torii","Chemical X","Dodecahedron","Vajra","Red Mask"],"potions_floor_usage":[46,50],"damage_taken":[{"damage":8.0,"enemies":"2 Louse","floor":1.0,"turns":3.0},{"damage":8.0,"enemies":"Cultist","floor":3.0,"turns":3.0},{"damage":2.0,"enemies":"Jaw Worm","floor":5.0,"turns":3.0},{"damage":25.0,"enemies":"3 Sentries","floor":6.0,"turns":6.0},{"damage":20.0,"enemies":"Gremlin Gang","floor":7.0,"turns":3.0},{"damage":10.0,"enemies":"Exordium Thugs","floor":10.0,"turns":4.0},{"damage":40.0,"enemies":"Lagavulin","floor":11.0,"turns":7.0},{"damage":0.0,"enemies":"Exordium Wildlife","floor":12.0,"turns":1.0},{"damage":8.0,"enemies":"3 Louse","floor":14.0,"turns":4.0},{"damage":6.0,"enemies":"Slime Boss","floor":16.0,"turns":6.0},{"damage":6.0,"enemies":"Shell Parasite","floor":18.0,"turns":1.0},{"damage":17.0,"enemies":"Spheric Guardian","floor":21.0,"turns":3.0},{"damage":12.0,"enemies":"Gremlin Leader","floor":24.0,"turns":4.0},{"damage":6.0,"enemies":"Slavers","floor":28.0,"turns":2.0},{"damage":15.0,"enemies":"Book of Stabbing","floor":30.0,"turns":2.0},{"damage":6.0,"enemies":"Snecko","floor":31.0,"turns":3.0},{"damage":52.0,"enemies":"Champ","floor":33.0,"turns":8.0},{"damage":26.0,"enemies":"3 Shapes","floor":35.0,"turns":4.0},{"damage":2,"enemies":"3 Darklings","floor":37,"turns":3},{"damage":12,"enemies":"Mind Bloom Boss Battle","floor":39,"turns":2},{"damage":32,"enemies":"Writhing Mass","floor":45,"turns":3},{"damage":12,"enemies":"Transient","floor":46,"turns":5},{"damage":37,"enemies":"Time Eater","floor":50,"turns":5}],"seed_played":"-4545147783345640111","potions_obtained":[{"floor":3.0,"key":"Regen Potion"},{"floor":5.0,"key":"AttackPotion"},{"floor":11.0,"key":"FearPotion"},{"floor":16.0,"key":"GamblersBrew"},{"floor":24.0,"key":"Swift Potion"},{"floor":28.0,"key":"GamblersBrew"},{"floor":31.0,"key":"Explosive Potion"},{"floor":33.0,"key":"PowerPotion"},{"floor":35.0,"key":"Energy Potion"}],"is_trial":false,"path_per_floor":["M","?","M","$","M","E","M","?","T","M","E","M","R","M","R","B",null,"M","$","?","M","$","R","E","R","T","$","E","R","E","M","R","B",null,"M","?","M","$","?","R","$","R","T","R","M","M","$","?","R","B",null],"character_chosen":"IRONCLAD","items_purchased":["Paper Frog","Heavy Blade","Good Instincts","Feed","Swift Strike","Chemical X","Feel No Pain"],"campfire_rested":0,"item_purchase_floors":[4,19,19,22,27,41,47],"current_hp_per_floor":[66,66,64,64,68,49,35,75,75,71,37,43,43,41,41,41,67,67,67,67,56,56,56,62,62,62,62,65,65,59,59,59,25,67,50,50,64,64,76,76,76,76,76,76,56,62,62,62,62,52],"gold":0,"neow_bonus":"RANDOM_COMMON_RELIC","is_prod":false,"is_daily":false,"chose_seed":false,"campfire_upgraded":10,"win_rate":0,"timestamp":1542635907,"path_taken":["M","?","?","$","M","E","M","?","T","M","E","?","R","M","R","BOSS","M","$","?","M","$","R","E","R","T","?","E","R","E","M","R","BOSS","M","?","M","$","?","R","?","R","T","R","M","?","$","?","R","BOSS"],"build_version":"2018-11-15","purchased_purges":1,"victory":true,"max_hp_per_floor":[75,75,75,75,75,75,75,75,75,75,75,75,75,75,75,75,75,75,75,75,75,75,75,75,75,75,75,78,78,81,81,81,81,81,84,84,84,84,87,87,87,87,87,87,87,87,87,87,87,87],"card_choices":[{"not_picked":["Wild Strike","Reckless Charge"],"picked":"Perfected Strike","floor":1.0},{"not_picked":["Burning Pact","Seeing Red"],"picked":"Flex","floor":3.0},{"not_picked":["Searing Blow","Reckless Charge"],"picked":"Cleave","floor":5.0},{"not_picked":["Seeing Red","Thunderclap"],"picked":"Whirlwind","floor":6.0},{"not_picked":["Iron Wave","Rupture"],"picked":"Seeing Red","floor":7.0},{"not_picked":["Intimidate","Rage"],"picked":"Anger","floor":10.0},{"not_picked":["Headbutt","Shrug It Off"],"picked":"Pummel","floor":11.0},{"not_picked":["Uppercut","Clash"],"picked":"Offering","floor":12.0},{"not_picked":["Hemokinesis","Shrug It Off"],"picked":"Twin Strike","floor":14.0},{"not_picked":["Feed","Impervious"],"picked":"Dark Embrace","floor":16.0},{"not_picked":["Headbutt","Seeing Red"],"picked":"Infernal Blade","floor":17.0},{"not_picked":["Searing Blow","Evolve"],"picked":"Twin Strike","floor":17.0},{"not_picked":["Dual Wield","Clash"],"picked":"Shrug It Off","floor":17.0},{"not_picked":["Juggernaut","Shrug It Off","Pommel Strike"],"picked":"SKIP","floor":18.0},{"not_picked":["Dual Wield","Pommel Strike","Clash"],"picked":"SKIP","floor":21.0},{"not_picked":["Iron Wave","Heavy Blade"],"picked":"Flex+1","floor":24.0},{"not_picked":["Clash","Perfected Strike+1","Heavy Blade"],"picked":"SKIP","floor":28.0},{"not_picked":["Entrench","Power Through"],"picked":"Disarm+1","floor":30.0},{"not_picked":["Perfected Strike","True Grit"],"picked":"Corruption","floor":31.0},{"not_picked":["Feed","Offering"],"picked":"Reaper","floor":33.0},{"not_picked":["Ghostly Armor","Clothesline+1","Whirlwind"],"picked":"SKIP","floor":35.0},{"not_picked":["Body Slam","Entrench","Iron Wave"],"picked":"SKIP","floor":37},{"not_picked":["Iron Wave","Pommel Strike"],"picked":"True Grit+1","floor":45},{"not_picked":["Clash+1","Anger","Burning Pact"],"picked":"SKIP","floor":46}],"player_experience":744349,"relics_obtained":[{"floor":6.0,"key":"Shuriken"},{"floor":9.0,"key":"Bottled Lightning"},{"floor":11.0,"key":"Matryoshka"},{"floor":24.0,"key":"Meat on the Bone"},{"floor":26.0,"key":"PreservedInsect"},{"floor":26.0,"key":"Bottled Flame"},{"floor":28.0,"key":"Lantern"},{"floor":30.0,"key":"Champion Belt"},{"floor":39,"key":"Torii"},{"floor":43,"key":"Dodecahedron"},{"floor":43,"key":"Vajra"}],"event_choices":[{"damage_healed":0.0,"max_hp_gain":0.0,"max_hp_loss":0.0,"gold_gain":275.0,"event_name":"Golden Shrine","player_choice":"Desecrate","floor":2.0,"gold_loss":0.0,"damage_taken":0.0,"cards_obtained":["Regret"]},{"damage_healed":40.0,"max_hp_gain":0.0,"max_hp_loss":0.0,"gold_gain":0.0,"event_name":"Wheel of Change","player_choice":"Full Heal","floor":8.0,"gold_loss":0.0,"damage_taken":0.0},{"damage_healed":0.0,"max_hp_gain":0.0,"max_hp_loss":0.0,"gold_gain":0.0,"event_name":"Duplicator","player_choice":"Copied","floor":20.0,"gold_loss":0.0,"damage_taken":0.0,"cards_obtained":["Offering"]},{"cards_removed":["Defend_R"],"damage_healed":0.0,"max_hp_gain":0.0,"max_hp_loss":0.0,"gold_gain":0.0,"event_name":"Falling","player_choice":"Removed Skill","floor":36.0,"gold_loss":0.0,"damage_taken":0.0},{"damage_healed":0,"gold_gain":0,"player_choice":"Fight","damage_taken":0,"max_hp_gain":0,"max_hp_loss":0,"event_name":"MindBloom","floor":39,"gold_loss":0},{"damage_healed":0,"gold_gain":0,"player_choice":"Paid","damage_taken":0,"relics_obtained":["Red Mask"],"max_hp_gain":0,"max_hp_loss":0,"event_name":"Tomb of Lord Red Mask","floor":48,"gold_loss":28}],"is_beta":false,"boss_relics":[{"not_picked":["Empty Cage","Runic Pyramid"],"picked":"Orrery"},{"not_picked":["Sozu","Lizard Tail"],"picked":"Philosopher\u0027s Stone"}],"items_purged_floors":[4],"is_endless":false,"potions_floor_spawned":[3,5,11,12,16,24,28,31,33,35],"ascension_level":16}