{"path_per_floor":["M","$","M","M","$","E","M","R","T","E","M","M","E","M","R","B",null,"M","?","?","M","M","M","$","R","T","R","M","R","M","T","R","B",null,"M","M","?","M","$","R","E","?","T","R","M","$","M","E","R","B"],"character_chosen":"IRONCLAD","items_purchased":["Flex","Whirlwind","Master of Strategy","Twin Strike+1","BloodPotion","Trip"],"gold_per_floor":[111,66,82,96,14,43,58,58,58,93,108,118,148,161,161,256,256,271,300,215,228,243,260,16,16,16,16,31,31,48,122,122,221,221,237,251,251,262,262,262,295,295,349,349,361,181,191,218,218,218],"floor_reached":51,"campfire_rested":0,"playtime":1457,"item_purchase_floors":[2,5,24,24,46,46],"current_hp_per_floor":[72,72,72,66,66,52,52,52,62,60,66,75,81,90,90,41,105,103,108,108,105,108,108,108,108,108,108,111,111,111,111,111,22,115,115,115,115,113,113,113,111,111,118,118,126,126,122,126,126,96],"items_purged":[],"gold":218,"score":932,"play_id":"9b4c49e1-c9a0-4b9f-bc67-e69d7a9a06b2","local_time":"20180607152325","is_prod":false,"is_daily":false,"chose_seed":false,"is_ascension_mode":true,"campfire_upgraded":9,"win_rate":0,"timestamp":1528399405,"campfire_choices":[{"data":"Whirlwind","floor":8,"key":"SMITH"},{"data":"Flex","floor":15,"key":"SMITH"},{"data":"Limit Break","floor":25,"key":"SMITH"},{"data":"Spot Weakness","floor":27,"key":"SMITH"},{"data":"Feed","floor":29,"key":"SMITH"},{"data":"Master of Strategy","floor":32,"key":"SMITH"},{"data":"Limit Break","floor":40,"key":"SMITH"},{"data":"Dark Shackles","floor":44,"key":"SMITH"},{"data":"Trip","floor":49,"key":"SMITH"}],"path_taken":["M","$","M","M","$","E","M","R","T","E","M","M","E","M","R","BOSS","M","?","?","?","M","?","$","R","T","R","M","R","M","?","R","BOSS","M","?","?","M","$","R","E","?","T","R","M","$","M","E","R","BOSS"],"build_version":"2018-06-06","seed_source_timestamp":73357630754045,"purchased_purges":0,"victory":true,"master_deck":["Strike_R","Strike_R","Strike_R","Strike_R","Strike_R","Defend_R","Defend_R","Defend_R","Defend_R","Bash","Cleave","Flex+1","Pommel Strike","Spot Weakness+1","Whirlwind+1","Battle Trance","Feed+1","Pummel+1","Limit Break+1","Thunderclap+1","Heavy Blade+1","Thunderclap+1","Master of Strategy+1","Twin Strike+1","Writhe","Limit Break+1","Flex+1","Dark Shackles+1","Trip+1"],"max_hp_per_floor":[72,72,72,72,72,86,86,86,96,96,96,99,99,102,102,105,105,108,108,108,108,108,108,108,108,108,108,111,111,115,115,115,115,115,115,115,115,115,115,115,115,115,122,122,126,126,126,126,126,126],"relics":["Black Blood","Gambling Chip","Mango","Pear","Shuriken","Molten Egg 2","Cursed Key","Red Mask","Pen Nib","Omamori","Bottled Lightning","Darkstone Periapt","Strawberry","Bronze Scales"],"card_choices":[{"not_picked":["Headbutt","Shrug It Off"],"picked":"Cleave","floor":1},{"not_picked":["Clash","Corruption"],"picked":"Pommel Strike","floor":3},{"not_picked":["Disarm","Sever Soul"],"picked":"Spot Weakness","floor":4},{"not_picked":["Cleave","Juggernaut"],"picked":"Battle Trance","floor":6},{"not_picked":["Anger","Perfected Strike","Shrug It Off"],"picked":"SKIP","floor":7},{"not_picked":["Corruption","True Grit"],"picked":"Feed","floor":10},{"not_picked":["Perfected Strike","Warcry","Clothesline"],"picked":"SKIP","floor":11},{"not_picked":["Power Through","Wild Strike","Burning Pact"],"picked":"SKIP","floor":12},{"not_picked":["Shockwave","Headbutt"],"picked":"Pummel","floor":13},{"not_picked":["Wild Strike+1","Searing Blow+1","Warcry"],"picked":"SKIP","floor":14},{"not_picked":["Barricade","Dark Embrace"],"picked":"Limit Break","floor":16},{"not_picked":["Whirlwind+1","Sword Boomerang+1"],"picked":"Thunderclap+1","floor":18},{"not_picked":["Dropkick+1","Clothesline+1"],"picked":"Heavy Blade+1","floor":19},{"not_picked":["Anger+1","Wild Strike+1"],"picked":"Thunderclap+1","floor":21},{"not_picked":["Carnage+1","Whirlwind+1","Pommel Strike+1"],"picked":"SKIP","floor":22},{"not_picked":["Clothesline+1","Headbutt+1","Intimidate"],"picked":"SKIP","floor":23},{"not_picked":["Warcry","Whirlwind+1","Clothesline+1"],"picked":"SKIP","floor":28},{"not_picked":["Whirlwind+1","Combust","Warcry"],"picked":"SKIP","floor":30},{"not_picked":["Immolate+1","Barricade"],"picked":"Limit Break","floor":33},{"not_picked":["Second Wind","Combust","Evolve+1"],"picked":"SKIP","floor":35},{"not_picked":["Whirlwind+1","Searing Blow+1","Clothesline+1"],"picked":"SKIP","floor":36},{"not_picked":["Infernal Blade+1","Anger+1","Dropkick+1"],"picked":"SKIP","floor":38},{"not_picked":["Twin Strike+1","Hemokinesis+1","Shrug It Off+1"],"picked":"SKIP","floor":41},{"not_picked":["Flash of Steel+1","Deep Breath"],"picked":"Dark Shackles","floor":42},{"not_picked":["Clash+1","Blood for Blood+1","Power Through"],"picked":"SKIP","floor":45},{"not_picked":["Perfected Strike+1","Flex","Twin Strike+1"],"picked":"SKIP","floor":47},{"not_picked":["Thunderclap+1","Evolve","Dropkick+1"],"picked":"SKIP","floor":48}],"player_experience":157366,"potions_floor_usage":[6,10,13,16,18,30,30,33,47,48,50],"damage_taken":[{"damage":1,"enemies":"Cultist","floor":1,"turns":3},{"damage":0,"enemies":"Small Slimes","floor":3,"turns":2},{"damage":12,"enemies":"Jaw Worm","floor":4,"turns":2},{"damage":34,"enemies":"Lagavulin","floor":6,"turns":6},{"damage":6,"enemies":"3 Louse","floor":7,"turns":2},{"damage":8,"enemies":"3 Sentries","floor":10,"turns":3},{"damage":0,"enemies":"Lots of Slimes","floor":11,"turns":1},{"damage":0,"enemies":"Gremlin Gang","floor":12,"turns":2},{"damage":0,"enemies":"Gremlin Nob","floor":13,"turns":2},{"damage":0,"enemies":"Exordium Wildlife","floor":14,"turns":2},{"damage":58,"enemies":"The Guardian","floor":16,"turns":6},{"damage":11,"enemies":"2 Thieves","floor":18,"turns":2},{"damage":0,"floor":19,"turns":2},{"damage":9,"enemies":"Shell Parasite","floor":21,"turns":2},{"damage":0,"enemies":"Centurion and Healer","floor":22,"turns":2},{"damage":6,"enemies":"Sentry and Sphere","floor":23,"turns":3},{"damage":0,"enemies":"3 Cultists","floor":28,"turns":2},{"damage":10,"enemies":"Centurion and Healer","floor":30,"turns":3},{"damage":95,"enemies":"Champ","floor":33,"turns":7},{"damage":3,"enemies":"Orb Walker","floor":35,"turns":2},{"damage":0,"enemies":"3 Darklings","floor":36,"turns":1},{"damage":12,"enemies":"Spire Growth","floor":38,"turns":2},{"damage":12,"enemies":"2 Orb Walkers","floor":41,"turns":3},{"damage":0,"enemies":"Sphere and 2 Shapes","floor":45,"turns":2},{"damage":14,"enemies":"3 Darklings","floor":47,"turns":3},{"damage":0,"enemies":"Giant Head","floor":48,"turns":3},{"damage":40,"enemies":"Time Eater","floor":50,"turns":3}],"relics_obtained":[{"floor":6,"key":"Mango"},{"floor":9,"key":"Pear"},{"floor":10,"key":"Shuriken"},{"floor":13,"key":"Molten Egg 2"},{"floor":19,"key":"Red Mask"},{"floor":26,"key":"Omamori"},{"floor":31,"key":"Bottled Lightning"},{"floor":41,"key":"Darkstone Periapt"},{"floor":43,"key":"Strawberry"},{"floor":48,"key":"Bronze Scales"}],"event_choices":[{"event_name":"Masked Bandits","player_choice":"Fought over 271 gold","floor":19,"damage_taken":0},{"event_name":"Addict","player_choice":"Obtained Relic","floor":20,"damage_taken":0},{"event_name":"Duplicator","player_choice":"One dupe","floor":37,"damage_taken":0},{"event_name":"SensoryStone","player_choice":"Memory 1","floor":42,"damage_taken":0}],"boss_relics":[{"not_picked":["Tiny House","Lizard Tail"],"picked":"Cursed Key"},{"not_picked":["Runic Pyramid","White Beast Statue"],"picked":"Black Blood"}],"items_purged_floors":[],"potions_floor_spawned":[4,7,10,11,13,16,21,23,28,41,45,48],"seed_played":"8800889935033102841","ascension_level":2,"potions_obtained":[{"floor":4,"key":"Block Potion"},{"floor":7,"key":"AttackPotion"},{"floor":10,"key":"Explosive Potion"},{"floor":11,"key":"AttackPotion"},{"floor":13,"key":"LiquidBronze"},{"floor":16,"key":"Fire Potion"},{"floor":21,"key":"Weak Potion"},{"floor":23,"key":"AttackPotion"},{"floor":41,"key":"Energy Potion"},{"floor":45,"key":"Strength Potion"},{"floor":48,"key":"SteroidPotion"}],"is_trial":false}