{"gold_per_floor":[15,15,15,32,44,44,44,44,70,84,84,105,105,149,149,277,277,293,308,53,76,56,56,77,77,101,16,16,16,37,53,53,173,173,193,5,5,18,18,18,49,0,27,39],"floor_reached":44,"playtime":1803,"items_purged":["Defend_B"],"score":545,"play_id":"1bbac4d0-c614-4ebe-a947-f978be9e2ac3","local_time":"20180808005206","is_ascension_mode":true,"campfire_choices":[{"data":"Zap","floor":6,"key":"SMITH"},{"data":"Dualcast","floor":8,"key":"SMITH"},{"floor":15,"key":"REST"},{"data":"1","floor":23,"key":"LIFT"},{"floor":25,"key":"REST"},{"data":"2","floor":28,"key":"LIFT"},{"floor":32,"key":"REST"},{"data":"3","floor":40,"key":"LIFT"}],"neow_cost":"NO_GOLD","seed_source_timestamp":38637427823878,"circlet_count":0,"master_deck":["Strike_B","Strike_B","Strike_B","Defend_B","Defend_B","Zap+1","Dualcast+1","Gash","Steam","Gash","Buffer","Glacier","Scrape","Rebound","Echo Form","Reboot","Self Repair","Scrape"],"relics":["Cracked Core","Ginger","Strawberry","Golden Idol","Girya","Fusion Hammer","Lee\u0027s Waffle","Dream Catcher","Pen Nib","Busted Crown","Boot","Red Mask","MawBank"],"potions_floor_usage":[14,14,18,21,33,41,41,44],"damage_taken":[{"damage":7,"enemies":"Jaw Worm","floor":1,"turns":3},{"damage":2,"enemies":"2 Louse","floor":4,"turns":3},{"damage":0,"enemies":"Cultist","floor":5,"turns":3},{"damage":2,"enemies":"2 Fungi Beasts","floor":10,"turns":3},{"damage":0,"enemies":"3 Louse","floor":12,"turns":3},{"damage":15,"enemies":"Lagavulin","floor":14,"turns":5},{"damage":31,"enemies":"The Guardian","floor":16,"turns":12},{"damage":29,"enemies":"3 Byrds","floor":18,"turns":6},{"damage":1,"enemies":"Shell Parasite","floor":19,"turns":9},{"damage":9,"enemies":"Chosen and Byrds","floor":21,"turns":6},{"damage":33,"enemies":"Slaver and Parasite","floor":24,"turns":8},{"damage":4,"enemies":"Cultist and Chosen","floor":30,"turns":7},{"damage":21,"enemies":"Snecko","floor":31,"turns":6},{"damage":73,"enemies":"Champ","floor":33,"turns":9},{"damage":0,"enemies":"Flame Bruiser 1 Orb","floor":35,"turns":6},{"damage":1,"enemies":"3 Shapes","floor":38,"turns":3},{"damage":46,"enemies":"2 Orb Walkers","floor":41,"turns":5},{"damage":21,"enemies":"Flame Bruiser 2 Orb","floor":44,"turns":2}],"seed_played":"-7444038044142573003","potions_obtained":[{"floor":4,"key":"Poison Potion"},{"floor":12,"key":"SteroidPotion"},{"floor":13,"key":"Explosive Potion"},{"floor":14,"key":"PowerPotion"},{"floor":19,"key":"AttackPotion"},{"floor":21,"key":"FairyPotion"},{"floor":22,"key":"GamblersBrew"},{"floor":33,"key":"FearPotion"},{"floor":35,"key":"Swift Potion"}],"is_trial":false,"path_per_floor":["M","$","?","M","M","R","?","R","T","M","?","M","?","E","R","B",null,"M","M","$","M","?","R","M","R","T","?","R","$","M","M","R","B",null,"M","$","?","M","?","R","E","?","T"],"character_chosen":"DEFECT","items_purchased":["Rebound","Lee\u0027s Waffle","Self Repair","Scrape"],"campfire_rested":3,"item_purchase_floors":[20,20,36,36],"current_hp_per_floor":[68,68,61,59,59,59,59,59,66,64,64,64,64,49,71,40,67,38,37,83,74,74,74,41,65,65,65,65,65,61,40,64,8,64,64,64,54,53,53,53,14,14,14,0],"gold":39,"neow_bonus":"ONE_RARE_RELIC","is_prod":false,"is_daily":false,"chose_seed":false,"campfire_upgraded":2,"win_rate":0,"timestamp":1533682326,"path_taken":["M","$","?","M","M","R","?","R","T","M","?","?","?","E","R","BOSS","M","M","$","M","?","R","M","R","T","?","R","?","M","M","R","BOSS","M","$","?","M","?","R","E","?","T","M"],"build_version":"2018-08-02","purchased_purges":1,"victory":false,"max_hp_per_floor":[75,75,75,75,75,75,75,75,82,82,76,76,76,76,76,76,76,76,76,83,83,83,83,83,83,83,83,83,83,83,83,83,83,83,83,83,83,83,83,83,83,83,83,83],"card_choices":[{"not_picked":["Stack","Cold Snap","Recycle"],"picked":"SKIP","floor":1},{"not_picked":["Recycle","Turbo","Stack"],"picked":"SKIP","floor":4},{"not_picked":["Steam","Barrage","White Noise"],"picked":"SKIP","floor":5},{"not_picked":["Leap","Rebound"],"picked":"Gash","floor":10},{"not_picked":["Genetic Algorithm","Meteor Strike"],"picked":"Steam","floor":12},{"not_picked":["Hologram","Self Repair"],"picked":"Gash","floor":14},{"not_picked":["Meteor Strike","Multi-Cast"],"picked":"Buffer","floor":16},{"not_picked":["Sunder","Go for the Eyes"],"picked":"Glacier","floor":18},{"not_picked":["Beam Cell","Ball Lightning+1"],"picked":"Scrape","floor":19},{"not_picked":["FTL","Cold Snap","Sweeping Beam"],"picked":"SKIP","floor":21},{"not_picked":["Streamline","Coolheaded","Steam Power"],"picked":"SKIP","floor":24},{"not_picked":["Force Field","Turbo"],"picked":"Echo Form","floor":30},{"not_picked":["Stack","Leap","Barrage"],"picked":"SKIP","floor":31},{"not_picked":["Fission","Multi-Cast"],"picked":"Reboot","floor":33},{"not_picked":["Storm"],"picked":"SKIP","floor":35},{"not_picked":["Conserve Battery"],"picked":"SKIP","floor":38},{"not_picked":["Aggregate+1"],"picked":"SKIP","floor":41}],"player_experience":386940,"relics_obtained":[{"floor":9,"key":"Strawberry"},{"floor":14,"key":"Girya"},{"floor":26,"key":"Dream Catcher"},{"floor":41,"key":"Boot"},{"floor":43,"key":"MawBank"}],"event_choices":[{"event_name":"Golden Wing","player_choice":"Card Removal","floor":3,"damage_taken":0},{"event_name":"Liars Game","player_choice":"disagreed","floor":7,"damage_taken":0},{"event_name":"Golden Idol","player_choice":"Lose Max HP","floor":11,"damage_taken":0},{"event_name":"The Lab","player_choice":"Got Potions","floor":13,"damage_taken":0},{"event_name":"The Woman in Blue","player_choice":"Bought 1 Potion","floor":22,"damage_taken":0},{"event_name":"Addict","player_choice":"Obtained Relic","floor":27,"damage_taken":0},{"event_name":"SensoryStone","player_choice":"Memory 3","floor":37,"damage_taken":0},{"event_name":"Falling","player_choice":"Removed Skill","floor":39,"damage_taken":0},{"event_name":"Tomb of Lord Red Mask","player_choice":"Paid","floor":42,"damage_taken":0}],"is_beta":false,"boss_relics":[{"not_picked":["Ectoplasm","Eternal Feather"],"picked":"Fusion Hammer"},{"not_picked":["Snecko Eye","Runic Pyramid"],"picked":"Busted Crown"}],"items_purged_floors":[36],"is_endless":false,"potions_floor_spawned":[4,12,14,19,21,33,35],"killed_by":"Flame Bruiser 2 Orb","ascension_level":5}