{"gold_per_floor":[117,117,132,150,160,185,204,16,16,35,35],"floor_reached":11,"playtime":948,"items_purged":[],"score":77,"play_id":"4288d082-fe8e-41e6-ac60-d74ed729c734","local_time":"20190505160715","is_ascension_mode":false,"campfire_choices":[],"neow_cost":"TEN_PERCENT_HP_LOSS","seed_source_timestamp":18727464532059,"circlet_count":0,"master_deck":["Strike_R","Strike_R","Strike_R","Defend_R","Defend_R","Defend_R","Defend_R","Bash","Clothesline","Disarm","Warcry","Armaments","Corruption","Juggernaut","Mayhem","Shockwave"],"relics":["Burning Blood","Bottled Flame"],"potions_floor_usage":[6,10,11],"damage_taken":[{"damage":0,"enemies":"Small Slimes","floor":1,"turns":4},{"damage":4,"enemies":"Cultist","floor":3,"turns":3},{"damage":5,"enemies":"2 Louse","floor":4,"turns":3},{"damage":27,"enemies":"Large Slime","floor":5,"turns":7},{"damage":19,"enemies":"Lagavulin","floor":6,"turns":7},{"damage":1,"enemies":"Exordium Wildlife","floor":7,"turns":4},{"damage":37,"enemies":"Gremlin Gang","floor":10,"turns":6},{"damage":13,"enemies":"3 Sentries","floor":11,"turns":2}],"seed_played":"-7692267914241489410","potions_obtained":[{"floor":3,"key":"Poison Potion"},{"floor":6,"key":"EssenceOfSteel"},{"floor":7,"key":"Block Potion"},{"floor":10,"key":"SteroidPotion"}],"is_trial":false,"path_per_floor":["M","?","M","M","M","E","M","$","T","M","E"],"character_chosen":"IRONCLAD","items_purchased":["Mayhem"],"campfire_rested":0,"item_purchase_floors":[8],"current_hp_per_floor":[72,72,72,72,51,38,43,43,43,12,0],"gold":35,"neow_bonus":"REMOVE_TWO","is_prod":false,"is_daily":false,"chose_seed":false,"campfire_upgraded":0,"win_rate":0,"timestamp":1557090435,"path_taken":["M","?","M","M","?","E","M","$","T","M","E"],"build_version":"2019-01-23","purchased_purges":0,"victory":false,"max_hp_per_floor":[72,72,72,72,72,72,72,72,72,72,72],"card_choices":[{"not_picked":["Perfected Strike","Seeing Red"],"picked":"Clothesline","floor":1},{"not_picked":["Havoc","Headbutt"],"picked":"Disarm","floor":3},{"not_picked":["Clothesline","Power Through"],"picked":"Warcry","floor":4},{"not_picked":["Havoc","Burning Pact"],"picked":"Armaments","floor":5},{"not_picked":["Power Through","Clothesline"],"picked":"Corruption","floor":6},{"not_picked":["Metallicize","Armaments"],"picked":"Juggernaut","floor":7},{"not_picked":["Wild Strike","Body Slam"],"picked":"Shockwave","floor":10}],"player_experience":266574,"relics_obtained":[{"floor":6,"key":"Bottled Flame"}],"event_choices":[{"damage_healed":0,"gold_gain":0,"player_choice":"Bought 0 Potions","damage_taken":0,"max_hp_gain":0,"max_hp_loss":0,"event_name":"The Woman in Blue","floor":2,"gold_loss":0}],"is_beta":false,"boss_relics":[],"items_purged_floors":[],"is_endless":false,"potions_floor_spawned":[3,6,7,10],"killed_by":"3 Sentries","ascension_level":0}