{"gold_per_floor":[111,111,125,125,142,168,178,206,206,206,206],"floor_reached":11,"playtime":865,"items_purged":[],"score":83,"play_id":"caa6c054-2245-4866-bde8-02adfb87bf75","local_time":"20190416185745","is_ascension_mode":false,"campfire_choices":[{"floor":10,"key":"RECALL"}],"neow_cost":"PERCENT_DAMAGE","seed_source_timestamp":505580703249554,"circlet_count":0,"master_deck":["Strike_R","Strike_R","Strike_R+1","Defend_R","Defend_R","Defend_R","Defend_R","Bash","Pummel","Inflame","Armaments+1","Regret","Iron Wave+1","Iron Wave","Entrench","Headbutt","Entrench"],"relics":["Burning Blood","Mummified Hand","Whetstone","Paper Frog"],"potions_floor_usage":[8,11],"damage_taken":[{"damage":1,"enemies":"Jaw Worm","floor":1,"turns":3},{"damage":8,"enemies":"2 Louse","floor":3,"turns":3},{"damage":2,"enemies":"Small Slimes","floor":5,"turns":3},{"damage":49,"enemies":"3 Sentries","floor":6,"turns":13},{"damage":2,"enemies":"3 Louse","floor":7,"turns":4},{"damage":20,"enemies":"Lagavulin","floor":8,"turns":6},{"damage":29,"enemies":"Gremlin Gang","floor":11,"turns":3}],"seed_played":"-762303987572660280","potions_obtained":[{"floor":3,"key":"BloodPotion"},{"floor":6,"key":"LiquidBronze"},{"floor":7,"key":"Swift Potion"},{"floor":8,"key":"EssenceOfSteel"}],"is_trial":false,"path_per_floor":["M","?","M","?","M","E","M","E","T","R","M"],"character_chosen":"IRONCLAD","items_purchased":[],"campfire_rested":0,"item_purchase_floors":[],"current_hp_per_floor":[61,61,59,59,63,20,24,18,18,18,0],"gold":206,"neow_bonus":"TRANSFORM_TWO_CARDS","is_prod":false,"is_daily":false,"chose_seed":false,"campfire_upgraded":0,"win_rate":0,"timestamp":1555459065,"path_taken":["M","?","M","?","M","E","M","E","T","R","M"],"build_version":"2019-01-23","purchased_purges":0,"victory":false,"max_hp_per_floor":[80,80,80,80,80,80,80,80,80,80,80],"card_choices":[{"not_picked":["Shrug It Off","Cleave"],"picked":"Armaments","floor":1},{"not_picked":["Power Through","Feel No Pain"],"picked":"Iron Wave","floor":3},{"not_picked":["Uppercut","Shrug It Off"],"picked":"Iron Wave","floor":5},{"not_picked":["Impervious","Exhume"],"picked":"Entrench","floor":6},{"not_picked":["Sever Soul","Hemokinesis"],"picked":"Headbutt","floor":7},{"not_picked":["Clothesline","Clash"],"picked":"Entrench","floor":8}],"player_experience":205831,"relics_obtained":[{"floor":6,"key":"Whetstone"},{"floor":8,"key":"Paper Frog"}],"event_choices":[{"damage_healed":0,"gold_gain":0,"player_choice":"Box","damage_taken":0,"relics_obtained":["Mummified Hand"],"max_hp_gain":0,"max_hp_loss":0,"event_name":"Big Fish","floor":2,"gold_loss":0,"cards_obtained":["Regret"]},{"damage_healed":0,"gold_gain":0,"player_choice":"Grow","damage_taken":0,"max_hp_gain":0,"max_hp_loss":0,"event_name":"Living Wall","floor":4,"gold_loss":0,"cards_upgraded":["Armaments"]}],"is_beta":false,"boss_relics":[],"items_purged_floors":[],"is_endless":false,"potions_floor_spawned":[3,6,7,8],"killed_by":"Gremlin Gang","ascension_level":0}