{"gold_per_floor":[363,363,15,30,50,50,82,82,82,82,116,131,41,68,68,168,168,186,90,101,117,117,117,144,164,164,164,164,192,227,227],"floor_reached":31,"playtime":1199,"items_purged":["Strike_B"],"score":396,"play_id":"9a5d195f-414b-41bd-84a0-5f88295f2421","local_time":"20180912065824","is_ascension_mode":true,"campfire_choices":[{"data":"Gash","floor":6,"key":"SMITH"},{"floor":8,"key":"REST"},{"data":"Defragment","floor":10,"key":"SMITH"},{"data":"Trip","floor":15,"key":"SMITH"},{"data":"Electrodynamics","floor":23,"key":"SMITH"}],"neow_cost":"PERCENT_DAMAGE","seed_source_timestamp":1038531717516218,"circlet_count":0,"master_deck":["Strike_B","Strike_B","Strike_B","Defend_B","Defend_B","Defend_B","Defend_B","Zap","Dualcast","Conserve Battery+1","Ball Lightning","Gash+1","Defragment+1","Sweeping Beam","Trip+1","Electrodynamics+1","Loop","Beam Cell","Glacier+1","Gash","Double Energy","Machine Learning","Ball Lightning+1"],"relics":["Cracked Core","Pocketwatch","Meat on the Bone","Happy Flower","Smiling Mask","Boot","Nuclear Battery","Bottled Lightning","Gremlin Horn","WingedGreaves","Red Mask"],"potions_floor_usage":[16,18,20,21,24,28,30],"damage_taken":[{"damage":0,"enemies":"2 Louse","floor":1,"turns":2},{"damage":0,"enemies":"Jaw Worm","floor":4,"turns":2},{"damage":0,"enemies":"Cultist","floor":5,"turns":3},{"damage":20,"enemies":"3 Sentries","floor":7,"turns":5},{"damage":8,"enemies":"Gremlin Nob","floor":11,"turns":3},{"damage":11,"enemies":"Exordium Wildlife","floor":12,"turns":4},{"damage":20,"enemies":"3 Sentries","floor":14,"turns":5},{"damage":21,"enemies":"Slime Boss","floor":16,"turns":8},{"damage":9,"enemies":"Shell Parasite","floor":18,"turns":4},{"damage":9,"enemies":"Chosen","floor":20,"turns":4},{"damage":0,"enemies":"3 Cultists","floor":21,"turns":4},{"damage":10,"enemies":"Slavers","floor":24,"turns":3},{"damage":8,"enemies":"Cultist and Chosen","floor":25,"turns":5},{"damage":9,"enemies":"Centurion and Healer","floor":28,"turns":4},{"damage":15,"enemies":"Gremlin Leader","floor":29,"turns":4},{"damage":39,"enemies":"Masked Bandits","floor":30,"turns":4},{"damage":19,"enemies":"Snake Plant","floor":31,"turns":2}],"seed_played":"6002144758467045872","potions_obtained":[{"floor":5,"key":"Ancient Potion"},{"floor":12,"key":"SmokeBomb"},{"floor":14,"key":"Swift Potion"},{"floor":16,"key":"Swift Potion"},{"floor":18,"key":"SkillPotion"},{"floor":20,"key":"Swift Potion"},{"floor":21,"key":"Swift Potion"}],"is_trial":false,"path_per_floor":["M","?","$","M","M","R","E","R","T","R","E","M","$","E","R","B",null,"M","$","M","M","?","R","E","M","T","?","M","E","?"],"character_chosen":"DEFECT","items_purchased":["Pocketwatch","Ball Lightning","Trip","Beam Cell"],"campfire_rested":1,"item_purchase_floors":[3,3,13,19],"current_hp_per_floor":[50,50,50,50,50,50,30,52,52,52,44,45,45,37,37,28,63,54,54,45,45,70,70,60,52,52,45,48,45,18,0],"gold":227,"neow_bonus":"TWO_FIFTY_GOLD","is_prod":false,"is_daily":false,"chose_seed":false,"campfire_upgraded":4,"win_rate":0,"timestamp":1536749904,"path_taken":["M","?","$","M","M","R","E","R","T","R","E","M","$","E","R","BOSS","M","$","M","?","?","R","E","M","T","?","M","E","?","M"],"build_version":"2018-09-06","purchased_purges":1,"victory":false,"max_hp_per_floor":[75,75,75,75,75,75,75,75,75,75,75,75,75,75,75,75,75,75,75,75,75,75,75,75,75,75,75,75,75,75,75],"card_choices":[{"not_picked":["Turbo","Coolheaded"],"picked":"Conserve Battery","floor":1},{"not_picked":["Scrape","Barrage","Heatsinks"],"picked":"SKIP","floor":4},{"not_picked":["Streamline","Hello World"],"picked":"Gash","floor":5},{"not_picked":["Ball Lightning","Streamline"],"picked":"Defragment","floor":7},{"not_picked":["Streamline","Leap"],"picked":"Sweeping Beam","floor":11},{"not_picked":["Undo","Reprogram","Darkness"],"picked":"SKIP","floor":12},{"not_picked":["Melter","Redo","Sunder"],"picked":"SKIP","floor":14},{"not_picked":["Fission","Amplify"],"picked":"Electrodynamics","floor":16},{"not_picked":["Ball Lightning","Sweeping Beam"],"picked":"Loop","floor":18},{"not_picked":["Stack","Coolheaded"],"picked":"Glacier+1","floor":20},{"not_picked":["Stack+1","Heatsinks","Beam Cell"],"picked":"SKIP","floor":21},{"not_picked":["Multi-Cast","Tempest"],"picked":"Gash","floor":24},{"not_picked":["Leap","Cold Snap"],"picked":"Double Energy","floor":25},{"not_picked":["Beam Cell","Barrage"],"picked":"Machine Learning","floor":29},{"not_picked":["Static Discharge","Consume"],"picked":"Ball Lightning+1","floor":30}],"player_experience":521552,"relics_obtained":[{"floor":7,"key":"Meat on the Bone"},{"floor":9,"key":"Happy Flower"},{"floor":11,"key":"Smiling Mask"},{"floor":14,"key":"Boot"},{"floor":24,"key":"Bottled Lightning"},{"floor":26,"key":"Gremlin Horn"},{"floor":29,"key":"WingedGreaves"},{"floor":30,"key":"Red Mask"}],"event_choices":[{"event_name":"Living Wall","player_choice":"Grow","floor":2,"damage_taken":0},{"event_name":"The Library","player_choice":"Heal","floor":22,"damage_taken":0},{"event_name":"Wheel of Change","player_choice":"Damage","floor":27,"damage_taken":0},{"event_name":"Masked Bandits","player_choice":"Fought Bandits","floor":30,"damage_taken":0}],"is_beta":false,"boss_relics":[{"not_picked":["FrozenCore","Snecko Eye"],"picked":"Nuclear Battery"}],"items_purged_floors":[19],"is_endless":false,"potions_floor_spawned":[5,12,14,16,18,20,21],"killed_by":"Snake Plant","ascension_level":7}