{"gold_per_floor":[110,185,185,198,198,198,231,246,246,265,214,258,258,271,271,397,397,421,421,546,546,567,601,561,592,617,162,40,40,58,83,83,202,202,220,345,366,366,336,336,379,393,393,414,437,113,133,167,179,191,203,215,2,41,41],"floor_reached":55,"playtime":3266,"items_purged":["Parasite"],"score":930,"play_id":"3a3bc339-19e8-41d3-bfe9-987129e8e877","local_time":"20190427193834","is_ascension_mode":true,"campfire_choices":[{"data":"1","floor":6.0,"key":"LIFT"},{"data":"2","floor":13.0,"key":"LIFT"},{"data":"3","floor":15.0,"key":"LIFT"},{"floor":32,"key":"REST"},{"floor":40,"key":"RECALL"},{"data":"Adrenaline","floor":49,"key":"SMITH"},{"data":"Storm of Steel","floor":52,"key":"SMITH"}],"neow_cost":"NONE","seed_source_timestamp":9890486483100,"circlet_count":0,"master_deck":["Defend_G","Defend_G","Defend_G","Defend_G","Defend_G","Survivor","Neutralize","Cloak And Dagger","Poisoned Stab","Backflip","Poisoned Stab","Dagger Spray","Riddle With Holes","Storm of Steel+1","All Out Attack+1","Bite","Bite","Bite+1","Bite+1","Bite","Glass Knife+1","Adrenaline+1","Master of Strategy","Sucker Punch+1","Bane+1","Doppelganger","Poisoned Stab+1","Accuracy+1","Cloak And Dagger","Noxious Fumes+1","Sucker Punch+1","After Image","Riddle With Holes+1","Escape Plan+1"],"special_seed":0,"relics":["Ring of the Snake","Golden Idol","Girya","Meat on the Bone","The Courier","Philosopher\u0027s Stone","Gambling Chip","Molten Egg 2","Nloth\u0027s Gift","Ornamental Fan","Calipers","Pear","Bag of Marbles","Orichalcum","WristBlade","Peace Pipe","StoneCalendar","Paper Crane","Bottled Lightning","MawBank","Snake Skull","Anchor"],"potions_floor_usage":[23,25,30,35,47,48,50,50,54,55,55],"damage_taken":[{"damage":1.0,"enemies":"Small Slimes","floor":1.0,"turns":4.0},{"damage":0.0,"enemies":"2 Louse","floor":4.0,"turns":2.0},{"damage":18.0,"enemies":"Gremlin Nob","floor":7.0,"turns":5.0},{"damage":1.0,"enemies":"Cultist","floor":8.0,"turns":3.0},{"damage":5.0,"enemies":"Looter","floor":10.0,"turns":3.0},{"damage":7.0,"enemies":"3 Sentries","floor":12.0,"turns":6.0},{"damage":1.0,"enemies":"2 Fungi Beasts","floor":14.0,"turns":3.0},{"damage":0.0,"enemies":"Hexaghost","floor":16.0,"turns":9.0},{"damage":6.0,"enemies":"2 Thieves","floor":18.0,"turns":4.0},{"damage":4.0,"enemies":"Colosseum Slavers","floor":20.0,"turns":3.0},{"damage":10.0,"enemies":"Colosseum Nobs","floor":20.0,"turns":4.0},{"damage":12.0,"enemies":"3 Byrds","floor":22.0,"turns":3.0},{"damage":20,"enemies":"Slavers","floor":23,"turns":3},{"damage":28,"enemies":"Book of Stabbing","floor":25,"turns":5},{"damage":10,"enemies":"Snake Plant","floor":30,"turns":2},{"damage":0,"enemies":"Centurion and Healer","floor":31,"turns":2},{"damage":46,"enemies":"Collector","floor":33,"turns":6},{"damage":1,"enemies":"3 Darklings","floor":35,"turns":3},{"damage":18,"enemies":"Mind Bloom Boss Battle","floor":36,"turns":5},{"damage":0,"enemies":"Orb Walker","floor":37,"turns":1},{"damage":6,"enemies":"Giant Head","floor":41,"turns":6},{"damage":6,"enemies":"3 Darklings","floor":42,"turns":3},{"damage":12,"enemies":"4 Shapes","floor":44,"turns":1},{"damage":17,"enemies":"Writhing Mass","floor":45,"turns":5},{"damage":9,"enemies":"Maw","floor":47,"turns":5},{"damage":0,"enemies":"Reptomancer","floor":48,"turns":3},{"damage":54,"enemies":"Donu and Deca","floor":50,"turns":9},{"damage":27,"enemies":"Shield and Spear","floor":54,"turns":5},{"damage":87,"enemies":"The Heart","floor":55,"turns":5}],"seed_played":"-5048469534669028404","potions_obtained":[{"floor":7.0,"key":"LiquidBronze"},{"floor":12.0,"key":"GhostInAJar"},{"floor":16.0,"key":"Energy Potion"},{"floor":20.0,"key":"Strength Potion"},{"floor":23,"key":"Dexterity Potion"},{"floor":25,"key":"LiquidBronze"},{"floor":31,"key":"GamblersBrew"},{"floor":33,"key":"Fruit Juice"},{"floor":39,"key":"Block Potion"},{"floor":39,"key":"Swift Potion"},{"floor":41,"key":"Regen Potion"},{"floor":42,"key":"PowerPotion"},{"floor":44,"key":"Dexterity Potion"},{"floor":48,"key":"SpeedPotion"},{"floor":54,"key":"LiquidBronze"}],"is_trial":false,"path_per_floor":["M","?","?","M","?","R","E","M","T","M","$","E","R","M","R","B",null,"M","?","?","?","M","E","?","E","T","$","$","?","M","M","R","B",null,"M","?","M","?","?","R","E","M","T","M","M","$","M","E","R","B",null,"R","$","E","B"],"character_chosen":"THE_SILENT","items_purchased":["Dagger Spray","Pear","Bag of Marbles","Master of Strategy","Orichalcum","Riddle With Holes+1","Bottled Lightning","Snake Skull","EssenceOfSteel","Energy Potion"],"campfire_rested":1,"item_purchase_floors":[11,27,27,27,28,46,46,53,53,53],"current_hp_per_floor":[76,65,46,46,46,46,28,27,27,34,34,39,39,50,50,50,77,71,53,49,49,43,37,37,33,33,43,43,43,35,40,58,36,63,68,57,57,57,57,57,61,63,63,54,51,51,44,54,54,24,65,65,65,45,0],"gold":41,"neow_bonus":"TEN_PERCENT_HP_BONUS","is_prod":false,"is_daily":false,"chose_seed":false,"campfire_upgraded":2,"win_rate":0,"timestamp":1556411914,"path_taken":["M","?","?","M","?","R","E","M","T","M","$","E","R","M","R","BOSS","M","?","?","?","?","E","?","E","T","?","$","?","M","M","R","BOSS","M","?","M","?","?","R","E","?","T","M","M","$","M","E","R","BOSS","R","$","E","BOSS"],"build_version":"2019-01-23","purchased_purges":1,"victory":false,"max_hp_per_floor":[77,77,77,77,77,77,77,77,77,77,77,77,77,77,77,77,77,77,53,53,53,53,53,53,53,53,63,63,63,63,63,63,63,63,68,68,68,68,68,68,68,68,68,68,68,65,65,65,65,65,65,65,65,65,65],"card_choices":[{"not_picked":["Sucker Punch","Leg Sweep"],"picked":"Cloak And Dagger","floor":1.0},{"not_picked":["Acrobatics","Expertise"],"picked":"Dash","floor":4.0},{"not_picked":["Bane","Grand Finale"],"picked":"Poisoned Stab","floor":7.0},{"not_picked":["Prepared","PiercingWail"],"picked":"Backflip","floor":8.0},{"not_picked":["Slice","Bane"],"picked":"Poisoned Stab","floor":10.0},{"not_picked":["After Image","Concentrate","Dagger Spray"],"picked":"SKIP","floor":12.0},{"not_picked":["Outmaneuver","Cloak And Dagger"],"picked":"Riddle With Holes","floor":14.0},{"not_picked":["Night Terror","Unload"],"picked":"Storm of Steel","floor":16.0},{"not_picked":["Deflect","Masterful Stab"],"picked":"All Out Attack+1","floor":18.0},{"not_picked":["Choke+1","Dagger Throw+1","Outmaneuver"],"picked":"SKIP","floor":22.0},{"not_picked":["Bane+1","PiercingWail"],"picked":"Glass Knife+1","floor":23},{"not_picked":["Underhanded Strike+1","Flying Knee+1"],"picked":"Adrenaline","floor":25},{"not_picked":["Expertise+1","Acrobatics"],"picked":"Sucker Punch+1","floor":30},{"not_picked":["Quick Slash+1","Slice+1"],"picked":"Bane+1","floor":31},{"not_picked":["Grand Finale+1","A Thousand Cuts"],"picked":"Doppelganger","floor":33},{"not_picked":["Dagger Throw+1","Blade Dance"],"picked":"Poisoned Stab+1","floor":35},{"not_picked":["Sucker Punch+1","Noxious Fumes+1"],"picked":"Accuracy+1","floor":36},{"not_picked":["Dagger Throw+1","Quick Slash+1"],"picked":"Cloak And Dagger","floor":37},{"not_picked":["Sucker Punch+1","Caltrops"],"picked":"Noxious Fumes+1","floor":41},{"not_picked":["Underhanded Strike+1","Finisher+1","Setup+1"],"picked":"SKIP","floor":42},{"not_picked":["Dagger Throw+1","Backflip+1"],"picked":"Sucker Punch+1","floor":44},{"not_picked":["Night Terror","Slice+1"],"picked":"After Image","floor":45},{"not_picked":["Outmaneuver","Dodge and Roll","Distraction"],"picked":"SKIP","floor":47},{"not_picked":["Outmaneuver+1","Acrobatics+1"],"picked":"Escape Plan+1","floor":48},{"not_picked":["Poisoned Stab+1","Dagger Spray+1","Prepared+1"],"picked":"SKIP","floor":54}],"player_experience":163696,"relics_obtained":[{"floor":7.0,"key":"Happy Flower"},{"floor":9.0,"key":"Meat on the Bone"},{"floor":12.0,"key":"The Courier"},{"floor":20.0,"key":"Gambling Chip"},{"floor":20.0,"key":"Molten Egg 2"},{"floor":23,"key":"Ornamental Fan"},{"floor":25,"key":"Calipers"},{"floor":36,"key":"Peace Pipe"},{"floor":41,"key":"StoneCalendar"},{"floor":43,"key":"Paper Crane"},{"floor":48,"key":"MawBank"},{"floor":54,"key":"Anchor"}],"event_choices":[{"damage_healed":0.0,"max_hp_gain":0.0,"max_hp_loss":0.0,"gold_gain":75.0,"event_name":"World of Goop","player_choice":"Gather Gold","floor":2.0,"gold_loss":0.0,"damage_taken":11.0},{"damage_healed":0.0,"max_hp_gain":0.0,"max_hp_loss":0.0,"gold_gain":0.0,"event_name":"Golden Idol","player_choice":"Take Damage","floor":3.0,"gold_loss":0.0,"damage_taken":19.0,"relics_obtained":["Golden Idol"]},{"cards_removed":["Dash"],"damage_healed":0.0,"max_hp_gain":0.0,"max_hp_loss":0.0,"gold_gain":0.0,"event_name":"WeMeetAgain","player_choice":"Gave Card","floor":5.0,"gold_loss":0.0,"damage_taken":0.0,"relics_obtained":["Girya"]},{"damage_healed":0.0,"max_hp_gain":0.0,"max_hp_loss":24.0,"gold_gain":0.0,"event_name":"Vampires","player_choice":"Became a vampire","floor":19.0,"gold_loss":0.0,"damage_taken":0.0,"cards_obtained":["Bite","Bite","Bite","Bite","Bite"]},{"damage_healed":0.0,"max_hp_gain":0.0,"max_hp_loss":0.0,"gold_gain":0.0,"event_name":"Colosseum","player_choice":"Fight","floor":20.0,"gold_loss":0.0,"damage_taken":0.0},{"damage_healed":0.0,"max_hp_gain":0.0,"max_hp_loss":0.0,"gold_gain":0.0,"event_name":"Colosseum","player_choice":"Fought Nobs","floor":20.0,"gold_loss":0.0,"damage_taken":0.0},{"damage_healed":0.0,"max_hp_gain":0.0,"max_hp_loss":0.0,"gold_gain":0.0,"event_name":"N\u0027loth","player_choice":"Traded Relic","floor":21.0,"relics_lost":["Happy Flower"],"gold_loss":0.0,"damage_taken":0.0,"relics_obtained":["Nloth\u0027s Gift"]},{"damage_healed":0,"gold_gain":0,"player_choice":"Upgraded Two","damage_taken":0,"max_hp_gain":0,"max_hp_loss":0,"event_name":"Designer","floor":24,"gold_loss":40,"cards_upgraded":["Bite","Bite"]},{"damage_healed":0,"gold_gain":0,"player_choice":"Ignored","damage_taken":0,"max_hp_gain":0,"max_hp_loss":0,"event_name":"Beggar","floor":29,"gold_loss":0},{"damage_healed":0,"gold_gain":0,"player_choice":"Fight","damage_taken":0,"max_hp_gain":0,"max_hp_loss":0,"event_name":"MindBloom","floor":36,"gold_loss":0},{"damage_healed":0,"gold_gain":0,"player_choice":"Ignored","damage_taken":0,"max_hp_gain":0,"max_hp_loss":0,"event_name":"Tomb of Lord Red Mask","floor":38,"gold_loss":0},{"damage_healed":0,"gold_gain":0,"player_choice":"Bought 2 Potions","damage_taken":0,"max_hp_gain":0,"max_hp_loss":0,"event_name":"The Woman in Blue","floor":39,"gold_loss":0}],"is_beta":false,"boss_relics":[{"not_picked":["Velvet Choker","Ectoplasm"],"picked":"Philosopher\u0027s Stone"},{"not_picked":["Astrolabe","Tiny House"],"picked":"WristBlade"}],"items_purged_floors":[46],"is_endless":false,"potions_floor_spawned":[7,12,16,20,23,25,31,33,41,42,44,48,54],"killed_by":"The Heart","ascension_level":2}