{"gold_per_floor":[113,188,11,186,186,214,227,242,242,242,242,242,260,283,283,407,407,420,420,436,451,451,451,484,484,555,569,608,632,632,653,653,653],"floor_reached":33,"playtime":2913,"items_purged":[],"score":374,"play_id":"4042654a-2647-4a3d-8ba5-9bc8cb36c284","local_time":"20190406154831","is_ascension_mode":true,"campfire_choices":[{"data":"Mind Blast","floor":10.0,"key":"SMITH"},{"data":"Defragment","floor":12.0,"key":"SMITH"},{"floor":15.0,"key":"REST"},{"floor":23,"key":"REST"},{"floor":25,"key":"REST"},{"floor":30,"key":"REST"},{"floor":32,"key":"REST"}],"neow_cost":"NONE","seed_source_timestamp":0,"circlet_count":0,"master_deck":["Strike_B","Strike_B","Strike_B","Defend_B","Defend_B","Defend_B","Defend_B","Zap","Dualcast","Sweeping Beam","Defragment+1","Conserve Battery","Mind Blast+1","Doubt","Beam Cell+1","Hologram","Conserve Battery","Glacier","Rebound","Leap","Echo Form+1","Self Repair+1","Necronomicurse","Undo","Genetic Algorithm","Glacier+1","Sweeping Beam+1","White Noise","Leap"],"special_seed":0,"relics":["Cracked Core","NeowsBlessing","Frozen Egg 2","Question Card","Golden Idol","Fusion Hammer","Necronomicon","Gremlin Horn","Mummified Hand","Molten Egg 2"],"potions_floor_usage":[28,31,33],"damage_taken":[{"damage":0.0,"enemies":"Small Slimes","floor":1.0,"turns":1.0},{"damage":0.0,"enemies":"Lagavulin","floor":6.0,"turns":1.0},{"damage":0.0,"enemies":"2 Louse","floor":7.0,"turns":1.0},{"damage":0.0,"enemies":"Cultist","floor":8.0,"turns":3.0},{"damage":6.0,"enemies":"Looter","floor":13.0,"turns":2.0},{"damage":7.0,"enemies":"3 Louse","floor":14.0,"turns":2.0},{"damage":37.0,"enemies":"Slime Boss","floor":16.0,"turns":22.0},{"damage":18.0,"enemies":"Spheric Guardian","floor":18.0,"turns":6.0},{"damage":7.0,"enemies":"Shell Parasite","floor":20.0,"turns":10.0},{"damage":0.0,"enemies":"Snecko","floor":21.0,"turns":8.0},{"damage":40,"enemies":"Book of Stabbing","floor":24,"turns":6},{"damage":36,"enemies":"3 Cultists","floor":27,"turns":8},{"damage":31,"enemies":"Slavers","floor":28,"turns":10},{"damage":9,"enemies":"Snake Plant","floor":29,"turns":7},{"damage":2,"enemies":"Shelled Parasite and Fungi","floor":31,"turns":9},{"damage":98,"enemies":"Automaton","floor":33,"turns":18}],"seed_played":"4444639548428952154","potions_obtained":[{"floor":13.0,"key":"Block Potion"},{"floor":14.0,"key":"EssenceOfSteel"},{"floor":16.0,"key":"Poison Potion"},{"floor":18.0,"key":"SkillPotion"},{"floor":27,"key":"Explosive Potion"},{"floor":29,"key":"Fruit Juice"}],"is_trial":false,"path_per_floor":["M","?","$","?","?","E","M","M","T","R","?","R","M","M","R","B",null,"M","?","M","M","?","R","E","R","T","M","E","M","R","M","R","B"],"character_chosen":"DEFECT","items_purchased":["Defragment","Conserve Battery","Mind Blast"],"campfire_rested":5,"item_purchase_floors":[3,3,3],"current_hp_per_floor":[75,64,64,64,64,64,64,64,64,64,46,46,40,33,55,18,75,57,41,44,54,54,75,45,67,67,41,20,21,43,56,80,0],"gold":653,"neow_bonus":"THREE_ENEMY_KILL","is_prod":false,"is_daily":false,"chose_seed":false,"campfire_upgraded":2,"win_rate":0,"timestamp":1554580111,"path_taken":["M","?","$","?","?","E","?","M","T","R","?","R","M","M","R","BOSS","M","?","M","M","?","R","E","R","T","M","E","?","R","M","R","BOSS"],"build_version":"2019-01-23","purchased_purges":0,"victory":false,"max_hp_per_floor":[75,75,75,75,75,75,75,75,75,75,75,75,75,75,75,75,75,75,75,75,75,75,75,75,75,75,75,75,75,75,80,80,80],"card_choices":[{"not_picked":["Compile Driver","Static Discharge"],"picked":"Sweeping Beam","floor":1.0},{"not_picked":["Coolheaded","Ball Lightning"],"picked":"Hologram","floor":6.0},{"not_picked":["Reprogram","Coolheaded"],"picked":"Conserve Battery","floor":7.0},{"not_picked":["Gash","Compile Driver"],"picked":"Glacier","floor":8.0},{"not_picked":["Barrage","Recycle","Skim"],"picked":"Rebound","floor":13.0},{"not_picked":["Streamline","Coolheaded","Hello World+1"],"picked":"Leap","floor":14.0},{"not_picked":["Rainbow","Buffer+1","Multi-Cast"],"picked":"Echo Form+1","floor":16.0},{"not_picked":["Stack","Beam Cell+1","Heatsinks+1"],"picked":"Self Repair+1","floor":18.0},{"not_picked":["Leap","FTL","Sweeping Beam"],"picked":"Undo","floor":20.0},{"not_picked":["Skim","Beam Cell","Steam Power+1","Steam"],"picked":"SKIP","floor":21},{"not_picked":["Scrape","Barrage","Biased Cognition+1"],"picked":"Genetic Algorithm","floor":24},{"not_picked":["Beam Cell+1","Go for the Eyes","Steam Power"],"picked":"Glacier+1","floor":27},{"not_picked":["Gash","Fusion","Hyperbeam"],"picked":"Sweeping Beam","floor":28},{"not_picked":["Recycle","Ball Lightning+1","Darkness"],"picked":"White Noise","floor":29},{"not_picked":["Reinforced Body+1","Coolheaded+1","Lockon+1"],"picked":"Leap","floor":31}],"player_experience":280895,"relics_obtained":[{"floor":6.0,"key":"Frozen Egg 2"},{"floor":9.0,"key":"Question Card"},{"floor":19.0,"key":"Necronomicon"},{"floor":24,"key":"Gremlin Horn"},{"floor":26,"key":"Mummified Hand"},{"floor":28,"key":"Molten Egg 2"}],"event_choices":[{"damage_healed":0.0,"max_hp_gain":0.0,"max_hp_loss":0.0,"gold_gain":75.0,"event_name":"World of Goop","player_choice":"Gather Gold","floor":2.0,"gold_loss":0.0,"damage_taken":11.0},{"damage_healed":0.0,"max_hp_gain":0.0,"max_hp_loss":0.0,"gold_gain":175.0,"event_name":"Liars Game","player_choice":"AGREE","floor":4.0,"gold_loss":0.0,"damage_taken":0.0,"cards_obtained":["Doubt"]},{"damage_healed":0.0,"max_hp_gain":0.0,"max_hp_loss":0.0,"gold_gain":0.0,"cards_transformed":["Strike_B"],"event_name":"Transmorgrifier","player_choice":"Transformed","floor":5.0,"gold_loss":0.0,"damage_taken":0.0,"cards_obtained":["Beam Cell"]},{"damage_healed":0.0,"max_hp_gain":0.0,"max_hp_loss":0.0,"gold_gain":0.0,"event_name":"Golden Idol","player_choice":"Take Damage","floor":11.0,"gold_loss":0.0,"damage_taken":18.0,"relics_obtained":["Golden Idol"]},{"damage_healed":0.0,"max_hp_gain":0.0,"max_hp_loss":0.0,"gold_gain":0.0,"event_name":"Cursed Tome","player_choice":"Obtained Book","floor":19.0,"gold_loss":0.0,"damage_taken":16.0},{"damage_healed":0,"gold_gain":0,"player_choice":"Forge","damage_taken":0,"max_hp_gain":0,"max_hp_loss":0,"event_name":"Accursed Blacksmith","floor":22,"gold_loss":0,"cards_upgraded":["Beam Cell"]}],"is_beta":false,"boss_relics":[{"not_picked":["Pandora\u0027s Box","Inserter"],"picked":"Fusion Hammer"}],"items_purged_floors":[],"is_endless":false,"potions_floor_spawned":[13,14,16,18,27,29],"killed_by":"Automaton","ascension_level":4}