{"gold_per_floor":[113,38,38,57,57,57,86,86,86,140,140,154,180,200,200,276,276,288,20,39,39,39,69,69,101,125,137,137,62,91,106,106,180,180,191,205,68,0,0,34,34,61,61,93,108,158,193,31,31,31,31,31,31,1,28,28],"floor_reached":57,"playtime":2371,"items_purged":["Strike_B","Steam"],"score":3639,"play_id":"f60cfbe5-3e20-434d-a342-b5befaa4093d","local_time":"20190425143518","is_ascension_mode":true,"campfire_choices":[{"data":"Zap","floor":6.0,"key":"SMITH"},{"data":"Creative AI","floor":8.0,"key":"SMITH"},{"data":"Beam Cell","floor":11.0,"key":"SMITH"},{"floor":15.0,"key":"REST"},{"data":"Creative AI","floor":24.0,"key":"SMITH"},{"data":"Buffer","floor":28.0,"key":"SMITH"},{"data":"Hologram","floor":32.0,"key":"SMITH"},{"data":"Consume","floor":41.0,"key":"SMITH"},{"floor":49.0,"key":"RECALL"},{"data":"Heatsinks","floor":53.0,"key":"SMITH"}],"neow_cost":"NONE","seed_source_timestamp":53558227080820,"circlet_count":0,"master_deck":["AscendersBane","Zap+1","Dualcast+1","Beam Cell+1","Genetic Algorithm","Creative AI+1","Compile Driver","Conserve Battery","Go for the Eyes","Electrodynamics","Creative AI+1","Seek","FTL","Rip and Tear","Biased Cognition","Skim","Capacitor","Creative AI+1","Cold Snap","Ghostly","Ghostly","Ghostly","Buffer+1","Force Field","Hologram+1","Chill","Glacier","Thunder Strike","Coolheaded","Skim+1","Consume+1","Recycle","Reinforced Body+1","Heatsinks+1","Hologram","Gash+1"],"special_seed":0,"relics":["Cracked Core","NeowsBlessing","Mummified Hand","Art of War","DataDisk","Vajra","Pandora\u0027s Box","DollysMirror","Pen Nib","Symbiotic Virus","Omamori","Ornamental Fan","Cursed Key","Red Mask","Blood Vial","Regal Pillow","Shuriken","Cables","Mercury Hourglass"],"potions_floor_usage":[56],"damage_taken":[{"damage":0.0,"enemies":"Jaw Worm","floor":1.0,"turns":1.0},{"damage":0.0,"enemies":"2 Louse","floor":4.0,"turns":1.0},{"damage":0.0,"enemies":"3 Sentries","floor":7.0,"turns":2.0},{"damage":1.0,"enemies":"Small Slimes","floor":12.0,"turns":4.0},{"damage":28.0,"enemies":"Gremlin Nob","floor":13.0,"turns":4.0},{"damage":6.0,"enemies":"Blue Slaver","floor":14.0,"turns":3.0},{"damage":22.0,"enemies":"Slime Boss","floor":16.0,"turns":7.0},{"damage":15.0,"enemies":"2 Thieves","floor":18.0,"turns":3.0},{"damage":0.0,"enemies":"Spheric Guardian","floor":20.0,"turns":3.0},{"damage":1.0,"enemies":"Gremlin Leader","floor":23.0,"turns":4.0},{"damage":2.0,"enemies":"Book of Stabbing","floor":25.0,"turns":5.0},{"damage":10.0,"enemies":"Centurion and Healer","floor":27.0,"turns":6.0},{"damage":0.0,"enemies":"Slavers","floor":30.0,"turns":5.0},{"damage":0.0,"enemies":"Snecko","floor":31.0,"turns":5.0},{"damage":0.0,"enemies":"Collector","floor":33.0,"turns":9.0},{"damage":0.0,"enemies":"3 Shapes","floor":35.0,"turns":2.0},{"damage":12.0,"enemies":"Orb Walker","floor":36.0,"turns":3.0},{"damage":0.0,"enemies":"Giant Head","floor":40.0,"turns":5.0},{"damage":0.0,"enemies":"Nemesis","floor":42.0,"turns":5.0},{"damage":0.0,"enemies":"Giant Head","floor":44.0,"turns":6.0},{"damage":0.0,"enemies":"Writhing Mass","floor":45.0,"turns":6.0},{"damage":0.0,"enemies":"Reptomancer","floor":47.0,"turns":6.0},{"damage":0.0,"enemies":"Time Eater","floor":50.0,"turns":10.0},{"damage":0.0,"enemies":"Awakened One","floor":51.0,"turns":8.0},{"damage":0.0,"enemies":"Shield and Spear","floor":55.0,"turns":6.0},{"damage":15,"enemies":"The Heart","floor":56,"turns":8}],"seed_played":"3105783879357000341","potions_obtained":[{"floor":1.0,"key":"Dexterity Potion"},{"floor":4.0,"key":"FearPotion"},{"floor":18.0,"key":"Regen Potion"},{"floor":42.0,"key":"Explosive Potion"},{"floor":45.0,"key":"PowerPotion"}],"is_trial":false,"path_per_floor":["M","$","?","M","?","R","E","R","T","T","R","M","E","M","R","B",null,"M","$","M","?","?","E","R","E","T","M","R","?","E","M","R","B",null,"M","M","$","?","?","E","R","E","T","E","M","?","E","$","R","B","B",null,"R","$","E","B",null],"character_chosen":"DEFECT","items_purchased":["Capacitor","DollysMirror","Consume","Heatsinks","Ancient Potion","Hologram"],"campfire_rested":1,"item_purchase_floors":[19,19,37,48,48,54],"current_hp_per_floor":[64,64,43,43,43,43,43,43,43,43,43,42,14,8,29,7,55,40,40,40,35,35,34,34,32,32,22,22,22,35,35,35,35,35,35,23,23,23,23,23,23,25,25,27,29,29,31,31,31,33,35,35,35,35,35,20],"gold":28,"neow_bonus":"THREE_ENEMY_KILL","is_prod":false,"is_daily":false,"chose_seed":false,"campfire_upgraded":8,"win_rate":0,"timestamp":1556174118,"path_taken":["M","$","?","M","?","R","E","R","T","?","R","M","E","M","R","BOSS","M","$","M","?","?","E","R","E","T","M","R","?","E","M","R","BOSS","M","M","$","?","?","E","R","E","T","E","M","?","E","$","R","BOSS","BOSS","R","$","E","BOSS"],"build_version":"2019-01-23","purchased_purges":2,"victory":true,"max_hp_per_floor":[71,71,71,71,71,71,71,71,71,71,71,71,71,71,71,71,71,71,71,71,35,35,35,35,35,35,35,35,35,35,35,35,35,35,35,35,35,35,35,35,35,35,35,35,35,35,35,35,35,35,35,35,35,35,35,35],"card_choices":[{"not_picked":["FTL","Rebound"],"picked":"Beam Cell","floor":1.0},{"not_picked":["Leap","Beam Cell"],"picked":"Genetic Algorithm","floor":4.0},{"not_picked":["Barrage","Hologram"],"picked":"Creative AI","floor":7.0},{"not_picked":["Scrape","Gash"],"picked":"Compile Driver","floor":12.0},{"not_picked":["Auto Shields","Sweeping Beam"],"picked":"Conserve Battery","floor":13.0},{"not_picked":["Stack","Sweeping Beam"],"picked":"Go for the Eyes","floor":14.0},{"not_picked":["Rainbow","Multi-Cast"],"picked":"Electrodynamics","floor":16.0},{"not_picked":["Turbo","Scrape+1"],"picked":"Skim","floor":18.0},{"not_picked":["Streamline","Stack"],"picked":"Cold Snap","floor":20.0},{"not_picked":["Barrage","Conserve Battery"],"picked":"Buffer","floor":23.0},{"not_picked":["Rip and Tear","FTL"],"picked":"Force Field","floor":25.0},{"not_picked":["Stack","Ball Lightning"],"picked":"Hologram","floor":27.0},{"not_picked":["Genetic Algorithm+1","Stack+1"],"picked":"Chill","floor":30.0},{"not_picked":["Beam Cell","Hologram"],"picked":"Glacier","floor":31.0},{"not_picked":["Reboot","Hyperbeam"],"picked":"Thunder Strike","floor":33.0},{"not_picked":["Ball Lightning+1","Sweeping Beam+1"],"picked":"Coolheaded","floor":35.0},{"not_picked":["Reinforced Body","Conserve Battery+1"],"picked":"Skim+1","floor":36.0},{"not_picked":["Streamline","Compile Driver","Hello World"],"picked":"SKIP","floor":40.0},{"not_picked":["Doom and Gloom","Hologram"],"picked":"Recycle","floor":42.0},{"not_picked":["Compile Driver+1","Steam","Hologram"],"picked":"SKIP","floor":44.0},{"not_picked":["Hologram","Streamline","Stack"],"picked":"SKIP","floor":45.0},{"not_picked":["Barrage","Fission"],"picked":"Reinforced Body+1","floor":47.0},{"not_picked":["Turbo","Hello World"],"picked":"Gash+1","floor":55}],"player_experience":1473947,"relics_obtained":[{"floor":7.0,"key":"Mummified Hand"},{"floor":9.0,"key":"Art of War"},{"floor":10.0,"key":"DataDisk"},{"floor":13.0,"key":"Vajra"},{"floor":23.0,"key":"Pen Nib"},{"floor":25.0,"key":"Symbiotic Virus"},{"floor":26.0,"key":"Omamori"},{"floor":30.0,"key":"Ornamental Fan"},{"floor":40.0,"key":"Blood Vial"},{"floor":42.0,"key":"Regal Pillow"},{"floor":44.0,"key":"Shuriken"},{"floor":47.0,"key":"Cables"},{"floor":55,"key":"Mercury Hourglass"}],"event_choices":[{"damage_healed":0.0,"max_hp_gain":0.0,"max_hp_loss":0.0,"gold_gain":0.0,"event_name":"Shining Light","player_choice":"Entered Light","floor":3.0,"gold_loss":0.0,"damage_taken":21.0,"cards_upgraded":["Defend_B","Dualcast"]},{"damage_healed":0.0,"max_hp_gain":0.0,"max_hp_loss":0.0,"gold_gain":0.0,"event_name":"Liars Game","player_choice":"Ignored","floor":5.0,"gold_loss":0.0,"damage_taken":0.0},{"damage_healed":0.0,"max_hp_gain":0.0,"max_hp_loss":36.0,"gold_gain":0.0,"event_name":"Ghosts","player_choice":"Became a Ghost","floor":21.0,"gold_loss":0.0,"damage_taken":0.0,"cards_obtained":["Ghostly","Ghostly","Ghostly"]},{"damage_healed":0.0,"max_hp_gain":0.0,"max_hp_loss":0.0,"gold_gain":0.0,"event_name":"The Mausoleum","player_choice":"Ignored","floor":22.0,"gold_loss":0.0,"damage_taken":0.0},{"cards_removed":["Scrape"],"damage_healed":0.0,"max_hp_gain":0.0,"max_hp_loss":0.0,"gold_gain":0.0,"event_name":"Beggar","player_choice":"Gave Gold","floor":29.0,"gold_loss":75.0,"damage_taken":0.0},{"damage_healed":0.0,"max_hp_gain":0.0,"max_hp_loss":0.0,"gold_gain":0.0,"event_name":"Tomb of Lord Red Mask","player_choice":"Paid","floor":38.0,"gold_loss":68.0,"damage_taken":0.0,"relics_obtained":["Red Mask"]},{"damage_healed":0.0,"max_hp_gain":0.0,"max_hp_loss":0.0,"gold_gain":0.0,"event_name":"SensoryStone","player_choice":"Memory 1","floor":39.0,"gold_loss":0.0,"damage_taken":0.0},{"damage_healed":0.0,"max_hp_gain":0.0,"max_hp_loss":0.0,"gold_gain":50.0,"event_name":"Golden Shrine","player_choice":"Pray","floor":46.0,"gold_loss":0.0,"damage_taken":0.0}],"is_beta":false,"boss_relics":[{"not_picked":["Ectoplasm","Philosopher\u0027s Stone"],"picked":"Pandora\u0027s Box"},{"not_picked":["Runic Dome","Inserter"],"picked":"Cursed Key"}],"items_purged_floors":[2,37],"is_endless":false,"potions_floor_spawned":[1,4,18,20,27,42,45,47],"ascension_level":20}