{"gold_per_floor":[113,113,113,126,140,140,159,159,210,385,385,395,415,446,446,446],"floor_reached":16,"playtime":717,"items_purged":[],"score":128,"play_id":"27762107-6e36-4834-8645-50e8965dd1ff","local_time":"20190402111927","is_ascension_mode":true,"campfire_choices":[{"data":"Dualcast","floor":6,"key":"SMITH"},{"data":"Genetic Algorithm","floor":11,"key":"SMITH"},{"floor":15,"key":"REST"}],"neow_cost":"NONE","seed_source_timestamp":1737085232634299,"circlet_count":0,"master_deck":["Strike_B+1","Strike_B+1","Strike_B","Defend_B","Defend_B","Defend_B","Defend_B","Zap+1","Dualcast+1","FTL","Rebound","Turbo","Genetic Algorithm+1","Doubt","Ball Lightning","Coolheaded","Hologram"],"relics":["Cracked Core","Bag of Preparation","Anchor"],"potions_floor_usage":[14,16,16,16,16,16],"damage_taken":[{"damage":0,"enemies":"Small Slimes","floor":1,"turns":2},{"damage":5,"enemies":"2 Louse","floor":4,"turns":2},{"damage":0,"enemies":"Cultist","floor":5,"turns":2},{"damage":0,"enemies":"Large Slime","floor":7,"turns":4},{"damage":0,"enemies":"Looter","floor":12,"turns":1},{"damage":22,"enemies":"3 Louse","floor":13,"turns":3},{"damage":6,"enemies":"3 Sentries","floor":14,"turns":7},{"damage":47,"enemies":"Slime Boss","floor":16,"turns":9}],"seed_played":"1383848936016961416","potions_obtained":[{"floor":3,"key":"LiquidBronze"},{"floor":3,"key":"FearPotion"},{"floor":3,"key":"EntropicBrew"},{"floor":5,"key":"Weak Potion"},{"floor":13,"key":"SkillPotion"},{"floor":14,"key":"Swift Potion"}],"is_trial":false,"path_per_floor":["M","?","?","M","M","R","M","?","T","?","R","M","M","E","R","B"],"character_chosen":"DEFECT","items_purchased":[],"campfire_rested":1,"item_purchase_floors":[],"current_hp_per_floor":[75,68,68,63,63,63,63,48,48,48,48,48,26,20,42,0],"gold":446,"neow_bonus":"UPGRADE_CARD","is_prod":false,"is_daily":false,"chose_seed":false,"campfire_upgraded":2,"win_rate":0,"timestamp":1554229167,"path_taken":["M","?","?","M","M","R","?","?","T","?","R","M","M","E","R","BOSS"],"build_version":"2019-01-23","purchased_purges":0,"victory":false,"max_hp_per_floor":[75,75,75,75,75,75,75,75,75,75,75,75,75,75,75,75],"card_choices":[{"not_picked":["Go for the Eyes","Hologram"],"picked":"FTL","floor":1},{"not_picked":["Steam","Undo"],"picked":"Rebound","floor":4},{"not_picked":["Compile Driver","Fusion"],"picked":"Turbo","floor":5},{"not_picked":["Cold Snap","Stack"],"picked":"Genetic Algorithm","floor":7},{"not_picked":["Beam Cell","Sweeping Beam"],"picked":"Ball Lightning","floor":12},{"not_picked":["Hologram","Fusion"],"picked":"Coolheaded","floor":13},{"not_picked":["Beam Cell","Coolheaded"],"picked":"Hologram","floor":14}],"player_experience":462726,"relics_obtained":[{"floor":9,"key":"Bag of Preparation"},{"floor":14,"key":"Anchor"}],"event_choices":[{"cards_removed":["Strike_B"],"damage_healed":0,"gold_gain":0,"player_choice":"Card Removal","damage_taken":7,"max_hp_gain":0,"max_hp_loss":0,"event_name":"Golden Wing","floor":2,"gold_loss":0},{"damage_healed":0,"gold_gain":0,"player_choice":"Got Potions","damage_taken":0,"max_hp_gain":0,"max_hp_loss":0,"event_name":"Lab","floor":3,"gold_loss":0},{"damage_healed":0,"gold_gain":0,"player_choice":"Entered Light","damage_taken":15,"max_hp_gain":0,"max_hp_loss":0,"event_name":"Shining Light","floor":8,"gold_loss":0,"cards_upgraded":["Strike_B","Strike_B"]},{"damage_healed":0,"gold_gain":175,"player_choice":"AGREE","damage_taken":0,"max_hp_gain":0,"max_hp_loss":0,"event_name":"Liars Game","floor":10,"gold_loss":0,"cards_obtained":["Doubt"]}],"is_beta":false,"boss_relics":[],"items_purged_floors":[],"is_endless":false,"potions_floor_spawned":[5,12,13,14],"killed_by":"Slime Boss","ascension_level":5}