{"gold_per_floor":[112,187,287,297,310,344,344,344,389,389,215,235,235],"floor_reached":13,"playtime":200,"items_purged":[],"score":166,"play_id":"0cc11065-d439-4ce6-8985-95dab85efe3a","local_time":"20190205150234","is_ascension_mode":true,"campfire_choices":[{"floor":7,"key":"REST"},{"data":"Dagger Throw","floor":10,"key":"SMITH"}],"neow_cost":"NONE","seed_source_timestamp":72408669595296,"circlet_count":0,"master_deck":["AscendersBane","Defend_G","Defend_G","Defend_G","Defend_G","Defend_G","Strike_G","Strike_G","Strike_G","Strike_G","Strike_G","Survivor","Neutralize","Dagger Throw+1","Caltrops","Caltrops","Poisoned Stab","Corpse Explosion","Leg Sweep"],"relics":["Ring of the Snake","NeowsBlessing","Oddly Smooth Stone","NlothsMask"],"potions_floor_usage":[6,12],"damage_taken":[{"damage":0,"enemies":"Jaw Worm","floor":1,"turns":1},{"damage":0,"enemies":"Small Slimes","floor":4,"turns":1},{"damage":0,"enemies":"Cultist","floor":5,"turns":1},{"damage":42,"enemies":"Gremlin Nob","floor":6,"turns":5},{"damage":0,"enemies":"3 Louse","floor":12,"turns":1},{"damage":24,"enemies":"Exordium Thugs","floor":13,"turns":6}],"seed_played":"1075708006526850837","potions_obtained":[{"floor":5,"key":"Weak Potion"},{"floor":6,"key":"Explosive Potion"}],"is_trial":false,"path_per_floor":["M","?","?","M","M","E","R","?","T","R","$","M","M"],"character_chosen":"THE_SILENT","items_purchased":["Corpse Explosion"],"campfire_rested":1,"item_purchase_floors":[11],"current_hp_per_floor":[59,48,48,48,48,6,25,25,25,25,25,25,1],"gold":235,"neow_bonus":"THREE_ENEMY_KILL","is_prod":false,"is_daily":false,"chose_seed":false,"campfire_upgraded":1,"win_rate":0,"timestamp":1549396954,"path_taken":["M","?","?","?","M","E","R","?","T","R","$","M","M"],"build_version":"2019-01-23","purchased_purges":0,"victory":false,"max_hp_per_floor":[66,66,66,66,66,66,66,66,66,66,66,66,66],"card_choices":[{"not_picked":["Reflex","Quick Slash"],"picked":"Dagger Throw","floor":1},{"not_picked":["Endless Agony","Slice"],"picked":"Caltrops","floor":4},{"not_picked":["Setup","All Out Attack"],"picked":"Caltrops","floor":5},{"not_picked":["Bane","Underhanded Strike"],"picked":"Poisoned Stab","floor":6},{"not_picked":["Blur","Concentrate"],"picked":"Leg Sweep","floor":12}],"player_experience":820731,"relics_obtained":[{"floor":6,"key":"Oddly Smooth Stone"}],"event_choices":[{"damage_healed":0,"gold_gain":75,"player_choice":"Gather Gold","damage_taken":11,"max_hp_gain":0,"max_hp_loss":0,"event_name":"World of Goop","floor":2,"gold_loss":0},{"damage_healed":0,"gold_gain":100,"player_choice":"Gold","damage_taken":0,"max_hp_gain":0,"max_hp_loss":0,"event_name":"Wheel of Change","floor":3,"gold_loss":0},{"damage_healed":0,"gold_gain":0,"player_choice":"Trade","damage_taken":0,"relics_obtained":["NlothsMask"],"max_hp_gain":0,"max_hp_loss":0,"event_name":"FaceTrader","floor":8,"gold_loss":0}],"is_beta":false,"boss_relics":[],"items_purged_floors":[],"is_endless":false,"potions_floor_spawned":[5,6],"killed_by":"Exordium Thugs","ascension_level":20}