{"gold_per_floor":[115,19,34,49,49,49,127,127,151,178,73,73,92,103,103,176,176,186,111,128,43,55,55],"floor_reached":23,"playtime":437,"items_purged":["Normality"],"score":482,"play_id":"451d3f14-c91e-4ffe-bbe4-3f7181478e12","local_time":"20190419154708","is_ascension_mode":true,"campfire_choices":[{"data":"Sunder","floor":6.0,"key":"SMITH"},{"data":"Zap","floor":8.0,"key":"SMITH"},{"data":"Rainbow","floor":12.0,"key":"SMITH"},{"floor":15.0,"key":"REST"}],"neow_cost":"NONE","seed_source_timestamp":0,"circlet_count":0,"master_deck":["AscendersBane","Strike_B","Strike_B","Strike_B","Strike_B","Defend_B","Defend_B","Defend_B","Defend_B","Zap+1","Dualcast+1","Sunder+1","Swift Strike","Ball Lightning","Fission+1","Rainbow+1","Flash of Steel","Tempest","Creative AI","Decay","Decay","Rip and Tear+1","Consume","Steam+1"],"special_seed":0,"relics":["Cracked Core","NeowsBlessing","Bag of Marbles","Symbiotic Virus","Calling Bell","Orichalcum","Blue Candle","Girya","Ice Cream"],"potions_floor_usage":[23],"damage_taken":[{"damage":0.0,"enemies":"Jaw Worm","floor":1.0,"turns":1.0},{"damage":0.0,"enemies":"Small Slimes","floor":3.0,"turns":1.0},{"damage":0.0,"enemies":"2 Louse","floor":4.0,"turns":1.0},{"damage":8.0,"enemies":"Gremlin Nob","floor":10.0,"turns":3.0},{"damage":0.0,"enemies":"Looter","floor":13.0,"turns":1.0},{"damage":0.0,"enemies":"Exordium Wildlife","floor":14.0,"turns":2.0},{"damage":0.0,"enemies":"Slime Boss","floor":16.0,"turns":4.0},{"damage":5.0,"enemies":"Spheric Guardian","floor":18.0,"turns":3.0},{"damage":16,"enemies":"Shell Parasite","floor":20,"turns":2},{"damage":0,"enemies":"Cultist and Chosen","floor":22,"turns":3},{"damage":48,"enemies":"Gremlin Leader","floor":23,"turns":8}],"seed_played":"-7725213691095946771","potions_obtained":[{"floor":3.0,"key":"Swift Potion"},{"floor":4.0,"key":"Strength Potion"},{"floor":14.0,"key":"LiquidBronze"},{"floor":20,"key":"Strength Potion"}],"is_trial":false,"path_per_floor":["M","$","M","M","?","R","?","R","T","E","$","R","M","M","R","B",null,"M","$","M","?","M","E"],"character_chosen":"DEFECT","items_purchased":["Swift Strike","Flash of Steel"],"campfire_rested":1,"item_purchase_floors":[2,11],"current_hp_per_floor":[64,64,64,64,43,43,43,43,43,35,35,35,35,35,56,56,67,62,62,46,46,46,0],"gold":55,"neow_bonus":"THREE_ENEMY_KILL","is_prod":false,"is_daily":false,"chose_seed":false,"campfire_upgraded":3,"win_rate":0,"timestamp":1555703228,"path_taken":["M","$","M","M","?","R","?","R","T","E","$","R","M","M","R","BOSS","M","$","M","?","M","E"],"build_version":"2019-01-23","purchased_purges":1,"victory":false,"max_hp_per_floor":[71,71,71,71,71,71,71,71,71,71,71,71,71,71,71,71,71,71,71,71,71,71,71],"card_choices":[{"not_picked":["Turbo","Lockon"],"picked":"Sunder","floor":1.0},{"not_picked":["Conserve Battery","Hologram"],"picked":"Ball Lightning","floor":3.0},{"not_picked":["Chill","Heatsinks"],"picked":"Fission","floor":4.0},{"not_picked":["Barrage","Loop"],"picked":"Rainbow","floor":10.0},{"not_picked":["Coolheaded","Auto Shields"],"picked":"Tempest","floor":13.0},{"not_picked":["Lockon","Cold Snap","Go for the Eyes"],"picked":"SKIP","floor":14.0},{"not_picked":["Thunder Strike","Seek"],"picked":"Creative AI","floor":16.0},{"not_picked":["Rebound","Auto Shields"],"picked":"Rip and Tear+1","floor":18.0},{"not_picked":["Heatsinks","Undo+1"],"picked":"Consume","floor":20},{"not_picked":["Stack","Leap"],"picked":"Steam+1","floor":22}],"player_experience":915661,"relics_obtained":[{"floor":9.0,"key":"Bag of Marbles"},{"floor":10.0,"key":"Symbiotic Virus"},{"floor":17.0,"key":"Orichalcum"},{"floor":17.0,"key":"Blue Candle"},{"floor":17.0,"key":"Girya"}],"event_choices":[{"damage_healed":0.0,"max_hp_gain":0.0,"max_hp_loss":0.0,"gold_gain":0.0,"event_name":"Shining Light","player_choice":"Entered Light","floor":5.0,"gold_loss":0.0,"damage_taken":21.0,"cards_upgraded":["Fission","Dualcast"]},{"damage_healed":0.0,"max_hp_gain":0.0,"max_hp_loss":0.0,"gold_gain":78.0,"event_name":"Golden Wing","player_choice":"Gained Gold","floor":7.0,"gold_loss":0.0,"damage_taken":0.0},{"damage_healed":0,"gold_gain":0,"player_choice":"Obtained Relic","damage_taken":0,"relics_obtained":["Ice Cream"],"max_hp_gain":0,"max_hp_loss":0,"event_name":"Addict","floor":21,"gold_loss":85}],"is_beta":false,"boss_relics":[{"not_picked":["Cursed Key","FrozenCore"],"picked":"Calling Bell"}],"items_purged_floors":[19],"is_endless":false,"potions_floor_spawned":[3,4,14,20],"killed_by":"Gremlin Leader","ascension_level":20}