{"gold_per_floor":[116,130,141,156,156,156,187,187,187,218,218,286,296,306,306,410,410,427,527,50,149,149,180,180,0,0,0,20,20,32,52,52,52],"floor_reached":33,"playtime":2697,"items_purged":[],"score":435,"play_id":"8a4f2d7e-6dc4-4040-a8c1-24ddfbbed858","local_time":"20190126134746","is_ascension_mode":true,"campfire_choices":[{"floor":6,"key":"REST"},{"data":"Shrug It Off","floor":8,"key":"SMITH"},{"data":"Flame Barrier","floor":11,"key":"SMITH"},{"floor":15,"key":"REST"},{"floor":24,"key":"REST"},{"floor":27,"key":"REST"},{"floor":32,"key":"REST"}],"neow_cost":"NONE","seed_source_timestamp":166812364075649,"circlet_count":0,"master_deck":["Strike_R","Strike_R","Strike_R","Strike_R","Strike_R","Defend_R","Defend_R","Defend_R","Defend_R","Bash","Pummel","Clash","Anger","Shrug It Off+1","Shrug It Off+1","Flame Barrier+1","Fiend Fire","Anger","Feel No Pain","Exhume","Pain","Decay","Shame","Clothesline","Disarm","Intimidate+1","Shrug It Off","Metallicize","Flame Barrier","Rage+1","Warcry","Iron Wave"],"relics":["Burning Blood","Strawberry","Dream Catcher","Ornamental Fan","Calling Bell","Girya","Shuriken","Bag of Preparation","Calipers","Mercury Hourglass","Charon\u0027s Ashes","TheAbacus","Gremlin Horn","Du-Vu Doll"],"potions_floor_usage":[7,7,7,19,23,30,33,33],"damage_taken":[{"damage":13,"enemies":"Small Slimes","floor":1,"turns":6},{"damage":13,"enemies":"Jaw Worm","floor":2,"turns":6},{"damage":1,"enemies":"2 Louse","floor":3,"turns":2},{"damage":12,"enemies":"Looter","floor":4,"turns":3},{"damage":0,"enemies":"Gremlin Nob","floor":7,"turns":4},{"damage":32,"enemies":"Lagavulin","floor":10,"turns":7},{"damage":5,"enemies":"2 Fungi Beasts","floor":13,"turns":4},{"damage":12,"enemies":"Gremlin Gang","floor":14,"turns":6},{"damage":48,"enemies":"Slime Boss","floor":16,"turns":13},{"damage":0,"enemies":"3 Byrds","floor":18,"turns":1},{"damage":37,"enemies":"Colosseum Slavers","floor":19,"turns":8},{"damage":49,"enemies":"Colosseum Nobs","floor":19,"turns":8},{"damage":15,"enemies":"Gremlin Leader","floor":23,"turns":7},{"damage":6,"enemies":"Chosen","floor":28,"turns":5},{"damage":17,"enemies":"Snake Plant","floor":30,"turns":4},{"damage":7,"enemies":"Snecko","floor":31,"turns":7},{"damage":90,"enemies":"Collector","floor":33,"turns":13}],"seed_played":"5387624134734260134","potions_obtained":[{"floor":0,"key":"EssenceOfSteel"},{"floor":0,"key":"FearPotion"},{"floor":0,"key":"Dexterity Potion"},{"floor":10,"key":"Regen Potion"},{"floor":13,"key":"BloodPotion"},{"floor":19,"key":"SkillPotion"},{"floor":23,"key":"Poison Potion"},{"floor":30,"key":"Poison Potion"}],"is_trial":false,"path_per_floor":["M","M","M","M","?","R","E","R","T","E","R","?","M","M","R","B",null,"M","?","$","?","?","E","R","?","T","R","M","$","M","M","R","B"],"character_chosen":"IRONCLAD","items_purchased":["Charon\u0027s Ashes","TheAbacus"],"campfire_rested":5,"item_purchase_floors":[20,20],"current_hp_per_floor":[65,58,63,57,57,80,87,87,87,61,61,61,62,56,82,40,75,81,22,22,22,22,13,39,39,39,65,65,65,54,53,79,0],"gold":52,"neow_bonus":"THREE_SMALL_POTIONS","is_prod":false,"is_daily":false,"chose_seed":false,"campfire_upgraded":2,"win_rate":0,"timestamp":1548506866,"path_taken":["M","M","M","M","?","R","E","R","T","E","R","?","?","M","R","BOSS","M","?","$","?","?","E","R","?","T","R","M","?","M","M","R","BOSS"],"build_version":"2019-01-23","purchased_purges":0,"victory":false,"max_hp_per_floor":[80,80,80,80,80,80,87,87,87,87,87,87,87,87,87,87,87,87,87,87,87,87,87,87,87,87,87,87,87,87,87,87,87],"card_choices":[{"not_picked":["Rage","Clash"],"picked":"Pummel","floor":1},{"not_picked":["Dark Embrace","Corruption"],"picked":"Clash","floor":2},{"not_picked":["Clash","True Grit"],"picked":"Anger","floor":3},{"not_picked":["Heavy Blade","Fire Breathing"],"picked":"Shrug It Off","floor":4},{"not_picked":["Wild Strike","Spot Weakness"],"picked":"Shrug It Off","floor":7},{"not_picked":["Cleave","Seeing Red"],"picked":"Flame Barrier","floor":10},{"not_picked":["Warcry","Burning Pact"],"picked":"Fiend Fire","floor":13},{"not_picked":["Heavy Blade","Shockwave"],"picked":"Anger","floor":14},{"not_picked":["Heavy Blade","Wild Strike"],"picked":"Feel No Pain","floor":15},{"not_picked":["Fiend Fire","Immolate"],"picked":"Exhume","floor":16},{"not_picked":["True Grit","Perfected Strike"],"picked":"Clothesline","floor":18},{"not_picked":["Shrug It Off","Power Through"],"picked":"Disarm","floor":19},{"not_picked":["Barricade","Metallicize"],"picked":"Intimidate+1","floor":23},{"not_picked":["Pommel Strike","Rupture+1"],"picked":"Shrug It Off","floor":24},{"not_picked":["Havoc+1","Evolve"],"picked":"Metallicize","floor":27},{"not_picked":["Searing Blow","Sentinel"],"picked":"Flame Barrier","floor":28},{"not_picked":["Corruption","Carnage+1"],"picked":"Rage+1","floor":30},{"not_picked":["Twin Strike","Heavy Blade+1"],"picked":"Warcry","floor":31},{"not_picked":["Sever Soul","Uppercut"],"picked":"Iron Wave","floor":32}],"player_experience":383326,"relics_obtained":[{"floor":7,"key":"Strawberry"},{"floor":9,"key":"Dream Catcher"},{"floor":10,"key":"Ornamental Fan"},{"floor":17,"key":"Girya"},{"floor":17,"key":"Shuriken"},{"floor":17,"key":"Bag of Preparation"},{"floor":19,"key":"Calipers"},{"floor":19,"key":"Mercury Hourglass"},{"floor":23,"key":"Gremlin Horn"},{"floor":26,"key":"Du-Vu Doll"}],"event_choices":[{"damage_healed":0,"gold_gain":0,"player_choice":"Grow","damage_taken":0,"max_hp_gain":0,"max_hp_loss":0,"event_name":"Living Wall","floor":5,"gold_loss":0,"cards_upgraded":["Shrug It Off"]},{"damage_healed":0,"gold_gain":68,"player_choice":"Gained Gold","damage_taken":0,"max_hp_gain":0,"max_hp_loss":0,"event_name":"Golden Wing","floor":12,"gold_loss":0},{"damage_healed":0,"gold_gain":0,"player_choice":"Fight","damage_taken":0,"max_hp_gain":0,"max_hp_loss":0,"event_name":"Colosseum","floor":19,"gold_loss":0},{"damage_healed":0,"gold_gain":0,"player_choice":"Fought Nobs","damage_taken":0,"max_hp_gain":0,"max_hp_loss":0,"event_name":"Colosseum","floor":19,"gold_loss":0},{"damage_healed":0,"gold_gain":99,"player_choice":"Stole From Cult","damage_taken":0,"max_hp_gain":0,"max_hp_loss":0,"event_name":"Nest","floor":21,"gold_loss":0},{"damage_healed":0,"gold_gain":0,"player_choice":"Ignored","damage_taken":0,"max_hp_gain":0,"max_hp_loss":0,"event_name":"Ghosts","floor":22,"gold_loss":0},{"damage_healed":0,"gold_gain":0,"player_choice":"Paid Fearfully","damage_taken":0,"max_hp_gain":0,"max_hp_loss":0,"event_name":"Masked Bandits","floor":25,"gold_loss":180}],"is_beta":false,"boss_relics":[{"not_picked":["Velvet Choker","White Beast Statue"],"picked":"Calling Bell"}],"items_purged_floors":[],"is_endless":false,"potions_floor_spawned":[2,4,10,13,19,23,30],"killed_by":"Collector","ascension_level":9}