{"gold_per_floor":[115,127,202,202,215,277,277],"floor_reached":7,"playtime":213,"items_purged":[],"score":74,"play_id":"7e4a9a66-27b0-45fe-b451-5e0ef71eb0af","local_time":"20190419152623","is_ascension_mode":true,"campfire_choices":[],"neow_cost":"NONE","seed_source_timestamp":716956904331400,"circlet_count":0,"master_deck":["Strike_R","Strike_R","Strike_R","Strike_R","Strike_R","Defend_R","Defend_R","Defend_R","Defend_R","Bash","Iron Wave","Flame Barrier"],"relics":["Burning Blood","NeowsBlessing","Tiny Chest"],"potions_floor_usage":[7],"damage_taken":[{"damage":0,"enemies":"Small Slimes","floor":1,"turns":1},{"damage":0,"enemies":"Jaw Worm","floor":2,"turns":1},{"damage":0,"enemies":"Cultist","floor":5,"turns":1},{"damage":48,"enemies":"3 Sentries","floor":6,"turns":14},{"damage":43,"enemies":"Gremlin Nob","floor":7,"turns":4}],"seed_played":"2881180204001933899","potions_obtained":[{"floor":5,"key":"GamblersBrew"}],"is_trial":false,"path_per_floor":["M","M","?","?","M","E","?"],"character_chosen":"IRONCLAD","items_purchased":[],"campfire_rested":0,"item_purchase_floors":[],"current_hp_per_floor":[78,80,69,74,80,38,0],"gold":277,"neow_bonus":"THREE_ENEMY_KILL","is_prod":false,"is_daily":false,"chose_seed":false,"campfire_upgraded":0,"win_rate":0,"timestamp":1555658783,"path_taken":["M","M","?","?","M","E","?"],"build_version":"2019-01-23","purchased_purges":0,"victory":false,"max_hp_per_floor":[80,80,80,85,85,85,85],"card_choices":[{"not_picked":["Wild Strike","Reckless Charge"],"picked":"Iron Wave","floor":1},{"not_picked":["Clash","True Grit"],"picked":"Flame Barrier","floor":2},{"not_picked":["Shrug It Off","Entrench","Warcry"],"picked":"SKIP","floor":5},{"not_picked":["Havoc","Cleave","Fire Breathing"],"picked":"SKIP","floor":6}],"player_experience":514947,"relics_obtained":[{"floor":6,"key":"Tiny Chest"}],"event_choices":[{"damage_healed":0,"gold_gain":75,"player_choice":"Gather Gold","damage_taken":11,"max_hp_gain":0,"max_hp_loss":0,"event_name":"World of Goop","floor":3,"gold_loss":0},{"damage_healed":0,"gold_gain":0,"player_choice":"Donut","damage_taken":0,"max_hp_gain":5,"max_hp_loss":0,"event_name":"Big Fish","floor":4,"gold_loss":0},{"damage_healed":0,"gold_gain":0,"player_choice":"Searched \u00271\u0027 times","damage_taken":0,"max_hp_gain":0,"max_hp_loss":0,"event_name":"Dead Adventurer","floor":7,"gold_loss":0}],"is_beta":false,"boss_relics":[],"items_purged_floors":[],"is_endless":false,"potions_floor_spawned":[5],"killed_by":"Gremlin Nob","ascension_level":9}