{"gold_per_floor":[118,48,48,48,59,59,90,113,113,113],"floor_reached":10,"playtime":554,"items_purged":[],"score":69,"play_id":"ba13fd19-ae9a-42c8-b640-7e7117fa6a51","local_time":"20190409174258","is_ascension_mode":true,"campfire_choices":[],"neow_cost":"NONE","seed_source_timestamp":325724336617759,"circlet_count":0,"master_deck":["Defend_G","Defend_G","Defend_G","Defend_G","Defend_G+1","Strike_G","Strike_G","Strike_G","Strike_G","Strike_G","Survivor+1","Neutralize","Sucker Punch","Infinite Blades","Regret","Cloak And Dagger","Cloak And Dagger","Dash"],"relics":["Ring of the Snake","FossilizedHelix","Golden Idol","Oddly Smooth Stone"],"potions_floor_usage":[],"damage_taken":[{"damage":0,"enemies":"2 Louse","floor":1,"turns":3},{"damage":0,"enemies":"Small Slimes","floor":5,"turns":4},{"damage":33,"enemies":"Lagavulin","floor":7,"turns":10},{"damage":0,"enemies":"Cultist","floor":8,"turns":3},{"damage":13,"enemies":"3 Sentries","floor":10,"turns":7}],"seed_played":"7165643733607806056","potions_obtained":[{"floor":8,"key":"Swift Potion"}],"is_trial":false,"path_per_floor":["M","$","?","?","M","?","E","M","T","E"],"character_chosen":"THE_SILENT","items_purchased":["Infinite Blades"],"campfire_rested":0,"item_purchase_floors":[2],"current_hp_per_floor":[77,77,62,62,62,43,10,10,10,0],"gold":113,"neow_bonus":"TEN_PERCENT_HP_BONUS","is_prod":false,"is_daily":false,"chose_seed":false,"campfire_upgraded":0,"win_rate":0,"timestamp":1554849778,"path_taken":["M","$","?","?","M","?","E","M","T","E"],"build_version":"2019-01-23","purchased_purges":0,"victory":false,"max_hp_per_floor":[77,77,77,77,77,77,77,77,77,77],"card_choices":[{"not_picked":["Dodge and Roll","Dagger Throw"],"picked":"Sucker Punch","floor":1},{"not_picked":["Backflip","Catalyst"],"picked":"Cloak And Dagger","floor":5},{"not_picked":["Venomology","Poisoned Stab"],"picked":"Cloak And Dagger","floor":7},{"not_picked":["PiercingWail","Blade Dance"],"picked":"Dash","floor":8}],"player_experience":162144,"relics_obtained":[{"floor":7,"key":"Oddly Smooth Stone"}],"event_choices":[{"damage_healed":0,"gold_gain":0,"player_choice":"Entered Light","damage_taken":15,"max_hp_gain":0,"max_hp_loss":0,"event_name":"Shining Light","floor":3,"gold_loss":0,"cards_upgraded":["Survivor","Defend_G"]},{"damage_healed":0,"gold_gain":0,"player_choice":"Box","damage_taken":0,"relics_obtained":["FossilizedHelix"],"max_hp_gain":0,"max_hp_loss":0,"event_name":"Big Fish","floor":4,"gold_loss":0,"cards_obtained":["Regret"]},{"damage_healed":0,"gold_gain":0,"player_choice":"Take Damage","damage_taken":19,"relics_obtained":["Golden Idol"],"max_hp_gain":0,"max_hp_loss":0,"event_name":"Golden Idol","floor":6,"gold_loss":0}],"is_beta":false,"boss_relics":[],"items_purged_floors":[],"is_endless":false,"potions_floor_spawned":[8],"killed_by":"3 Sentries","ascension_level":1}