{"gold_per_floor":[118,134,134,134,155,155,193,193,242,41,41,72,48,72,72,192,192,212,212,212,231,53,53,76,76,100,123,147,188,206,225,225,346,346,365,365,365,388,407,407,427,471,471,471,491,505,110,125,125,125],"floor_reached":51,"playtime":2117,"items_purged":[],"score":1071,"play_id":"ccbfd33f-dde4-4f11-aa60-e56063376957","local_time":"20180918145208","is_ascension_mode":true,"campfire_choices":[{"data":"Hologram","floor":6,"key":"SMITH"},{"data":"Barrage","floor":8,"key":"SMITH"},{"data":"Barrage","floor":11,"key":"SMITH"},{"floor":15,"key":"REST"},{"data":"Consume","floor":23,"key":"SMITH"},{"data":"Echo Form","floor":32,"key":"SMITH"},{"floor":40,"key":"REST"},{"data":"Echo Form","floor":44,"key":"SMITH"},{"data":"Double Energy","floor":49,"key":"SMITH"}],"neow_cost":"NONE","seed_source_timestamp":108970806736359,"circlet_count":0,"master_deck":["Strike_B+1","Strike_B+1","Strike_B+1","Strike_B+1","Defend_B+1","Defend_B+1","Defend_B+1","Defend_B+1","Zap","Dualcast","AscendersBane","Electrodynamics","Ball Lightning+1","Self Repair","Injury","Barrage+1","Barrage+1","Glacier+1","Steam","Echo Form+1","Master of Strategy+1","Double Energy+1","Turbo","Machine Learning","Hologram+1","Echo Form+1","Turbo+1","Rip and Tear+1","Heatsinks+1","Storm+1"],"relics":["Cracked Core","Golden Idol","Strawberry","Bronze Scales","DataDisk","Blood Vial","Centennial Puzzle","Busted Crown","Whetstone","Incense Burner","Snecko Eye","Dead Branch","Pen Nib","Cables","ClockworkSouvenir","War Paint"],"potions_floor_usage":[7,12,29,31,35,42,50],"damage_taken":[{"damage":0,"enemies":"2 Louse","floor":1,"turns":1},{"damage":0,"enemies":"Small Slimes","floor":2,"turns":2},{"damage":1,"enemies":"Cultist","floor":5,"turns":3},{"damage":18,"enemies":"Lagavulin","floor":7,"turns":5},{"damage":32,"enemies":"Gremlin Nob","floor":12,"turns":4},{"damage":5,"enemies":"Slime Boss","floor":16,"turns":5},{"damage":7,"enemies":"Shell Parasite","floor":18,"turns":4},{"damage":4,"enemies":"Chosen","floor":21,"turns":4},{"damage":18,"enemies":"Sentry and Sphere","floor":24,"turns":5},{"damage":14,"enemies":"Centurion and Healer","floor":27,"turns":4},{"damage":2,"enemies":"Snecko","floor":28,"turns":3},{"damage":24,"enemies":"Gremlin Leader","floor":29,"turns":5},{"damage":1,"enemies":"3 Cultists","floor":30,"turns":4},{"damage":16,"enemies":"Snake Plant","floor":31,"turns":4},{"damage":34,"enemies":"Champ","floor":33,"turns":12},{"damage":1,"enemies":"3 Shapes","floor":35,"turns":2},{"damage":0,"enemies":"Mind Bloom Boss Battle","floor":36,"turns":5},{"damage":20,"enemies":"3 Darklings","floor":38,"turns":4},{"damage":32,"enemies":"Spire Growth","floor":39,"turns":5},{"damage":17,"enemies":"4 Shapes","floor":41,"turns":3},{"damage":18,"enemies":"Giant Head","floor":42,"turns":8},{"damage":0,"enemies":"Sphere and 2 Shapes","floor":45,"turns":4},{"damage":5,"enemies":"Reptomancer","floor":46,"turns":4},{"damage":0,"enemies":"Maw","floor":48,"turns":4},{"damage":14,"enemies":"Donu and Deca","floor":50,"turns":4}],"seed_played":"6101837990473451306","potions_obtained":[{"floor":1,"key":"Block Potion"},{"floor":7,"key":"Fire Potion"},{"floor":12,"key":"SpeedPotion"},{"floor":16,"key":"Explosive Potion"},{"floor":24,"key":"Regen Potion"},{"floor":29,"key":"Fire Potion"},{"floor":36,"key":"Strength Potion"},{"floor":38,"key":"SteroidPotion"},{"floor":41,"key":"Regen Potion"}],"is_trial":false,"path_per_floor":["M","M","?","?","M","R","E","R","T","$","R","E","$","T","R","B",null,"M","?","?","M","$","R","M","?","T","M","M","E","M","M","R","B",null,"M","?","?","M","M","R","M","E","T","R","M","M","$","M","R","B"],"character_chosen":"DEFECT","items_purchased":["DataDisk","Barrage","Steam","Master of Strategy","ClockworkSouvenir","War Paint","Swift Potion"],"campfire_rested":2,"item_purchase_floors":[10,10,13,22,47,47,47],"current_hp_per_floor":[68,68,68,53,59,59,55,55,55,55,55,30,30,30,54,51,74,82,82,82,82,82,82,78,78,78,66,80,65,66,78,78,53,75,76,82,82,76,53,77,62,82,82,82,82,82,82,82,82,75],"gold":125,"neow_bonus":"ONE_RANDOM_RARE_CARD","is_prod":false,"is_daily":false,"chose_seed":false,"campfire_upgraded":7,"win_rate":0,"timestamp":1537296728,"path_taken":["M","M","?","?","M","R","E","R","T","$","R","E","$","?","R","BOSS","M","?","?","M","$","R","M","?","T","M","?","E","M","M","R","BOSS","M","?","?","?","M","R","M","E","T","R","M","M","$","?","R","BOSS"],"build_version":"2018-09-06","purchased_purges":0,"victory":true,"max_hp_per_floor":[75,75,75,75,75,75,82,82,82,82,82,82,82,82,82,82,82,82,82,82,82,82,82,82,82,82,82,82,82,82,82,82,82,82,82,82,82,82,82,82,82,82,82,82,82,82,82,82,82,82],"card_choices":[{"not_picked":["Melter","Double Energy"],"picked":"Ball Lightning","floor":1},{"not_picked":["Ball Lightning","Turbo"],"picked":"Self Repair","floor":2},{"not_picked":["Gash","Beam Cell"],"picked":"Hologram","floor":5},{"not_picked":["Rip and Tear","Darkness"],"picked":"Barrage","floor":7},{"not_picked":["Beam Cell","Conserve Battery"],"picked":"Glacier","floor":12},{"not_picked":["Biased Cognition","Hyperbeam"],"picked":"Echo Form","floor":16},{"not_picked":[],"picked":"Glacier","floor":18},{"not_picked":["Stack"],"picked":"SKIP","floor":21},{"not_picked":["Darkness+1"],"picked":"SKIP","floor":24},{"not_picked":["Glacier+1"],"picked":"SKIP","floor":27},{"not_picked":["Rebound"],"picked":"SKIP","floor":28},{"not_picked":["Stack+1"],"picked":"SKIP","floor":29},{"not_picked":["FTL"],"picked":"SKIP","floor":30},{"not_picked":[],"picked":"Hologram+1","floor":31},{"not_picked":[],"picked":"Echo Form","floor":33},{"not_picked":["Darkness"],"picked":"SKIP","floor":35},{"not_picked":[],"picked":"Turbo+1","floor":36},{"not_picked":["Cold Snap+1"],"picked":"SKIP","floor":38},{"not_picked":["Streamline+1"],"picked":"SKIP","floor":39},{"not_picked":["Cold Snap"],"picked":"SKIP","floor":41},{"not_picked":[],"picked":"Rip and Tear+1","floor":42},{"not_picked":[],"picked":"Heatsinks+1","floor":45},{"not_picked":[],"picked":"Storm+1","floor":46},{"not_picked":["Leap+1"],"picked":"SKIP","floor":48}],"player_experience":558436,"relics_obtained":[{"floor":7,"key":"Strawberry"},{"floor":9,"key":"Bronze Scales"},{"floor":12,"key":"Blood Vial"},{"floor":14,"key":"Centennial Puzzle"},{"floor":26,"key":"Whetstone"},{"floor":29,"key":"Incense Burner"},{"floor":36,"key":"Dead Branch"},{"floor":42,"key":"Pen Nib"},{"floor":43,"key":"Cables"}],"event_choices":[{"event_name":"Golden Idol","player_choice":"Take Wound","floor":3,"damage_taken":0},{"event_name":"Shining Light","player_choice":"Entered Light","floor":4,"damage_taken":0},{"event_name":"The Library","player_choice":"Read","floor":19,"damage_taken":0},{"event_name":"Back to Basics","player_choice":"Simplicity","floor":20,"damage_taken":0},{"event_name":"Drug Dealer","player_choice":"Became Test Subject","floor":25,"damage_taken":0},{"event_name":"MindBloom","player_choice":"Fight","floor":36,"damage_taken":0},{"event_name":"SensoryStone","player_choice":"Memory 1","floor":37,"damage_taken":0}],"is_beta":false,"boss_relics":[{"not_picked":["Eternal Feather","Runic Pyramid"],"picked":"Busted Crown"},{"not_picked":["Black Star","Runic Dome"],"picked":"Snecko Eye"}],"items_purged_floors":[],"is_endless":false,"potions_floor_spawned":[1,7,12,16,24,27,29,36,38,41],"ascension_level":11}