{"path_per_floor":["M","?","?","M","?","R","?","R","T","M","E","M","M","M","R","B",null,"M","?","$","M"],"character_chosen":"DEFECT","items_purchased":["Scrape"],"gold_per_floor":[13,13,88,107,57,57,57,57,57,73,108,119,139,150,150,247,247,263,263,113,83,83],"floor_reached":22,"campfire_rested":0,"playtime":876,"current_hp_per_floor":[83,83,72,72,72,72,72,72,72,71,55,49,51,45,45,15,89,45,45,45,42,0],"items_purged":["Normality"],"gold":83,"score":186,"play_id":"2f9b724c-2545-4092-b87a-e24ebd585db8","local_time":"20180430071956","is_prod":false,"is_daily":false,"chose_seed":false,"is_ascension_mode":false,"campfire_upgraded":3,"timestamp":1525087196,"path_taken":["M","?","?","M","?","R","?","R","T","?","E","M","?","M","R","BOSS","M","?","$","M","M"],"build_version":"2018-04-27v3","seed_source_timestamp":603892937166774,"purchased_purges":1,"victory":false,"master_deck":["Strike_B+1","Strike_B+1","Strike_B+1","Defend_B+1","Defend_B+1","Defend_B+1","Zap","Dualcast+1","Capacitor+1","Gash+1","Auto Shields","Hologram+1","Reboot","Defragment","Amplify","Regret","Injury","Scrape","Beam Cell+1"],"max_hp_per_floor":[89,89,89,89,89,89,89,89,89,89,89,89,89,89,89,89,89,89,89,89,89,89],"relics":["Cracked Core","Meat on the Bone","Dodecahedron","Calling Bell","Vajra","Frozen Egg 2","Bird Faced Urn"],"card_choices":[{"not_picked":["Beam Cell","Skim"],"picked":"Capacitor","floor":4},{"not_picked":["Leap","Darkness"],"picked":"Auto Shields","floor":10},{"not_picked":["Leap","Undo"],"picked":"Hologram","floor":11},{"not_picked":["Streamline","Beam Cell"],"picked":"Reboot","floor":12},{"not_picked":["Impulse","Skim"],"picked":"Defragment","floor":13},{"not_picked":["Nova","Multi-Cast"],"picked":"Amplify","floor":16},{"not_picked":["Turbo","Ball Lightning"],"picked":"Beam Cell","floor":21}],"player_experience":26206,"potions_floor_usage":[11,14,16,18],"damage_taken":[{"damage":6,"enemies":"2 Louse","floor":1,"turns":3},{"damage":0,"enemies":"Small Slimes","floor":4,"turns":3},{"damage":1,"enemies":"Jaw Worm","floor":10,"turns":3},{"damage":16,"enemies":"Gremlin Nob","floor":11,"turns":4},{"damage":6,"enemies":"2 Fungi Beasts","floor":12,"turns":3},{"damage":10,"enemies":"Exordium Thugs","floor":13,"turns":4},{"damage":6,"enemies":"Exordium Wildlife","floor":14,"turns":4},{"damage":42,"enemies":"Hexaghost","floor":16,"turns":12},{"damage":46,"enemies":"Chosen","floor":18,"turns":7},{"damage":19,"enemies":"2 Thieves","floor":21,"turns":5},{"damage":51,"enemies":"Snecko","floor":22,"turns":5}],"event_choices":[{"event_name":"Living Wall","player_choice":"Grow","floor":2,"damage_taken":0},{"event_name":"World of Goop","player_choice":"Gather Gold","floor":3,"damage_taken":0},{"event_name":"The Cleric","player_choice":"Card Removal","floor":5,"damage_taken":0},{"event_name":"Transmorgrifier","player_choice":"Transform","floor":7,"damage_taken":0},{"event_name":"Back to Basics","player_choice":"Simplicity","floor":19,"damage_taken":0}],"boss_relics":[{"not_picked":["Philosopher\u0027s Stone","Runic Dome"],"picked":"Calling Bell"}],"potions_floor_spawned":[1,13,14,16,18],"seed_played":"6551516615635494247","killed_by":"Snecko","ascension_level":0,"is_trial":false}