{"gold_per_floor":[114,114,114,114,130,130,55,98,125,10,78,78,119,142,142,267,267,280,23,73,89,12,12,27,27,53,77,127,127],"floor_reached":29,"playtime":1244,"items_purged":["Regret"],"score":346,"play_id":"c5eecae6-274c-4ba4-b34a-2c47755898c6","local_time":"20190323231101","is_ascension_mode":true,"campfire_choices":[{"data":"Tactician","floor":6,"key":"SMITH"},{"data":"Noxious Fumes","floor":12,"key":"SMITH"},{"floor":15,"key":"REST"},{"floor":23,"key":"REST"},{"floor":25,"key":"REST"}],"neow_cost":"NONE","seed_source_timestamp":915261728653528,"circlet_count":0,"master_deck":["Defend_G","Defend_G","Defend_G","Defend_G","Defend_G","Strike_G","Strike_G","Strike_G","Strike_G","Strike_G","Survivor","Neutralize","Tactician+1","Injury","Dash","Predator","Bouncing Flask","Noxious Fumes+1","Noxious Fumes","Venomology","Crippling Poison","After Image","Prepared","Noxious Fumes","Footwork","Concentrate","Dagger Spray+1"],"relics":["Ring of the Snake","NeowsBlessing","Pantograph","Golden Idol","SsserpentHead","Pocketwatch","Lantern","Bottled Lightning","Philosopher\u0027s Stone","Snake Skull","Enchiridion","Oddly Smooth Stone"],"potions_floor_usage":[14,14,16,16,18,21,24,27,28,28,29,29],"damage_taken":[{"damage":0,"enemies":"2 Louse","floor":1,"turns":1},{"damage":0,"enemies":"Jaw Worm","floor":5,"turns":1},{"damage":0,"enemies":"Lagavulin","floor":8,"turns":1},{"damage":1,"enemies":"Small Slimes","floor":11,"turns":4},{"damage":29,"enemies":"3 Sentries","floor":13,"turns":7},{"damage":16,"enemies":"Exordium Thugs","floor":14,"turns":4},{"damage":37,"enemies":"Slime Boss","floor":16,"turns":8},{"damage":29,"enemies":"2 Thieves","floor":18,"turns":4},{"damage":12,"enemies":"Shell Parasite","floor":21,"turns":4},{"damage":24,"enemies":"Cultist and Chosen","floor":24,"turns":5},{"damage":16,"enemies":"Shelled Parasite and Fungi","floor":27,"turns":5},{"damage":1,"enemies":"Colosseum Slavers","floor":28,"turns":3},{"damage":16,"enemies":"Book of Stabbing","floor":29,"turns":2}],"seed_played":"4099791321663288681","potions_obtained":[{"floor":1,"key":"Energy Potion"},{"floor":5,"key":"Fire Potion"},{"floor":21,"key":"Fire Potion"},{"floor":24,"key":"GamblersBrew"}],"is_trial":false,"path_per_floor":["M","?","?","?","M","R","$","E","T","$","M","R","E","M","R","B",null,"M","$","?","M","$","R","M","R","T","M","?","E"],"character_chosen":"THE_SILENT","items_purchased":["Bouncing Flask","Noxious Fumes","Snake Skull","Fruit Juice","Footwork"],"campfire_rested":3,"item_purchase_floors":[10,10,19,19,22],"current_hp_per_floor":[63,63,63,63,63,63,63,63,63,63,62,62,33,17,38,26,59,30,30,14,7,7,29,5,27,27,11,10,0],"gold":127,"neow_bonus":"THREE_ENEMY_KILL","is_prod":false,"is_daily":false,"chose_seed":false,"campfire_upgraded":2,"win_rate":0,"timestamp":1553407861,"path_taken":["M","?","?","?","M","R","$","E","T","$","?","R","E","M","R","BOSS","M","$","?","M","$","R","M","R","T","M","?","E"],"build_version":"2019-01-23","purchased_purges":1,"victory":false,"max_hp_per_floor":[70,70,70,70,70,70,70,70,70,70,70,70,70,70,70,70,70,70,70,70,75,75,75,75,75,75,75,75,75],"card_choices":[{"not_picked":["Deadly Poison","Reflex"],"picked":"Tactician","floor":1},{"not_picked":["Concentrate","Quick Slash"],"picked":"Dash","floor":5},{"not_picked":["Bane","Flying Knee"],"picked":"Predator","floor":8},{"not_picked":["Poisoned Stab","PiercingWail"],"picked":"Noxious Fumes","floor":11},{"not_picked":["Slice","All Out Attack"],"picked":"Venomology","floor":13},{"not_picked":["Acrobatics","Dagger Spray"],"picked":"Crippling Poison","floor":14},{"not_picked":["Bullet Time","Tools of the Trade"],"picked":"After Image","floor":16},{"not_picked":["Deadly Poison","Sucker Punch"],"picked":"Prepared","floor":18},{"not_picked":["Endless Agony","Blade Dance"],"picked":"Noxious Fumes","floor":21},{"not_picked":["Dagger Spray","Prepared"],"picked":"Concentrate","floor":24},{"not_picked":["All Out Attack","Quick Slash"],"picked":"Dagger Spray+1","floor":27}],"player_experience":406905,"relics_obtained":[{"floor":8,"key":"Pocketwatch"},{"floor":9,"key":"Lantern"},{"floor":13,"key":"Bottled Lightning"},{"floor":20,"key":"Enchiridion"},{"floor":26,"key":"Oddly Smooth Stone"}],"event_choices":[{"damage_healed":0,"gold_gain":0,"player_choice":"Box","damage_taken":0,"relics_obtained":["Pantograph"],"max_hp_gain":0,"max_hp_loss":0,"event_name":"Big Fish","floor":2,"gold_loss":0,"cards_obtained":["Regret"]},{"damage_healed":0,"gold_gain":0,"player_choice":"Take Wound","damage_taken":0,"relics_obtained":["Golden Idol"],"max_hp_gain":0,"max_hp_loss":0,"event_name":"Golden Idol","floor":3,"gold_loss":0,"cards_obtained":["Injury"]},{"damage_healed":0,"gold_gain":0,"player_choice":"Trade","damage_taken":0,"relics_obtained":["SsserpentHead"],"max_hp_gain":0,"max_hp_loss":0,"event_name":"FaceTrader","floor":4,"gold_loss":0},{"damage_healed":0,"gold_gain":0,"player_choice":"Obtained Book","damage_taken":16,"max_hp_gain":0,"max_hp_loss":0,"event_name":"Cursed Tome","floor":20,"gold_loss":0},{"damage_healed":0,"gold_gain":0,"player_choice":"Fight","damage_taken":0,"max_hp_gain":0,"max_hp_loss":0,"event_name":"Colosseum","floor":28,"gold_loss":0},{"damage_healed":0,"gold_gain":0,"player_choice":"Fled From Nobs","damage_taken":0,"max_hp_gain":0,"max_hp_loss":0,"event_name":"Colosseum","floor":28,"gold_loss":0}],"is_beta":false,"boss_relics":[{"not_picked":["Empty Cage","Sozu"],"picked":"Philosopher\u0027s Stone"}],"items_purged_floors":[7],"is_endless":false,"potions_floor_spawned":[1,5,21,24],"killed_by":"Book of Stabbing","ascension_level":7}