{"gold_per_floor":[119,119,136,67,81,107,107,132,132,132,161,161,172,188,188,264,264,276,276,276,26,36,36,49,65,92,92],"floor_reached":27,"playtime":1528,"items_purged":[],"score":388,"play_id":"e93e56d4-3706-44f4-9a90-c580394d7e33","local_time":"20190507191355","is_ascension_mode":true,"campfire_choices":[{"data":"Sunder","floor":10,"key":"SMITH"},{"data":"Capacitor","floor":12,"key":"SMITH"},{"floor":15,"key":"REST"},{"floor":23,"key":"REST"}],"neow_cost":"NONE","seed_source_timestamp":175623715947048,"circlet_count":0,"master_deck":["AscendersBane","Strike_B","Strike_B","Strike_B","Strike_B","Defend_B","Defend_B","Defend_B","Defend_B","Zap+1","Dualcast","FTL","Capacitor+1","Core Surge","Ball Lightning","Auto Shields","Sunder+1","Reboot","BootSequence","Hello World","Echo Form","Barrage","Heatsinks","Hello World+1"],"relics":["Cracked Core","NeowsBlessing","Ornamental Fan","The Courier","Regal Pillow","Ancient Tea Set","Inserter","Nloth\u0027s Gift","Bird Faced Urn","Bag of Preparation"],"potions_floor_usage":[8,16,16,20,27],"damage_taken":[{"damage":0,"enemies":"Jaw Worm","floor":1,"turns":1},{"damage":0,"enemies":"Cultist","floor":3,"turns":1},{"damage":0,"enemies":"Small Slimes","floor":5,"turns":1},{"damage":35,"enemies":"3 Sentries","floor":6,"turns":6},{"damage":9,"enemies":"Lagavulin","floor":8,"turns":6},{"damage":10,"enemies":"Gremlin Nob","floor":11,"turns":3},{"damage":0,"enemies":"3 Louse","floor":13,"turns":2},{"damage":0,"enemies":"Exordium Wildlife","floor":14,"turns":2},{"damage":15,"enemies":"Slime Boss","floor":16,"turns":9},{"damage":11,"enemies":"Spheric Guardian","floor":18,"turns":3},{"damage":0,"enemies":"2 Thieves","floor":20,"turns":1},{"damage":30,"enemies":"Snake Plant","floor":22,"turns":6},{"damage":38,"enemies":"Sentry and Sphere","floor":24,"turns":6},{"damage":28,"enemies":"Cultist and Chosen","floor":25,"turns":6},{"damage":38,"enemies":"Slavers","floor":27,"turns":3}],"seed_played":"-5788899229227339930","potions_obtained":[{"floor":5,"key":"Energy Potion"},{"floor":6,"key":"Dexterity Potion"},{"floor":8,"key":"Weak Potion"},{"floor":11,"key":"Dexterity Potion"},{"floor":16,"key":"SmokeBomb"},{"floor":24,"key":"GamblersBrew"}],"is_trial":false,"path_per_floor":["M","?","M","$","M","E","?","E","T","R","E","R","M","M","R","B",null,"M","?","M","$","M","R","M","M","T","E"],"character_chosen":"DEFECT","items_purchased":["Core Surge","Bird Faced Urn"],"campfire_rested":2,"item_purchase_floors":[4,21],"current_hp_per_floor":[68,68,68,68,68,33,58,49,49,49,39,39,39,39,75,60,71,60,60,60,60,34,71,43,25,25,0],"gold":92,"neow_bonus":"THREE_ENEMY_KILL","is_prod":false,"is_daily":false,"chose_seed":false,"campfire_upgraded":2,"win_rate":0,"timestamp":1557281635,"path_taken":["M","?","?","$","M","E","?","E","T","R","E","R","M","M","R","BOSS","M","?","?","$","M","R","M","M","T","E"],"build_version":"2019-01-23","purchased_purges":0,"victory":false,"max_hp_per_floor":[75,75,75,75,75,75,75,75,75,75,75,75,75,75,75,75,75,75,75,75,75,75,75,75,75,75,75],"card_choices":[{"not_picked":["Redo","Scrape"],"picked":"FTL","floor":1},{"not_picked":["FTL","Compile Driver"],"picked":"Capacitor","floor":3},{"not_picked":["Stack","Gash"],"picked":"Ball Lightning","floor":5},{"not_picked":["Stack","Beam Cell"],"picked":"Auto Shields","floor":6},{"not_picked":["Rebound","Coolheaded"],"picked":"Sunder","floor":8},{"not_picked":["Steam","Barrage"],"picked":"Reboot","floor":11},{"not_picked":["Turbo","Leap"],"picked":"BootSequence","floor":13},{"not_picked":["Barrage","Compile Driver"],"picked":"Hello World","floor":14},{"not_picked":["Reboot","Meteor Strike"],"picked":"Echo Form","floor":16},{"not_picked":["Doom and Gloom","Go for the Eyes"],"picked":"Barrage","floor":18},{"not_picked":["Leap","Coolheaded"],"picked":"Heatsinks","floor":22},{"not_picked":["Darkness","Multi-Cast","Hologram"],"picked":"SKIP","floor":24},{"not_picked":["Fusion","Undo"],"picked":"Hello World+1","floor":25}],"player_experience":617667,"relics_obtained":[{"floor":6,"key":"Ornamental Fan"},{"floor":8,"key":"Matryoshka"},{"floor":9,"key":"The Courier"},{"floor":9,"key":"Regal Pillow"},{"floor":11,"key":"Ancient Tea Set"},{"floor":26,"key":"Bag of Preparation"}],"event_choices":[{"damage_healed":0,"gold_gain":0,"player_choice":"Upgraded","damage_taken":0,"max_hp_gain":0,"max_hp_loss":0,"event_name":"Upgrade Shrine","floor":2,"gold_loss":0,"cards_upgraded":["Zap"]},{"damage_healed":25,"gold_gain":0,"player_choice":"Banana","damage_taken":0,"max_hp_gain":0,"max_hp_loss":0,"event_name":"Big Fish","floor":7,"gold_loss":0},{"damage_healed":0,"gold_gain":0,"player_choice":"Traded Relic","damage_taken":0,"relics_obtained":["Nloth\u0027s Gift"],"max_hp_gain":0,"max_hp_loss":0,"event_name":"N\u0027loth","floor":19,"relics_lost":["Matryoshka"],"gold_loss":0}],"is_beta":false,"boss_relics":[{"not_picked":["Sozu","Cursed Key"],"picked":"Inserter"}],"items_purged_floors":[],"is_endless":false,"potions_floor_spawned":[5,6,8,11,16,24],"killed_by":"Slavers","ascension_level":13}