{"gold_per_floor":[109,35,35,310,322,322,351,351,351,363,59,86,104,122,122,219,519,529,541,85,85,0,0,34,34,34,48,63,63],"floor_reached":29,"playtime":949,"items_purged":["Regret","Normality"],"score":348,"play_id":"cd3b0461-1e45-4aab-8c6d-169d5c13d595","local_time":"20190402183514","is_ascension_mode":true,"campfire_choices":[{"data":"Chaos","floor":6,"key":"SMITH"},{"data":"Defragment","floor":8,"key":"SMITH"},{"data":"Sunder","floor":15,"key":"SMITH"},{"data":"Mayhem","floor":23,"key":"SMITH"},{"data":"Static Discharge","floor":25,"key":"SMITH"}],"neow_cost":"NONE","seed_source_timestamp":1762997075213601,"circlet_count":0,"master_deck":["Strike_B","Strike_B","Strike_B","Strike_B","Defend_B","Defend_B","Defend_B","Defend_B","Zap","Dualcast","Turbo","Sunder+1","Chaos+1","Defragment+1","Storm","Storm","Rebound","Self Repair","Sunder+1","Echo Form","Normality","Parasite","Recycle+1","Turbo","Static Discharge+1","Mayhem+1","Rainbow","Conserve Battery+1"],"relics":["Cracked Core","NeowsBlessing","Orichalcum","Cables","Chemical X","Bag of Preparation","Calling Bell","Potion Belt","Blue Candle","Old Coin","Membership Card","Lantern","Letter Opener","Singing Bowl"],"potions_floor_usage":[12,14,16,27],"damage_taken":[{"damage":0,"enemies":"Small Slimes","floor":1,"turns":1},{"damage":0,"enemies":"Jaw Worm","floor":5,"turns":1},{"damage":0,"enemies":"3 Sentries","floor":7,"turns":1},{"damage":0,"enemies":"Cultist","floor":10,"turns":2},{"damage":6,"enemies":"Gremlin Nob","floor":12,"turns":4},{"damage":0,"enemies":"Exordium Wildlife","floor":13,"turns":2},{"damage":0,"enemies":"3 Louse","floor":14,"turns":1},{"damage":20,"enemies":"Slime Boss","floor":16,"turns":6},{"damage":23,"enemies":"2 Thieves","floor":18,"turns":3},{"damage":17,"enemies":"Shell Parasite","floor":19,"turns":3},{"damage":28,"enemies":"Book of Stabbing","floor":24,"turns":4},{"damage":5,"enemies":"Snecko","floor":27,"turns":3},{"damage":24,"enemies":"Centurion and Healer","floor":28,"turns":4},{"damage":22,"enemies":"Gremlin Leader","floor":29,"turns":2}],"seed_played":"3291851072837148711","potions_obtained":[{"floor":7,"key":"Poison Potion"},{"floor":10,"key":"Explosive Potion"},{"floor":12,"key":"Ancient Potion"},{"floor":14,"key":"FocusPotion"}],"is_trial":false,"path_per_floor":["M","$","?","?","M","R","E","R","T","M","$","E","M","M","R","B",null,"M","M","$","?","?","R","E","R","T","M","M","E"],"character_chosen":"DEFECT","items_purchased":["Sunder","Chemical X","Storm","Membership Card","Lantern","Static Discharge","Mayhem"],"campfire_rested":0,"item_purchase_floors":[2,11,11,20,20,20,20],"current_hp_per_floor":[75,75,75,75,75,75,75,75,75,75,75,69,69,69,69,56,70,54,37,37,62,62,62,41,41,41,38,14,0],"gold":63,"neow_bonus":"THREE_ENEMY_KILL","is_prod":false,"is_daily":false,"chose_seed":false,"campfire_upgraded":5,"win_rate":0,"timestamp":1554255314,"path_taken":["M","$","?","?","?","R","E","R","T","M","$","E","M","M","R","BOSS","M","M","$","?","?","R","E","R","T","M","M","E"],"build_version":"2019-01-23","purchased_purges":2,"victory":false,"max_hp_per_floor":[75,75,75,75,75,75,75,75,75,75,75,75,75,75,75,75,75,75,75,75,75,75,75,75,75,75,77,77,77],"card_choices":[{"not_picked":["Gash","Go for the Eyes"],"picked":"Turbo","floor":1},{"not_picked":["Compile Driver","Hologram"],"picked":"Chaos","floor":5},{"not_picked":["Undo","Beam Cell"],"picked":"Defragment","floor":7},{"not_picked":["Barrage","Aggregate"],"picked":"Storm","floor":10},{"not_picked":["Leap","Skim"],"picked":"Rebound","floor":12},{"not_picked":["Steam","BootSequence"],"picked":"Self Repair","floor":13},{"not_picked":["Glacier","Leap"],"picked":"Sunder","floor":14},{"not_picked":["Meteor Strike","Fission"],"picked":"Echo Form","floor":16},{"not_picked":["Ball Lightning","Coolheaded+1"],"picked":"Recycle+1","floor":18},{"not_picked":["Recycle+1","Sweeping Beam"],"picked":"Turbo","floor":19},{"not_picked":["FTL","Gash"],"picked":"Rainbow","floor":24},{"not_picked":["Go for the Eyes","Undo","Sweeping Beam"],"picked":"Singing Bowl","floor":27},{"not_picked":["Recycle","Barrage"],"picked":"Conserve Battery+1","floor":28}],"player_experience":487680,"relics_obtained":[{"floor":7,"key":"Orichalcum"},{"floor":9,"key":"Cables"},{"floor":12,"key":"Bag of Preparation"},{"floor":17,"key":"Potion Belt"},{"floor":17,"key":"Blue Candle"},{"floor":17,"key":"Old Coin"},{"floor":24,"key":"Singing Bowl"}],"event_choices":[{"damage_healed":0,"gold_gain":0,"player_choice":"Grow","damage_taken":0,"max_hp_gain":0,"max_hp_loss":0,"event_name":"Living Wall","floor":3,"gold_loss":0,"cards_upgraded":["Sunder"]},{"damage_healed":0,"gold_gain":275,"player_choice":"Desecrate","damage_taken":0,"max_hp_gain":0,"max_hp_loss":0,"event_name":"Golden Shrine","floor":4,"gold_loss":0,"cards_obtained":["Regret"]},{"damage_healed":25,"gold_gain":0,"player_choice":"Heal","damage_taken":0,"max_hp_gain":0,"max_hp_loss":0,"event_name":"The Library","floor":21,"gold_loss":0},{"damage_healed":0,"gold_gain":0,"player_choice":"Obtained Relic","damage_taken":0,"relics_obtained":["Letter Opener"],"max_hp_gain":0,"max_hp_loss":0,"event_name":"Addict","floor":22,"gold_loss":85}],"is_beta":false,"boss_relics":[{"not_picked":["Orrery","White Beast Statue"],"picked":"Calling Bell"}],"items_purged_floors":[11,20],"is_endless":false,"potions_floor_spawned":[7,10,12,14],"killed_by":"Gremlin Leader","ascension_level":5}