{"gold_per_floor":[113,188,188,203,11,11,27,27],"floor_reached":8,"playtime":189,"items_purged":[],"score":46,"play_id":"bb333563-44b6-4352-9ca0-ee73164c9073","local_time":"20190412143049","is_ascension_mode":false,"campfire_choices":[{"data":"Prepared","floor":6,"key":"SMITH"}],"neow_cost":"NONE","seed_source_timestamp":108763284601700,"circlet_count":0,"master_deck":["Defend_G","Defend_G","Defend_G","Defend_G","Defend_G","Strike_G","Strike_G","Strike_G","Strike_G","Strike_G","Survivor","Neutralize+1","Reflex","Prepared+1","Backflip"],"relics":["Ring of the Snake","PrismaticShard"],"potions_floor_usage":[],"damage_taken":[{"damage":7,"enemies":"Jaw Worm","floor":1,"turns":6},{"damage":0,"enemies":"Small Slimes","floor":4,"turns":3},{"damage":0,"enemies":"Cultist","floor":7,"turns":4},{"damage":4,"enemies":"3 Sentries","floor":8,"turns":2}],"seed_played":"-883704719003550132","potions_obtained":[{"floor":7,"key":"SteroidPotion"}],"is_trial":false,"path_per_floor":["M","?","?","M","$","R","M","?"],"character_chosen":"THE_SILENT","items_purchased":["PrismaticShard"],"campfire_rested":0,"item_purchase_floors":[5],"current_hp_per_floor":[63,52,52,52,52,52,52,48],"gold":27,"neow_bonus":"THREE_CARDS","is_prod":false,"is_daily":false,"chose_seed":false,"campfire_upgraded":1,"win_rate":0,"timestamp":1555050649,"path_taken":["M","?","?","?","$","R","M","?"],"build_version":"2019-01-23","purchased_purges":0,"victory":false,"max_hp_per_floor":[70,70,70,70,70,70,70,70],"card_choices":[{"not_picked":["Dagger Spray","Choke"],"picked":"Reflex","floor":0},{"not_picked":["Outmaneuver","Deflect"],"picked":"Prepared","floor":1},{"not_picked":["Dagger Spray","All Out Attack"],"picked":"Backflip","floor":4},{"not_picked":["Shockwave","Loop","Panacea"],"picked":"SKIP","floor":7}],"player_experience":477356,"relics_obtained":[],"event_choices":[{"damage_healed":0,"gold_gain":75,"player_choice":"Gather Gold","damage_taken":11,"max_hp_gain":0,"max_hp_loss":0,"event_name":"World of Goop","floor":2,"gold_loss":0},{"damage_healed":0,"gold_gain":0,"player_choice":"Upgraded","damage_taken":0,"max_hp_gain":0,"max_hp_loss":0,"event_name":"Upgrade Shrine","floor":3,"gold_loss":0,"cards_upgraded":["Neutralize"]},{"damage_healed":0,"gold_gain":0,"player_choice":"Searched \u00271\u0027 times","damage_taken":0,"max_hp_gain":0,"max_hp_loss":0,"event_name":"Dead Adventurer","floor":8,"gold_loss":0}],"is_beta":false,"boss_relics":[],"items_purged_floors":[],"is_endless":false,"potions_floor_spawned":[7],"killed_by":"3 Sentries","ascension_level":0}