{"gold_per_floor":[113,126,51,51,51,51,76,76,76,91,121,21,0,0,0,0],"floor_reached":16,"playtime":587,"items_purged":["Strike_B","Strike_B"],"score":148,"play_id":"c4cde962-8718-4f91-b547-3622a9120f87","local_time":"20180715145429","is_ascension_mode":true,"campfire_choices":[{"data":"Zap","floor":6,"key":"SMITH"},{"data":"Zap","floor":8,"key":"SMITH"},{"data":"Loop","floor":15,"key":"SMITH"}],"neow_cost":"TEN_PERCENT_HP_LOSS","seed_source_timestamp":19771089952894,"circlet_count":0,"master_deck":["Strike_B","Strike_B","Defend_B","Defend_B","Defend_B","Defend_B","Zap+1","Dualcast","Biased Cognition","Heatsinks","Zap+1","Self Repair","Loop+1"],"relics":["Cracked Core","Ancient Tea Set","Boot","Dodecahedron"],"potions_floor_usage":[11,16],"damage_taken":[{"damage":7,"enemies":"Small Slimes","floor":1,"turns":3},{"damage":0,"enemies":"Cultist","floor":2,"turns":2},{"damage":27,"enemies":"3 Sentries","floor":7,"turns":5},{"damage":7,"enemies":"Jaw Worm","floor":10,"turns":3},{"damage":35,"enemies":"Lagavulin","floor":11,"turns":5},{"damage":58,"enemies":"The Guardian","floor":16,"turns":11}],"seed_played":"-5359432437981183169","potions_obtained":[{"floor":1,"key":"Dexterity Potion"},{"floor":11,"key":"Strength Potion"}],"is_trial":false,"path_per_floor":["M","M","$","?","$","R","E","R","T","M","E","$","?","?","R"],"character_chosen":"DEFECT","items_purchased":[],"campfire_rested":0,"item_purchase_floors":[],"current_hp_per_floor":[61,61,61,61,61,61,41,41,41,41,13,13,13,35,35,0],"gold":0,"neow_bonus":"THREE_RARE_CARDS","is_prod":false,"is_daily":false,"chose_seed":false,"campfire_upgraded":3,"win_rate":0,"timestamp":1531637669,"path_taken":["M","M","$","?","$","R","E","R","T","M","E","?","?","?","R","BOSS"],"build_version":"2018-07-12","purchased_purges":2,"victory":false,"max_hp_per_floor":[68,68,68,68,68,68,68,68,68,68,68,68,68,68,68,68],"card_choices":[{"not_picked":["Core Surge","Buffer"],"picked":"Biased Cognition","floor":0},{"not_picked":["Darkness","Compile Driver","Sweeping Beam"],"picked":"SKIP","floor":1},{"not_picked":["Conserve Battery","Reinforced Body"],"picked":"Heatsinks","floor":2},{"not_picked":["Double Energy","Lockon","Skim"],"picked":"SKIP","floor":7},{"not_picked":["Fusion","Conserve Battery","Seek"],"picked":"SKIP","floor":10},{"not_picked":["Auto Shields","Barrage"],"picked":"Loop","floor":11}],"player_experience":293642,"relics_obtained":[{"floor":7,"key":"Ancient Tea Set"},{"floor":9,"key":"Boot"},{"floor":11,"key":"Dodecahedron"}],"event_choices":[{"event_name":"Match and Keep!","player_choice":"2 cards matched","floor":4,"damage_taken":0},{"event_name":"World of Goop","player_choice":"Left","floor":13,"damage_taken":0},{"event_name":"Big Fish","player_choice":"Banana","floor":14,"damage_taken":0}],"boss_relics":[],"items_purged_floors":[3,12],"is_endless":false,"potions_floor_spawned":[1,11],"killed_by":"The Guardian","ascension_level":8}