{"path_per_floor":["M","M","M","?","$","E","M","M","T","M","R","E","$","M","R","B",null,"M","?","M","?","M","R","$","R","T","E","M"],"character_chosen":"DEFECT","items_purchased":["Ball Lightning"],"gold_per_floor":[109,129,141,141,16,45,60,79,102,117,117,143,43,53,53,158,158,177,177,194,194,206,206,81,81,153,178,190,190],"floor_reached":29,"campfire_rested":0,"playtime":1428,"current_hp_per_floor":[68,66,63,63,63,58,54,53,53,48,48,59,59,59,59,27,75,63,63,45,70,54,54,54,54,54,35,34,0],"items_purged":["Regret","Zap","Defend_B"],"gold":190,"score":257,"play_id":"5e6241b3-6301-4f52-a0e9-b7fc9b4b740a","local_time":"20180427175752","is_prod":false,"is_daily":false,"chose_seed":false,"is_ascension_mode":false,"campfire_upgraded":4,"timestamp":1524866272,"path_taken":["M","M","M","?","$","E","M","?","T","?","R","E","$","M","R","BOSS","M","?","?","?","?","R","$","R","T","E","M","E"],"build_version":"2018-04-26v2","seed_source_timestamp":382417031578603,"purchased_purges":3,"victory":false,"master_deck":["Strike_B","Strike_B","Strike_B","Strike_B","Defend_B","Defend_B+1","Defend_B","Dualcast","Chill+1","Capacitor","Tempest","Ball Lightning","Rainbow+1","Rebound","Rainbow+1","Undo","Double Energy","Echo Form+1","Coolheaded+1","Stack+1","Allocate+1","Redo","Coolheaded+1"],"max_hp_per_floor":[75,75,75,75,75,75,75,75,75,75,75,75,75,75,75,75,75,75,75,75,75,75,75,75,75,75,75,75,75],"relics":["Black Star","Oddly Smooth Stone","Lantern","Vajra","Orichalcum","Dream Catcher","Bag of Marbles","Sozu","Matryoshka","Happy Flower","War Paint"],"card_choices":[{"not_picked":["Hologram","Leap"],"picked":"Chill","floor":1},{"not_picked":["Skim","Cold Snap"],"picked":"Capacitor","floor":2},{"not_picked":["Capacitor","Stack"],"picked":"Tempest","floor":3},{"not_picked":["FTL","Steam Power"],"picked":"Rainbow","floor":6},{"not_picked":["Beam Cell","Hello World"],"picked":"Rebound","floor":7},{"not_picked":["Rebound","Coolheaded"],"picked":"Rainbow","floor":8},{"not_picked":["Sweeping Beam","Go for the Eyes"],"picked":"Undo","floor":10},{"not_picked":["Flux Capacitor","Hello World"],"picked":"Double Energy","floor":12},{"not_picked":["Redo","Amplify"],"picked":"Echo Form","floor":16},{"not_picked":["Heatsinks","Gash"],"picked":"Coolheaded","floor":18},{"not_picked":["Loop","Reinforced Body"],"picked":"Stack","floor":20},{"not_picked":["Leap","Barrage"],"picked":"Allocate","floor":22},{"not_picked":["Capacitor","Streamline"],"picked":"Redo","floor":27},{"not_picked":["Conserve Battery","Cold Snap"],"picked":"Coolheaded","floor":28}],"player_experience":7483,"potions_floor_usage":[6,6,12,14,16],"damage_taken":[{"damage":7,"enemies":"2 Louse","floor":1,"turns":3},{"damage":2,"enemies":"Cultist","floor":2,"turns":4},{"damage":3,"enemies":"Small Slimes","floor":3,"turns":5},{"damage":5,"enemies":"Lagavulin","floor":6,"turns":6},{"damage":4,"enemies":"Blue Slaver","floor":7,"turns":4},{"damage":1,"enemies":"Exordium Wildlife","floor":8,"turns":4},{"damage":5,"enemies":"Lots of Slimes","floor":10,"turns":3},{"damage":9,"enemies":"3 Sentries","floor":12,"turns":7},{"damage":0,"enemies":"3 Louse","floor":14,"turns":3},{"damage":32,"enemies":"Hexaghost","floor":16,"turns":9},{"damage":17,"enemies":"2 Thieves","floor":18,"turns":5},{"damage":18,"enemies":"3 Byrds","floor":20,"turns":3},{"damage":16,"enemies":"Snecko","floor":22,"turns":5},{"damage":19,"enemies":"Book of Stabbing","floor":27,"turns":6},{"damage":7,"enemies":"Sentry and Sphere","floor":28,"turns":5},{"damage":36,"enemies":"Slavers","floor":29,"turns":5}],"event_choices":[{"event_name":"Big Fish","player_choice":"Box","floor":4,"damage_taken":0},{"event_name":"Ghosts","player_choice":"Ignored","floor":19,"damage_taken":0},{"event_name":"The Library","player_choice":"Heal","floor":21,"damage_taken":0}],"boss_relics":[{"not_picked":["Lizard Tail","Tiny House"],"picked":"Sozu"}],"potions_floor_spawned":[1,3,6,10,12,18,27],"seed_played":"-427359057662084382","killed_by":"Slavers","ascension_level":0,"is_trial":false}