{"gold_per_floor":[115,65,84,84,84,84,9,9,9,9,27,43,64,64,64,64],"floor_reached":16,"playtime":386,"items_purged":["Strike_R"],"score":90,"play_id":"066c40de-4b20-4477-8dfd-2c35046c282f","local_time":"20190322090834","is_ascension_mode":false,"campfire_choices":[{"floor":6,"key":"RECALL"},{"data":"Hemokinesis","floor":8,"key":"SMITH"},{"floor":10,"key":"REST"},{"floor":15,"key":"REST"}],"neow_cost":"PERCENT_DAMAGE","seed_source_timestamp":214108698729200,"circlet_count":0,"master_deck":["Strike_R","Strike_R","Strike_R","Defend_R","Defend_R","Defend_R","Defend_R","Bash","Offering","Hemokinesis+1","Bloodletting","Shrug It Off"],"relics":["Burning Blood","Golden Idol","Blood Vial"],"potions_floor_usage":[16],"damage_taken":[{"damage":12,"enemies":"Jaw Worm","floor":1,"turns":3},{"damage":16,"enemies":"Small Slimes","floor":3,"turns":3},{"damage":8,"enemies":"Cultist","floor":11,"turns":2},{"damage":10,"enemies":"Exordium Wildlife","floor":12,"turns":2},{"damage":15,"enemies":"Large Slime","floor":13,"turns":4},{"damage":59,"enemies":"Hexaghost","floor":16,"turns":8}],"seed_played":"-4800260930723019762","potions_obtained":[{"floor":1,"key":"SpeedPotion"},{"floor":13,"key":"Explosive Potion"}],"is_trial":false,"path_per_floor":["M","?","M","?","?","R","$","R","T","R","M","M","M","$","R","B"],"character_chosen":"IRONCLAD","items_purchased":[],"campfire_rested":2,"item_purchase_floors":[],"current_hp_per_floor":[50,50,40,40,22,22,22,22,22,44,44,42,35,35,57,0],"gold":64,"neow_bonus":"THREE_RARE_CARDS","is_prod":false,"is_daily":false,"chose_seed":false,"campfire_upgraded":1,"win_rate":0,"timestamp":1553216914,"path_taken":["M","?","M","?","?","R","?","R","T","R","?","M","M","$","R","BOSS"],"build_version":"2019-01-23","purchased_purges":1,"victory":false,"max_hp_per_floor":[80,80,80,74,74,74,74,74,74,74,74,74,74,74,74,74],"card_choices":[{"not_picked":["Fiend Fire","Immolate"],"picked":"Offering","floor":0},{"not_picked":["Shockwave","Flex"],"picked":"Hemokinesis","floor":1},{"not_picked":["Heavy Blade","Perfected Strike","Havoc"],"picked":"SKIP","floor":3},{"not_picked":["Havoc","Warcry","Wild Strike"],"picked":"SKIP","floor":11},{"not_picked":["Warcry","Perfected Strike"],"picked":"Bloodletting","floor":12},{"not_picked":["Intimidate","Second Wind"],"picked":"Shrug It Off","floor":13}],"player_experience":414703,"relics_obtained":[],"event_choices":[{"cards_removed":["Strike_R"],"damage_healed":0,"gold_gain":0,"player_choice":"Card Removal","damage_taken":0,"max_hp_gain":0,"max_hp_loss":0,"event_name":"The Cleric","floor":2,"gold_loss":50},{"damage_healed":0,"gold_gain":0,"player_choice":"Lose Max HP","damage_taken":0,"relics_obtained":["Golden Idol"],"max_hp_gain":0,"max_hp_loss":6,"event_name":"Golden Idol","floor":4,"gold_loss":0},{"damage_healed":0,"gold_gain":0,"player_choice":"Success","damage_taken":18,"relics_obtained":["Blood Vial"],"max_hp_gain":0,"max_hp_loss":0,"event_name":"Scrap Ooze","floor":5,"gold_loss":0}],"is_beta":false,"boss_relics":[],"items_purged_floors":[7],"is_endless":false,"potions_floor_spawned":[1,13],"killed_by":"Hexaghost","ascension_level":0}