{"gold_per_floor":[119,70,90,90,90,122,143,143],"floor_reached":8,"playtime":669,"items_purged":[],"score":82,"play_id":"979113da-93a1-4190-88db-526364c471e1","local_time":"20190331185324","is_ascension_mode":true,"campfire_choices":[],"neow_cost":"NONE","seed_source_timestamp":1629728065671431,"circlet_count":0,"master_deck":["Strike_B+1","Strike_B","Strike_B","Strike_B","Defend_B","Defend_B","Defend_B","Defend_B","Zap+1","Dualcast+1","Barrage","Gash","Redo","Consume","Ball Lightning"],"relics":["Cracked Core","Mango","Odd Mushroom"],"potions_floor_usage":[6],"damage_taken":[{"damage":1,"enemies":"Jaw Worm","floor":1,"turns":3},{"damage":5,"enemies":"2 Louse","floor":3,"turns":3},{"damage":30,"enemies":"3 Sentries","floor":6,"turns":7},{"damage":20,"enemies":"The Mushroom Lair","floor":7,"turns":4},{"damage":26,"enemies":"Lagavulin","floor":8,"turns":4}],"seed_played":"4673599232922383941","potions_obtained":[{"floor":3,"key":"Swift Potion"}],"is_trial":false,"path_per_floor":["M","$","M","?","?","E","?","E"],"character_chosen":"DEFECT","items_purchased":["Gash"],"campfire_rested":0,"item_purchase_floors":[2],"current_hp_per_floor":[81,81,76,60,60,44,24,0],"gold":143,"neow_bonus":"TEN_PERCENT_HP_BONUS","is_prod":false,"is_daily":false,"chose_seed":false,"campfire_upgraded":0,"win_rate":0,"timestamp":1554076404,"path_taken":["M","$","M","?","?","E","?","E"],"build_version":"2019-01-23","purchased_purges":0,"victory":false,"max_hp_per_floor":[82,82,82,82,82,96,96,96],"card_choices":[{"not_picked":["Recycle","BootSequence"],"picked":"Barrage","floor":1},{"not_picked":["Reinforced Body","Heatsinks"],"picked":"Redo","floor":3},{"not_picked":["Reinforced Body","Skim"],"picked":"Consume","floor":6},{"not_picked":["Recycle","Redo"],"picked":"Ball Lightning","floor":7}],"player_experience":138444,"relics_obtained":[{"floor":6,"key":"Mango"},{"floor":7,"key":"Odd Mushroom"}],"event_choices":[{"damage_healed":0,"gold_gain":0,"player_choice":"Entered Light","damage_taken":16,"max_hp_gain":0,"max_hp_loss":0,"event_name":"Shining Light","floor":4,"gold_loss":0,"cards_upgraded":["Dualcast","Strike_B"]},{"damage_healed":0,"gold_gain":0,"player_choice":"Grow","damage_taken":0,"max_hp_gain":0,"max_hp_loss":0,"event_name":"Living Wall","floor":5,"gold_loss":0,"cards_upgraded":["Zap"]},{"damage_healed":0,"gold_gain":0,"player_choice":"Fought Mushrooms","damage_taken":0,"max_hp_gain":0,"max_hp_loss":0,"event_name":"Mushrooms","floor":7,"gold_loss":0}],"is_beta":false,"boss_relics":[],"items_purged_floors":[],"is_endless":false,"potions_floor_spawned":[3],"killed_by":"Lagavulin","ascension_level":1}