{"gold_per_floor":[114,114,125,140,154,154,115,135,190,219,25,51,67,67,67,172,172,186,200,219,236,236,236,247,247,247,266,301,311,311,102,102,200,200,215,176,176,176,176,176,106,106,106,106,106,124,200,216,216,216],"floor_reached":51,"playtime":3151,"items_purged":[],"score":1131,"play_id":"ee1aa303-39bc-4a75-acce-bddc9f437c53","local_time":"20180922105023","is_ascension_mode":true,"campfire_choices":[{"data":"Loop","floor":6.0,"key":"SMITH"},{"data":"Sweeping Beam","floor":15.0,"key":"SMITH"},{"data":"Barricade","floor":23.0,"key":"SMITH"},{"floor":25.0,"key":"REST"},{"floor":30.0,"key":"REST"},{"data":"Capacitor","floor":32.0,"key":"SMITH"},{"data":"Self Repair","floor":40.0,"key":"SMITH"},{"data":"Defragment","floor":42.0,"key":"SMITH"},{"floor":49.0,"key":"REST"}],"neow_cost":"NONE","seed_source_timestamp":0,"circlet_count":0,"master_deck":["Strike_B","Strike_B","Defend_B","Defend_B","Defend_B","Zap","Dualcast","AscendersBane","Loop+1","Rebound","Glacier","Sweeping Beam+1","Steam","Turbo+1","Burst+1","Finesse+1","Barricade+1","FTL+1","Coolheaded+1","Twin Strike","Expertise+1","Hologram+1","Flex+1","Flame Barrier+1","Tempest+1","Capacitor+1","Chaos+1","Good Instincts+1","Night Terror+1","Self Repair+1","Discovery+1","Defragment+1","PiercingWail+1"],"special_seed":0,"relics":["FrozenCore","Pen Nib","Anchor","Toxic Egg 2","PrismaticShard","Lantern","Astrolabe","Symbiotic Virus","Letter Opener","Incense Burner","The Courier","Question Card"],"potions_floor_usage":[50],"damage_taken":[{"damage":10.0,"enemies":"Small Slimes","floor":1.0,"turns":3.0},{"damage":1.0,"enemies":"Cultist","floor":3.0,"turns":4.0},{"damage":2.0,"enemies":"Jaw Worm","floor":4.0,"turns":3.0},{"damage":9.0,"enemies":"Red Slaver","floor":5.0,"turns":4.0},{"damage":0.0,"enemies":"Gremlin Gang","floor":8.0,"turns":3.0},{"damage":5.0,"enemies":"Lagavulin","floor":10.0,"turns":7.0},{"damage":12.0,"enemies":"Gremlin Nob","floor":12.0,"turns":4.0},{"damage":0.0,"enemies":"2 Fungi Beasts","floor":13.0,"turns":2.0},{"damage":24.0,"enemies":"Slime Boss","floor":16.0,"turns":14.0},{"damage":1.0,"enemies":"Chosen","floor":18.0,"turns":6.0},{"damage":13.0,"enemies":"2 Thieves","floor":19.0,"turns":4.0},{"damage":0.0,"enemies":"Chosen and Byrds","floor":20.0,"turns":7.0},{"damage":2.0,"enemies":"Centurion and Healer","floor":21.0,"turns":7.0},{"damage":1.0,"enemies":"Colosseum Slavers","floor":22.0,"turns":3.0},{"damage":8.0,"enemies":"3 Cultists","floor":24.0,"turns":6.0},{"damage":0.0,"enemies":"Chosen and Byrds","floor":27.0,"turns":11.0},{"damage":8.0,"enemies":"Slavers","floor":28.0,"turns":5.0},{"damage":13.0,"enemies":"Sentry and Sphere","floor":29.0,"turns":4.0},{"damage":52.0,"enemies":"Champ","floor":33.0,"turns":14.0},{"damage":5.0,"enemies":"3 Shapes","floor":35.0,"turns":3.0},{"damage":0.0,"enemies":"Mind Bloom Boss Battle","floor":39.0,"turns":8.0},{"damage":12.0,"enemies":"3 Darklings","floor":44.0,"turns":4.0},{"damage":37.0,"enemies":"Transient","floor":46.0,"turns":5.0},{"damage":19.0,"enemies":"Reptomancer","floor":48.0,"turns":7.0},{"damage":21,"enemies":"Donu and Deca","floor":50,"turns":11}],"seed_played":"2225951333312121244","potions_obtained":[{"floor":1.0,"key":"Fire Potion"},{"floor":8.0,"key":"FocusPotion"},{"floor":12.0,"key":"Weak Potion"},{"floor":13.0,"key":"Poison Potion"},{"floor":18.0,"key":"Fire Potion"},{"floor":21.0,"key":"EntropicBrew"},{"floor":24.0,"key":"Explosive Potion"},{"floor":33.0,"key":"EssenceOfSteel"},{"floor":35.0,"key":"SmokeBomb"},{"floor":48.0,"key":"PowerPotion"}],"is_trial":false,"path_per_floor":["M","?","M","M","M","R","?","M","T","E","$","E","M","$","R","B",null,"M","M","M","M","?","R","M","R","T","M","E","M","R","$","R","B",null,"M","$","?","?","?","R","$","R","T","M","$","M","T","M","R","B"],"character_chosen":"DEFECT","items_purchased":["PrismaticShard","Capacitor","Chaos+1","Good Instincts+1","Self Repair","Defragment"],"campfire_rested":3,"item_purchase_floors":[11,31,31,31,36,41],"current_hp_per_floor":[58,58,57,55,46,46,46,46,46,41,41,29,29,29,29,5,58,57,44,44,42,41,41,33,55,55,55,47,34,56,56,56,4,57,52,52,52,52,52,52,52,52,52,50,50,23,23,14,35,24],"gold":216,"neow_bonus":"RANDOM_COMMON_RELIC","is_prod":false,"is_daily":false,"chose_seed":false,"campfire_upgraded":6,"win_rate":0,"timestamp":1537627823,"path_taken":["M","?","?","M","?","R","?","M","T","E","?","E","M","$","R","BOSS","M","M","M","M","?","R","M","R","T","?","E","M","R","?","R","BOSS","M","$","?","?","?","R","$","R","T","M","$","M","?","M","R","BOSS"],"build_version":"2018-09-20","purchased_purges":0,"victory":true,"max_hp_per_floor":[75,75,75,75,75,75,75,75,75,75,75,75,75,75,75,75,75,75,75,75,75,75,75,75,75,75,75,75,75,75,75,75,75,75,75,75,75,71,71,71,71,71,71,71,71,71,71,71,71,71],"card_choices":[{"not_picked":["Turbo","Go for the Eyes"],"picked":"Loop","floor":1.0},{"not_picked":["Steam Power","Stack"],"picked":"Rebound","floor":3.0},{"not_picked":["Steam","Tempest"],"picked":"Glacier","floor":4.0},{"not_picked":["Heatsinks","Double Energy"],"picked":"Sweeping Beam","floor":5.0},{"not_picked":["Reinforced Body","Double Energy"],"picked":"Steam","floor":8.0},{"not_picked":["Redo","Steam"],"picked":"Turbo","floor":10.0},{"not_picked":["Disarm+1","Dash"],"picked":"Burst+1","floor":12.0},{"not_picked":["Wild Strike","Iron Wave"],"picked":"Finesse+1","floor":13.0},{"not_picked":["Sadistic Nature","Fission+1"],"picked":"Barricade","floor":16.0},{"not_picked":["Heavy Blade","Static Discharge"],"picked":"Twin Strike","floor":18.0},{"not_picked":["Rampage","Twin Strike"],"picked":"Expertise+1","floor":19.0},{"not_picked":["Amplify+1","Wild Strike"],"picked":"Hologram+1","floor":20.0},{"not_picked":["Trip+1","Blade Dance+1"],"picked":"Flex+1","floor":21.0},{"not_picked":["Sever Soul","Discovery+1"],"picked":"Flame Barrier+1","floor":24.0},{"not_picked":["Go for the Eyes","Armaments+1","Heatsinks"],"picked":"SKIP","floor":27.0},{"not_picked":["Ghostly Armor+1","Rebound","Cold Snap+1"],"picked":"SKIP","floor":28.0},{"not_picked":["Tactician+1","Go for the Eyes"],"picked":"Tempest+1","floor":29.0},{"not_picked":["Thinking Ahead+1","Feed"],"picked":"Night Terror+1","floor":33.0},{"not_picked":["Leap+1","PanicButton+1","Coolheaded+1"],"picked":"SKIP","floor":35.0},{"not_picked":["Steam+1","Jack Of All Trades+1"],"picked":"Discovery+1","floor":39.0},{"not_picked":["Crippling Poison+1","Catalyst+1"],"picked":"PiercingWail+1","floor":46.0},{"not_picked":["Underhanded Strike","Dramatic Entrance+1","Quick Slash","Jack Of All Trades+1"],"picked":"SKIP","floor":48.0}],"player_experience":566308,"relics_obtained":[{"floor":9.0,"key":"Anchor"},{"floor":10.0,"key":"Toxic Egg 2"},{"floor":12.0,"key":"Lantern"},{"floor":26.0,"key":"Symbiotic Virus"},{"floor":28.0,"key":"Letter Opener"},{"floor":39.0,"key":"Incense Burner"},{"floor":43.0,"key":"The Courier"},{"floor":47.0,"key":"Question Card"}],"event_choices":[{"event_name":"The Woman in Blue","player_choice":"Bought 0 Potions","floor":2.0,"damage_taken":0.0},{"event_name":"World of Goop","player_choice":"Left","floor":7.0,"damage_taken":0.0},{"event_name":"Colosseum","player_choice":"Fight","floor":22.0,"damage_taken":0.0},{"event_name":"Colosseum","player_choice":"Fled From Nobs","floor":22.0,"damage_taken":0.0},{"event_name":"Falling","player_choice":"Removed Attack","floor":37.0,"damage_taken":0.0},{"event_name":"Winding Halls","player_choice":"Max HP","floor":38.0,"damage_taken":0.0},{"event_name":"MindBloom","player_choice":"Fight","floor":39.0,"damage_taken":0.0}],"is_beta":false,"boss_relics":[{"not_picked":["Orrery","Velvet Choker"],"picked":"Astrolabe"},{"not_picked":["Cursed Key","Empty Cage"],"picked":"FrozenCore"}],"items_purged_floors":[],"is_endless":false,"potions_floor_spawned":[1,8,12,13,18,21,22,24,33,35,44,48],"ascension_level":12}