{"gold_per_floor":[19,19,31,63,90,102,114,142,229,241,178,198,275,18,18,97,97,115,115,0,13,28,28,59,59,59,59,70,86,86,118,118,191,191,202,202,252,252,127,127,127,144,144,144,144,177,177,177,177,177],"floor_reached":51,"playtime":1458,"items_purged":["Pain","Strike_R","Wild Strike"],"score":1411,"play_id":"55c5729f-505d-4060-ae34-f00c5d76e736","local_time":"20190322231251","is_ascension_mode":true,"campfire_choices":[{"data":"Armaments","floor":6.0,"key":"SMITH"},{"data":"Searing Blow+1","floor":10.0,"key":"SMITH"},{"data":"Searing Blow+2","floor":15.0,"key":"SMITH"},{"floor":23.0,"key":"REST"},{"data":"Searing Blow+3","floor":32.0,"key":"SMITH"},{"data":"Searing Blow+4","floor":40,"key":"SMITH"},{"data":"Searing Blow+5","floor":44,"key":"SMITH"},{"data":"Searing Blow+6","floor":47,"key":"SMITH"},{"data":"Searing Blow+8","floor":49,"key":"SMITH"}],"neow_cost":"NO_GOLD","seed_source_timestamp":0,"circlet_count":0,"master_deck":["AscendersBane","Defend_R+1","Defend_R+1","Defend_R+1","Defend_R+1","Bash+1","Searing Blow+9","Pommel Strike+1","Armaments+1","Double Tap+1","Barricade+1","Feel No Pain+1","Evolve+1","Ghostly+1","Ghostly+1","Ghostly+1","Shrug It Off+1","Burning Pact+1","Burning Pact+1","Ghostly+1","Second Wind+1"],"special_seed":0,"relics":["Burning Blood","MawBank","WarpedTongs","Mummified Hand","Mark of Pain","Matryoshka","Boot","Juzu Bracelet","Strawberry","Vajra","Runic Pyramid","Darkstone Periapt","Nunchaku","Girya","Mark of the Bloom"],"potions_floor_usage":[46],"damage_taken":[{"damage":7.0,"enemies":"Small Slimes","floor":1.0,"turns":4.0},{"damage":1.0,"enemies":"2 Louse","floor":4.0,"turns":3.0},{"damage":10.0,"enemies":"Cultist","floor":5.0,"turns":3.0},{"damage":14.0,"enemies":"Blue Slaver","floor":8.0,"turns":3.0},{"damage":22.0,"enemies":"Lots of Slimes","floor":12.0,"turns":8.0},{"damage":27.0,"enemies":"Hexaghost","floor":16.0,"turns":9.0},{"damage":20.0,"enemies":"3 Byrds","floor":18.0,"turns":5.0},{"damage":24.0,"enemies":"Shell Parasite","floor":21.0,"turns":7.0},{"damage":30.0,"enemies":"Snake Plant","floor":22.0,"turns":4.0},{"damage":19.0,"enemies":"Book of Stabbing","floor":24.0,"turns":3.0},{"damage":0.0,"enemies":"3 Cultists","floor":28.0,"turns":6.0},{"damage":14.0,"enemies":"Centurion and Healer","floor":29.0,"turns":7.0},{"damage":10.0,"enemies":"Slavers","floor":31.0,"turns":8.0},{"damage":3,"enemies":"Automaton","floor":33,"turns":16},{"damage":0,"enemies":"3 Shapes","floor":35,"turns":6},{"damage":5,"enemies":"3 Darklings","floor":42,"turns":8},{"damage":0,"enemies":"Giant Head","floor":46,"turns":6},{"damage":0,"enemies":"Awakened One","floor":50,"turns":8}],"seed_played":"-6223517701833200925","potions_obtained":[{"floor":16.0,"key":"Explosive Potion"},{"floor":21.0,"key":"BloodPotion"},{"floor":22.0,"key":"LiquidBronze"},{"floor":29.0,"key":"SkillPotion"},{"floor":33,"key":"Block Potion"},{"floor":35,"key":"AttackPotion"},{"floor":46,"key":"Dexterity Potion"}],"is_trial":false,"path_per_floor":["M","?","?","M","M","R","?","M","T","R","$","M","?","$","R","B",null,"M","T","?","M","M","R","E","?","T","?","M","M","?","E","R","B",null,"M","?","?","?","$","R","$","M","T","R","?","E","R","?","R","B",null],"character_chosen":"IRONCLAD","items_purchased":["Double Tap"],"campfire_rested":1,"item_purchase_floors":[14],"current_hp_per_floor":[67,56,56,61,57,57,57,49,49,49,49,33,33,33,33,12,59,45,45,45,27,10,32,19,19,26,26,32,24,24,20,20,23,37,41,41,41,41,41,41,41,41,41,41,41,41,41,41,41,41],"gold":177,"neow_bonus":"TRANSFORM_TWO_CARDS","is_prod":false,"is_daily":false,"chose_seed":true,"campfire_upgraded":8,"win_rate":0,"timestamp":1553267571,"path_taken":["M","?","?","M","?","R","?","?","T","R","$","?","?","?","R","BOSS","M","?","?","M","M","R","E","?","T","?","M","M","?","E","R","BOSS","M","?","?","?","$","R","?","M","T","R","?","E","R","?","R","BOSS"],"build_version":"2019-01-23","purchased_purges":3,"victory":true,"max_hp_per_floor":[75,75,75,75,75,75,75,75,75,75,75,75,75,75,75,75,75,75,75,75,75,75,75,75,75,82,41,41,41,41,41,41,41,41,41,41,41,41,41,41,41,41,41,41,41,41,41,41,41,41],"card_choices":[{"not_picked":["Clothesline","Pommel Strike","Iron Wave"],"picked":"SKIP","floor":1.0},{"not_picked":["Clothesline","Iron Wave"],"picked":"Pommel Strike","floor":1.0},{"not_picked":["Dual Wield","Searing Blow","Cleave"],"picked":"SKIP","floor":4.0},{"not_picked":["Twin Strike","Clash"],"picked":"Armaments","floor":5.0},{"not_picked":["Sword Boomerang","Blood for Blood","Fire Breathing"],"picked":"SKIP","floor":8.0},{"not_picked":["Power Through","Havoc","Twin Strike"],"picked":"SKIP","floor":12.0},{"not_picked":["Immolate","Demon Form"],"picked":"Barricade","floor":16.0},{"not_picked":["Thunderclap","Shockwave"],"picked":"Feel No Pain","floor":18.0},{"not_picked":["Spot Weakness","Infernal Blade"],"picked":"Evolve","floor":21.0},{"not_picked":["Sword Boomerang","Armaments","Havoc+1"],"picked":"SKIP","floor":22.0},{"not_picked":["Sword Boomerang","Double Tap","Pommel Strike"],"picked":"SKIP","floor":24.0},{"not_picked":["Cleave","Body Slam"],"picked":"Shrug It Off","floor":28.0},{"not_picked":["Reckless Charge","Body Slam","Juggernaut"],"picked":"SKIP","floor":29.0},{"not_picked":["Heavy Blade","Ghostly Armor"],"picked":"Burning Pact","floor":31.0},{"not_picked":["True Grit","Anger"],"picked":"Burning Pact+1","floor":35},{"not_picked":["Clothesline+1","Wild Strike+1","Anger"],"picked":"SKIP","floor":42},{"not_picked":["Rampage","Dropkick+1"],"picked":"Second Wind","floor":46}],"player_experience":1243790,"relics_obtained":[{"floor":9.0,"key":"Mummified Hand"},{"floor":19.0,"key":"Matryoshka"},{"floor":24.0,"key":"Boot"},{"floor":26.0,"key":"Juzu Bracelet"},{"floor":26.0,"key":"Strawberry"},{"floor":31.0,"key":"Vajra"},{"floor":43,"key":"Darkstone Periapt"},{"floor":43,"key":"Nunchaku"},{"floor":46,"key":"Girya"}],"event_choices":[{"damage_healed":0.0,"max_hp_gain":0.0,"max_hp_loss":0.0,"gold_gain":0.0,"event_name":"Scrap Ooze","player_choice":"Success","floor":2.0,"gold_loss":0.0,"damage_taken":11.0,"relics_obtained":["MawBank"]},{"damage_healed":0.0,"max_hp_gain":0.0,"max_hp_loss":0.0,"gold_gain":0.0,"event_name":"Accursed Blacksmith","player_choice":"Rummage","floor":3.0,"gold_loss":0.0,"damage_taken":0.0,"relics_obtained":["WarpedTongs"],"cards_obtained":["Pain"]},{"damage_healed":0.0,"max_hp_gain":0.0,"max_hp_loss":0.0,"gold_gain":0.0,"event_name":"Upgrade Shrine","player_choice":"Upgraded","floor":7.0,"gold_loss":0.0,"damage_taken":0.0,"cards_upgraded":["Searing Blow"]},{"damage_healed":0.0,"max_hp_gain":0.0,"max_hp_loss":0.0,"gold_gain":77.0,"event_name":"Golden Wing","player_choice":"Gained Gold","floor":13.0,"gold_loss":0.0,"damage_taken":0.0},{"damage_healed":0.0,"max_hp_gain":0.0,"max_hp_loss":0.0,"gold_gain":0.0,"event_name":"Masked Bandits","player_choice":"Paid Fearfully","floor":20.0,"gold_loss":115.0,"damage_taken":0.0},{"damage_healed":0.0,"max_hp_gain":0.0,"max_hp_loss":0.0,"gold_gain":0.0,"event_name":"Beggar","player_choice":"Ignored","floor":25.0,"gold_loss":0.0,"damage_taken":0.0},{"damage_healed":0.0,"max_hp_gain":0.0,"max_hp_loss":41.0,"gold_gain":0.0,"event_name":"Ghosts","player_choice":"Became a Ghost","floor":27.0,"gold_loss":0.0,"damage_taken":0.0,"cards_obtained":["Ghostly","Ghostly","Ghostly"]},{"cards_removed":["Strike_R"],"damage_healed":0.0,"max_hp_gain":0.0,"max_hp_loss":0.0,"gold_gain":0.0,"event_name":"Back to Basics","player_choice":"Elegance","floor":30.0,"gold_loss":0.0,"damage_taken":0.0},{"damage_healed":0,"gold_gain":0,"player_choice":"Ignored","damage_taken":0,"max_hp_gain":0,"max_hp_loss":0,"event_name":"Tomb of Lord Red Mask","floor":36,"gold_loss":0},{"damage_healed":0,"gold_gain":50,"player_choice":"Pray","damage_taken":0,"max_hp_gain":0,"max_hp_loss":0,"event_name":"Golden Shrine","floor":37,"gold_loss":0},{"damage_healed":0,"gold_gain":0,"player_choice":"Copied","damage_taken":0,"max_hp_gain":0,"max_hp_loss":0,"event_name":"Duplicator","floor":38,"gold_loss":0,"cards_obtained":["Ghostly"]},{"cards_removed":["Strike_R"],"damage_healed":0,"gold_gain":0,"player_choice":"Purged","damage_taken":0,"max_hp_gain":0,"max_hp_loss":0,"event_name":"Purifier","floor":45,"gold_loss":0},{"damage_healed":0,"gold_gain":0,"player_choice":"Upgrade","damage_taken":0,"relics_obtained":["Mark of the Bloom"],"max_hp_gain":0,"max_hp_loss":0,"event_name":"MindBloom","floor":48,"gold_loss":0,"cards_upgraded":["Defend_R","Defend_R","Defend_R","Defend_R","Bash","Searing Blow","Pommel Strike","Double Tap","Barricade","Feel No Pain","Evolve","Ghostly","Ghostly","Ghostly","Shrug It Off","Burning Pact","Ghostly","Second Wind"]}],"is_beta":false,"boss_relics":[{"not_picked":["Orrery","Busted Crown"],"picked":"Mark of Pain"},{"not_picked":["Lizard Tail","Astrolabe"],"picked":"Runic Pyramid"}],"items_purged_floors":[11,14,39],"is_endless":false,"potions_floor_spawned":[16,21,22,29,33,35,46],"ascension_level":15}