{"gold_per_floor":[114,114,129,144,159,159,174,174,199,229,140,140,86,101,101,201,251,236,11,11,11,11],"floor_reached":22,"playtime":795,"items_purged":[],"score":359,"play_id":"93c74c13-862a-4371-b7d8-adca507808e7","local_time":"20180823150724","daily_mods":["Insanity","Binary","Hoarder"],"is_ascension_mode":false,"campfire_choices":[{"data":"Twin Strike","floor":6,"key":"SMITH"},{"data":"Sword Boomerang","floor":8,"key":"SMITH"},{"data":"Perfected Strike","floor":15,"key":"SMITH"}],"neow_cost":"","seed_source_timestamp":0,"circlet_count":0,"master_deck":["Reckless Charge","Carnage","Double Tap","Iron Wave","Shrug It Off","Wild Strike","Rupture","Metallicize","Anger","Intimidate","Shrug It Off","Exhume","Disarm","Thunderclap","Ghostly Armor","Reaper","Twin Strike+1","Demon Form+1","Dark Embrace","Shrug It Off","Bludgeon","Juggernaut","Perfected Strike","Seeing Red+1","Defend_R","Seeing Red","Dual Wield","Bash","Warcry","Inflame","Searing Blow","True Grit","Fire Breathing","Dropkick","True Grit","Twin Strike","Dual Wield","Clash","Clothesline","Dual Wield","Feel No Pain","Reckless Charge","Dual Wield","Entrench","Reaper","Whirlwind","Twin Strike+1","Armaments","Combust","Entrench","Pommel Strike","Pommel Strike","Pommel Strike","Shrug It Off+1","Shrug It Off","Shrug It Off","Sword Boomerang+1","Sword Boomerang","Sword Boomerang","Thunderclap","Thunderclap","Thunderclap","Bandage Up","Bandage Up","Bandage Up","Perfected Strike","Perfected Strike","Perfected Strike+1","Demon Form","Demon Form","Demon Form","Power Through","Power Through","Power Through","Pummel","Pummel","Pummel","Flex","Flex","Flex"],"special_seed":17766,"relics":["Burning Blood","War Paint","Dodecahedron","Juzu Bracelet","Tiny House","MealTicket","Red Mask"],"potions_floor_usage":[5,10,20,20,20],"damage_taken":[{"damage":1,"enemies":"Jaw Worm","floor":1,"turns":3},{"damage":4,"enemies":"Cultist","floor":3,"turns":3},{"damage":11,"enemies":"2 Louse","floor":4,"turns":3},{"damage":5,"enemies":"Gremlin Gang","floor":5,"turns":3},{"damage":20,"enemies":"Exordium Thugs","floor":7,"turns":3},{"damage":29,"enemies":"Lagavulin","floor":10,"turns":6},{"damage":21,"enemies":"Lots of Slimes","floor":14,"turns":3},{"damage":24,"enemies":"The Guardian","floor":16,"turns":7},{"damage":18,"enemies":"2 Thieves","floor":18,"turns":4},{"damage":34,"enemies":"Masked Bandits","floor":20,"turns":4},{"damage":17,"enemies":"Shell Parasite","floor":22,"turns":3}],"seed_played":"633193296058416102","potions_obtained":[{"floor":3,"key":"Explosive Potion"},{"floor":5,"key":"Weak Potion"},{"floor":14,"key":"Ancient Potion"},{"floor":17,"key":"EntropicBrew"}],"is_trial":false,"path_per_floor":["M","?","M","M","M","R","M","R","T","E","$","T","$","M","R","B",null,"M","$","?","$"],"character_chosen":"IRONCLAD","items_purchased":["Bandage Up","Perfected Strike","Flex","MealTicket"],"campfire_rested":0,"item_purchase_floors":[11,13,19,19],"current_hp_per_floor":[80,80,80,75,80,80,73,73,73,50,50,50,50,68,68,58,85,73,73,45,52,39],"gold":11,"neow_bonus":"","is_prod":false,"is_daily":true,"chose_seed":false,"campfire_upgraded":3,"win_rate":0,"timestamp":1535051244,"path_taken":["M","?","M","?","M","R","M","R","T","E","$","?","$","M","R","BOSS","M","?","?","$","M"],"build_version":"2018-08-22","purchased_purges":0,"victory":false,"max_hp_per_floor":[80,80,80,80,80,80,80,80,80,80,80,80,80,80,80,80,85,85,85,85,85,85],"card_choices":[{"not_picked":["Anger","Iron Wave"],"picked":"SKIP","floor":1},{"not_picked":["Shrug It Off"],"picked":"Pommel Strike","floor":3},{"not_picked":["Headbutt","Combust"],"picked":"SKIP","floor":4},{"not_picked":["Sword Boomerang"],"picked":"Shrug It Off","floor":5},{"not_picked":["Hemokinesis"],"picked":"Sword Boomerang","floor":7},{"not_picked":["Headbutt"],"picked":"Thunderclap","floor":10},{"not_picked":["Wild Strike","Dark Embrace"],"picked":"SKIP","floor":14},{"not_picked":["Berserk"],"picked":"Demon Form","floor":16},{"not_picked":["Pommel Strike"],"picked":"Power Through","floor":17},{"not_picked":["Body Slam"],"picked":"Pummel","floor":18}],"player_experience":190757,"relics_obtained":[{"floor":9,"key":"War Paint"},{"floor":10,"key":"Dodecahedron"},{"floor":12,"key":"Juzu Bracelet"},{"floor":20,"key":"Red Mask"}],"event_choices":[{"event_name":"Upgrade Shrine","player_choice":"Upgraded","floor":2,"damage_taken":0},{"event_name":"Masked Bandits","player_choice":"Fought Bandits","floor":20,"damage_taken":0}],"is_beta":true,"boss_relics":[{"not_picked":["Velvet Choker","Pandora\u0027s Box"],"picked":"Tiny House"}],"items_purged_floors":[],"is_endless":false,"potions_floor_spawned":[3,5,14],"killed_by":"Shell Parasite","ascension_level":0}