{"gold_per_floor":[116,128,128,147,167,167,242,9,55,75,75,91,102,122,122,122],"floor_reached":16,"playtime":607,"items_purged":["Strike_R"],"score":163,"play_id":"4b45581b-14d0-46d7-bfc8-733fe974e724","local_time":"20190430081325","is_ascension_mode":true,"campfire_choices":[{"data":"Bash","floor":6.0,"key":"SMITH"},{"floor":15,"key":"REST"}],"neow_cost":"NONE","seed_source_timestamp":157976669567800,"circlet_count":0,"master_deck":["AscendersBane","Strike_R","Strike_R","Strike_R","Defend_R","Defend_R","Defend_R","Defend_R","Bash+1","Dark Embrace","Seeing Red","Reckless Charge","Feel No Pain","Warcry","Demon Form","True Grit","Rampage"],"special_seed":0,"relics":["Burning Blood","Regal Pillow","Blood Vial"],"potions_floor_usage":[14,16],"damage_taken":[{"damage":1.0,"enemies":"2 Louse","floor":1.0,"turns":3.0},{"damage":14.0,"enemies":"Jaw Worm","floor":2.0,"turns":5.0},{"damage":7.0,"enemies":"Small Slimes","floor":4.0,"turns":3.0},{"damage":3.0,"enemies":"2 Fungi Beasts","floor":5.0,"turns":3.0},{"damage":10.0,"enemies":"Red Slaver","floor":10.0,"turns":4.0},{"damage":16.0,"enemies":"Blue Slaver","floor":12.0,"turns":5.0},{"damage":15.0,"enemies":"2 Fungi Beasts","floor":13.0,"turns":5.0},{"damage":21,"enemies":"Large Slime","floor":14,"turns":7},{"damage":55,"enemies":"Hexaghost","floor":16,"turns":8}],"seed_played":"-7573167964077547005","potions_obtained":[{"floor":1.0,"key":"Explosive Potion"},{"floor":4.0,"key":"Swift Potion"},{"floor":12.0,"key":"Dexterity Potion"},{"floor":13.0,"key":"Energy Potion"}],"is_trial":false,"path_per_floor":["M","M","?","M","M","R","?","$","T","M","?","M","M","M","R","B"],"character_chosen":"IRONCLAD","items_purchased":["Demon Form"],"campfire_rested":1,"item_purchase_floors":[8],"current_hp_per_floor":[73,65,58,57,60,60,49,49,49,45,42,34,27,14,51,0],"gold":122,"neow_bonus":"ONE_RANDOM_RARE_CARD","is_prod":false,"is_daily":false,"chose_seed":false,"campfire_upgraded":1,"win_rate":0,"timestamp":1556583205,"path_taken":["M","M","?","M","M","R","?","$","T","M","?","M","M","M","R","BOSS"],"build_version":"2019-01-23","purchased_purges":1,"victory":false,"max_hp_per_floor":[75,75,75,75,75,75,75,75,75,75,75,75,75,75,75,75],"card_choices":[{"not_picked":["Armaments","Wild Strike"],"picked":"Seeing Red","floor":1.0},{"not_picked":["Perfected Strike","Pommel Strike"],"picked":"Reckless Charge","floor":2.0},{"not_picked":["Clothesline","Shrug It Off"],"picked":"Feel No Pain","floor":4.0},{"not_picked":["Sword Boomerang","Flex"],"picked":"Warcry","floor":5.0},{"not_picked":["Perfected Strike","Immolate","Clash"],"picked":"SKIP","floor":10.0},{"not_picked":["Havoc","Headbutt"],"picked":"True Grit","floor":12.0},{"not_picked":["Anger","Body Slam","Cleave"],"picked":"SKIP","floor":13.0},{"not_picked":["Pommel Strike","Clash"],"picked":"Rampage","floor":14}],"player_experience":556403,"relics_obtained":[{"floor":9.0,"key":"Regal Pillow"}],"event_choices":[{"cards_removed":["Strike_R"],"damage_healed":0.0,"max_hp_gain":0.0,"max_hp_loss":0.0,"gold_gain":0.0,"event_name":"Golden Wing","player_choice":"Card Removal","floor":3.0,"gold_loss":0.0,"damage_taken":7.0},{"damage_healed":0.0,"max_hp_gain":0.0,"max_hp_loss":0.0,"gold_gain":75.0,"event_name":"World of Goop","player_choice":"Gather Gold","floor":7.0,"gold_loss":0.0,"damage_taken":11.0},{"damage_healed":0.0,"max_hp_gain":0.0,"max_hp_loss":0.0,"gold_gain":0.0,"event_name":"Scrap Ooze","player_choice":"Success","floor":11.0,"gold_loss":0.0,"damage_taken":3.0,"relics_obtained":["Blood Vial"]}],"is_beta":false,"boss_relics":[],"items_purged_floors":[8],"is_endless":false,"potions_floor_spawned":[1,4,12,13],"killed_by":"Hexaghost","ascension_level":14}