{"gold_per_floor":[113,113,113,126,76,107,107,107,184,184,200,225,303,326,326,454,454,475,236,260,15,29,67,67],"floor_reached":24,"playtime":1175,"items_purged":[],"score":270,"play_id":"404b4393-c573-4076-a322-616dc574e75d","local_time":"20190402223752","is_ascension_mode":true,"campfire_choices":[{"floor":8,"key":"REST"},{"floor":10,"key":"REST"},{"data":"Static Discharge","floor":15,"key":"SMITH"}],"neow_cost":"NONE","seed_source_timestamp":1777328831119097,"circlet_count":0,"master_deck":["Strike_B","Strike_B","Strike_B+1","Strike_B","Defend_B","Defend_B","Defend_B","Defend_B+1","Zap+1","Dualcast","Chaos","Sweeping Beam","Auto Shields","Static Discharge+1","Lockon+1","Sunder","BootSequence","Electrodynamics","Redo","Mind Blast+1","Streamline+1","White Noise","Machine Learning","Rip and Tear","Doom and Gloom","Turbo"],"relics":["Cracked Core","Golden Idol","StoneCalendar","Sundial","Symbiotic Virus","Busted Crown","Whetstone","Ancient Tea Set"],"potions_floor_usage":[12,13,22,22,24],"damage_taken":[{"damage":4,"enemies":"2 Louse","floor":1,"turns":2},{"damage":0,"enemies":"Small Slimes","floor":4,"turns":3},{"damage":31,"enemies":"Lagavulin","floor":6,"turns":6},{"damage":2,"enemies":"Jaw Worm","floor":11,"turns":3},{"damage":0,"enemies":"3 Louse","floor":12,"turns":2},{"damage":2,"enemies":"3 Sentries","floor":13,"turns":3},{"damage":10,"enemies":"Large Slime","floor":14,"turns":3},{"damage":3,"enemies":"The Guardian","floor":16,"turns":7},{"damage":2,"enemies":"Chosen","floor":18,"turns":3},{"damage":13,"enemies":"2 Thieves","floor":20,"turns":3},{"damage":11,"enemies":"Snake Plant","floor":22,"turns":2},{"damage":26,"enemies":"Slavers","floor":23,"turns":4},{"damage":22,"enemies":"Sentry and Sphere","floor":24,"turns":3}],"seed_played":"-1423229724056821741","potions_obtained":[{"floor":11,"key":"AttackPotion"},{"floor":12,"key":"PowerPotion"},{"floor":14,"key":"Energy Potion"},{"floor":16,"key":"SteroidPotion"},{"floor":18,"key":"GamblersBrew"},{"floor":22,"key":"Dexterity Potion"}],"is_trial":false,"path_per_floor":["M","?","?","M","?","E","$","R","T","R","M","M","?","M","R","B",null,"M","$","M","$","M","E","M"],"character_chosen":"DEFECT","items_purchased":["Mind Blast","Whetstone","White Noise","Machine Learning","Rip and Tear"],"campfire_rested":2,"item_purchase_floors":[19,19,21,21,21],"current_hp_per_floor":[71,56,56,56,56,25,25,47,47,69,67,67,65,55,55,52,69,67,67,54,54,43,17,0],"gold":67,"neow_bonus":"UPGRADE_CARD","is_prod":false,"is_daily":false,"chose_seed":false,"campfire_upgraded":1,"win_rate":0,"timestamp":1554269872,"path_taken":["M","?","?","M","?","E","$","R","T","R","M","?","?","M","R","BOSS","M","$","M","$","M","E","M"],"build_version":"2019-01-23","purchased_purges":0,"victory":false,"max_hp_per_floor":[75,75,75,75,75,75,75,75,75,75,75,75,75,75,75,75,75,75,75,75,75,75,75,75],"card_choices":[{"not_picked":["Rebound","Streamline"],"picked":"Chaos","floor":1},{"not_picked":["Reinforced Body","Cold Snap"],"picked":"Sweeping Beam","floor":4},{"not_picked":["Reinforced Body","Go for the Eyes"],"picked":"Auto Shields","floor":6},{"not_picked":["Fusion","Consume"],"picked":"Static Discharge","floor":11},{"not_picked":["Chill","Conserve Battery"],"picked":"Lockon","floor":12},{"not_picked":["Coolheaded","Streamline"],"picked":"Sunder","floor":13},{"not_picked":["Cold Snap","Leap"],"picked":"BootSequence","floor":14},{"not_picked":["Seek","Biased Cognition"],"picked":"Electrodynamics","floor":16},{"not_picked":[],"picked":"Redo","floor":18},{"not_picked":[],"picked":"Streamline+1","floor":20},{"not_picked":[],"picked":"Doom and Gloom","floor":22},{"not_picked":[],"picked":"Turbo","floor":23}],"player_experience":501283,"relics_obtained":[{"floor":6,"key":"StoneCalendar"},{"floor":9,"key":"Sundial"},{"floor":13,"key":"Symbiotic Virus"},{"floor":23,"key":"Ancient Tea Set"}],"event_choices":[{"damage_healed":0,"gold_gain":0,"player_choice":"Entered Light","damage_taken":15,"max_hp_gain":0,"max_hp_loss":0,"event_name":"Shining Light","floor":2,"gold_loss":0,"cards_upgraded":["Strike_B","Defend_B"]},{"damage_healed":0,"gold_gain":0,"player_choice":"Take Wound","damage_taken":0,"relics_obtained":["Golden Idol"],"max_hp_gain":0,"max_hp_loss":0,"event_name":"Golden Idol","floor":3,"gold_loss":0,"cards_obtained":["Injury"]},{"cards_removed":["Injury"],"damage_healed":0,"gold_gain":0,"player_choice":"Card Removal","damage_taken":0,"max_hp_gain":0,"max_hp_loss":0,"event_name":"The Cleric","floor":5,"gold_loss":50},{"damage_healed":0,"gold_gain":0,"player_choice":"Searched \u00271\u0027 times","damage_taken":0,"max_hp_gain":0,"max_hp_loss":0,"event_name":"Dead Adventurer","floor":13,"gold_loss":0}],"is_beta":false,"boss_relics":[{"not_picked":["Orrery","Eternal Feather"],"picked":"Busted Crown"}],"items_purged_floors":[],"is_endless":false,"potions_floor_spawned":[11,12,14,16,18,22],"killed_by":"Sentry and Sphere","ascension_level":5}