{"gold_per_floor":[111,123,123,134,154,154,182,195,219,253,253,280,280,298,298,369,369,369,369,385,167,0,0,19,19,68,86,103,130,130,163,163,239,239,256,256,256,274,274,305,325,340,416,416,429,458,478,489,489,489,489],"floor_reached":51,"playtime":2014,"items_purged":["Strike_B"],"score":1652,"play_id":"a9eef502-f81c-4b58-a39f-89d6f80b64cb","local_time":"20190416015137","is_ascension_mode":true,"campfire_choices":[{"data":"Chaos","floor":6.0,"key":"SMITH"},{"floor":11.0,"key":"REST"},{"data":"Zap","floor":13.0,"key":"SMITH"},{"data":"Go for the Eyes","floor":15.0,"key":"SMITH"},{"floor":23.0,"key":"REST"},{"data":"Double Energy","floor":30.0,"key":"SMITH"},{"data":"Defragment","floor":32.0,"key":"SMITH"},{"data":"Hologram","floor":44.0,"key":"SMITH"},{"floor":49.0,"key":"RECALL"}],"neow_cost":"NONE","seed_source_timestamp":0,"circlet_count":0,"master_deck":["AscendersBane","Strike_B","Strike_B","Defend_B","Defend_B","Defend_B","Defend_B+1","Zap+1","Dualcast+1","Go for the Eyes+1","Double Energy+1","Chaos+1","Hologram","Cold Snap","Undo","Reinforced Body","Biased Cognition","Tempest","Meteor Strike","BootSequence","Coolheaded","Defragment+1","White Noise","Self Repair+1","Thunder Strike","Chaos+1","Loop","Hologram+1"],"special_seed":0,"relics":["Cracked Core","NeowsBlessing","Blue Candle","Centennial Puzzle","Boot","Omamori","Runic Pyramid","Juzu Bracelet","PreservedInsect","War Paint","Snecko Eye","Pear","Darkstone Periapt"],"potions_floor_usage":[],"damage_taken":[{"damage":0.0,"enemies":"2 Louse","floor":1.0,"turns":1.0},{"damage":0.0,"enemies":"Cultist","floor":2.0,"turns":1.0},{"damage":0.0,"enemies":"Jaw Worm","floor":4.0,"turns":1.0},{"damage":15.0,"enemies":"3 Louse","floor":5.0,"turns":3.0},{"damage":40.0,"enemies":"3 Sentries","floor":7.0,"turns":10.0},{"damage":0.0,"enemies":"Exordium Wildlife","floor":8.0,"turns":3.0},{"damage":8.0,"enemies":"Lagavulin","floor":10.0,"turns":7.0},{"damage":11.0,"enemies":"Gremlin Nob","floor":12.0,"turns":5.0},{"damage":9.0,"enemies":"Blue Slaver","floor":14.0,"turns":3.0},{"damage":1.0,"enemies":"Hexaghost","floor":16.0,"turns":6.0},{"damage":0.0,"enemies":"2 Thieves","floor":18.0,"turns":1.0},{"damage":17.0,"enemies":"Colosseum Slavers","floor":19.0,"turns":3.0},{"damage":19.0,"enemies":"Shell Parasite","floor":20.0,"turns":3.0},{"damage":4.0,"enemies":"Snake Plant","floor":24.0,"turns":4.0},{"damage":0.0,"enemies":"Snecko","floor":27.0,"turns":4.0},{"damage":0.0,"enemies":"Centurion and Healer","floor":28.0,"turns":11.0},{"damage":0.0,"enemies":"Book of Stabbing","floor":31.0,"turns":4.0},{"damage":16.0,"enemies":"Collector","floor":33.0,"turns":7.0},{"damage":1.0,"enemies":"Orb Walker","floor":35.0,"turns":3.0},{"damage":9.0,"enemies":"3 Shapes","floor":38.0,"turns":5.0},{"damage":1.0,"enemies":"Giant Head","floor":40.0,"turns":5.0},{"damage":0.0,"enemies":"Sphere and 2 Shapes","floor":41.0,"turns":3.0},{"damage":20.0,"enemies":"4 Shapes","floor":42.0,"turns":3.0},{"damage":33.0,"enemies":"3 Darklings","floor":45.0,"turns":5.0},{"damage":1.0,"enemies":"Reptomancer","floor":46.0,"turns":3.0},{"damage":7.0,"enemies":"Writhing Mass","floor":47.0,"turns":5.0},{"damage":8.0,"enemies":"Spire Growth","floor":48.0,"turns":4.0},{"damage":1.0,"enemies":"Donu and Deca","floor":50.0,"turns":4.0},{"damage":47,"enemies":"Awakened One","floor":51,"turns":4}],"seed_played":"1116304308094306019","potions_obtained":[{"floor":4.0,"key":"Energy Potion"},{"floor":7.0,"key":"Explosive Potion"},{"floor":10.0,"key":"Weak Potion"},{"floor":12.0,"key":"SmokeBomb"},{"floor":24.0,"key":"EssenceOfSteel"},{"floor":33.0,"key":"Poison Potion"},{"floor":35.0,"key":"Poison Potion"},{"floor":38.0,"key":"SkillPotion"},{"floor":41.0,"key":"Regen Potion"},{"floor":47.0,"key":"SkillPotion"}],"is_trial":false,"path_per_floor":["M","M","?","M","M","R","E","M","T","E","R","E","R","M","R","B",null,"M","?","M","$","?","R","M","$","T","M","M","T","R","E","R","B",null,"M","?","?","M","?","E","M","M","T","R","M","E","M","M","R","B","B"],"character_chosen":"DEFECT","items_purchased":["BootSequence","PowerPotion"],"campfire_rested":2,"item_purchase_floors":[21,21],"current_hp_per_floor":[64,64,64,64,49,49,9,9,9,1,22,11,11,2,2,1,54,54,37,18,18,18,39,35,35,35,35,35,35,35,35,35,29,61,60,60,60,61,61,77,77,57,57,57,34,33,50,52,52,61,14],"gold":489,"neow_bonus":"THREE_ENEMY_KILL","is_prod":false,"is_daily":false,"chose_seed":false,"campfire_upgraded":6,"win_rate":0,"timestamp":1555350697,"path_taken":["M","M","?","M","?","R","E","M","T","E","R","E","R","M","R","BOSS","M","?","M","$","?","R","M","?","T","M","M","?","R","E","R","BOSS","M","?","?","M","?","E","M","M","T","R","M","E","M","M","R","BOSS","BOSS"],"build_version":"2019-01-23","purchased_purges":1,"victory":false,"max_hp_per_floor":[71,71,71,71,71,71,71,71,71,71,71,71,71,71,71,71,71,71,71,71,71,71,71,71,71,71,71,71,71,71,71,71,71,71,71,71,71,71,67,77,77,77,77,77,77,77,77,77,77,77,77],"card_choices":[{"not_picked":["Force Field","Rebound"],"picked":"Go for the Eyes","floor":1.0},{"not_picked":["Ball Lightning","Static Discharge","Hologram"],"picked":"SKIP","floor":2.0},{"not_picked":["Static Discharge","Hologram"],"picked":"Ball Lightning","floor":2.0},{"not_picked":["Conserve Battery","Gash"],"picked":"Chaos","floor":4.0},{"not_picked":["Leap","Barrage"],"picked":"Hologram","floor":5.0},{"not_picked":["Turbo","Stack"],"picked":"Cold Snap","floor":7.0},{"not_picked":["Consume","Barrage"],"picked":"Undo","floor":8.0},{"not_picked":["Stack","Beam Cell"],"picked":"Reinforced Body","floor":10.0},{"not_picked":["Chill","Compile Driver"],"picked":"Biased Cognition","floor":12.0},{"not_picked":["Coolheaded","Steam"],"picked":"Tempest","floor":14.0},{"not_picked":["Electrodynamics","Reboot"],"picked":"Meteor Strike","floor":16.0},{"not_picked":["Beam Cell","Gash","Fusion"],"picked":"SKIP","floor":20.0},{"not_picked":["Tempest","Compile Driver"],"picked":"Coolheaded","floor":24.0},{"not_picked":["Conserve Battery","Sweeping Beam"],"picked":"Defragment","floor":27.0},{"not_picked":["Go for the Eyes","Leap+1"],"picked":"White Noise","floor":28.0},{"not_picked":["Beam Cell","Sweeping Beam"],"picked":"Self Repair+1","floor":31.0},{"not_picked":["Buffer","Electrodynamics"],"picked":"Thunder Strike","floor":33.0},{"not_picked":["Darkness","Conserve Battery","Aggregate"],"picked":"SKIP","floor":35.0},{"not_picked":["Reprogram","Barrage"],"picked":"Chaos+1","floor":38.0},{"not_picked":["Doom and Gloom+1","Conserve Battery","Turbo"],"picked":"SKIP","floor":40.0},{"not_picked":["Lockon+1","Conserve Battery+1"],"picked":"Loop","floor":41.0},{"not_picked":["Hello World+1","Beam Cell"],"picked":"Hologram","floor":42.0},{"not_picked":["Cold Snap","Lockon","Ball Lightning"],"picked":"SKIP","floor":45.0},{"not_picked":["Cold Snap","Hyperbeam","Chill"],"picked":"SKIP","floor":46.0},{"not_picked":["Rebound+1","Go for the Eyes","Redo"],"picked":"SKIP","floor":47.0},{"not_picked":["Cold Snap","Stack","Compile Driver"],"picked":"SKIP","floor":48.0}],"player_experience":1400012,"relics_obtained":[{"floor":7.0,"key":"Blue Candle"},{"floor":9.0,"key":"Centennial Puzzle"},{"floor":10.0,"key":"Boot"},{"floor":12.0,"key":"Omamori"},{"floor":26.0,"key":"Juzu Bracelet"},{"floor":29.0,"key":"PreservedInsect"},{"floor":31.0,"key":"War Paint"},{"floor":40.0,"key":"Pear"},{"floor":46.0,"key":"Darkstone Periapt"}],"event_choices":[{"damage_healed":0.0,"max_hp_gain":0.0,"max_hp_loss":0.0,"gold_gain":0.0,"cards_transformed":["Strike_B"],"event_name":"Transmorgrifier","player_choice":"Transformed","floor":3.0,"gold_loss":0.0,"damage_taken":0.0,"cards_obtained":["Double Energy"]},{"damage_healed":0.0,"max_hp_gain":0.0,"max_hp_loss":0.0,"gold_gain":0.0,"event_name":"Colosseum","player_choice":"Fight","floor":19.0,"gold_loss":0.0,"damage_taken":0.0},{"damage_healed":0.0,"max_hp_gain":0.0,"max_hp_loss":0.0,"gold_gain":0.0,"event_name":"Colosseum","player_choice":"Fled From Nobs","floor":19.0,"gold_loss":0.0,"damage_taken":0.0},{"damage_healed":0.0,"max_hp_gain":0.0,"max_hp_loss":0.0,"gold_gain":0.0,"event_name":"Masked Bandits","player_choice":"Paid Fearfully","floor":22.0,"gold_loss":167.0,"damage_taken":0.0},{"damage_healed":0.0,"max_hp_gain":0.0,"max_hp_loss":0.0,"gold_gain":0.0,"event_name":"Mysterious Sphere","player_choice":"Ignored","floor":36.0,"gold_loss":0.0,"damage_taken":0.0},{"cards_removed":["Ball Lightning"],"damage_healed":0.0,"max_hp_gain":0.0,"max_hp_loss":0.0,"gold_gain":0.0,"event_name":"Falling","player_choice":"Removed Attack","floor":37.0,"gold_loss":0.0,"damage_taken":0.0},{"damage_healed":0.0,"max_hp_gain":0.0,"max_hp_loss":4.0,"gold_gain":0.0,"event_name":"Winding Halls","player_choice":"Max HP","floor":39.0,"gold_loss":0.0,"damage_taken":0.0}],"is_beta":false,"boss_relics":[{"not_picked":["Eternal Feather","Lizard Tail"],"picked":"Runic Pyramid"},{"not_picked":["FrozenCore","Empty Cage"],"picked":"Snecko Eye"}],"items_purged_floors":[21],"is_endless":false,"potions_floor_spawned":[4,7,10,12,14,18,24,27,33,35,38,41,47],"killed_by":"Awakened One","ascension_level":20}