{"gold_per_floor":[113,113,38,38,56,56,89,105,105,105,105,121,121,131,131,131],"floor_reached":16,"playtime":406,"items_purged":["Strike_B"],"score":100,"play_id":"63922c75-c20e-4ca2-aa62-7636ef42ceb2","local_time":"20180808201049","is_ascension_mode":false,"campfire_choices":[{"data":"Storm","floor":6,"key":"SMITH"},{"data":"Zap","floor":10,"key":"SMITH"},{"data":"Hologram","floor":13,"key":"SMITH"},{"data":"Dualcast","floor":15,"key":"SMITH"}],"neow_cost":"","seed_source_timestamp":156388249913846,"circlet_count":0,"master_deck":["Strike_B","Strike_B","Strike_B","Defend_B","Defend_B","Defend_B","Defend_B","Zap+1","Dualcast+1","Storm+1","Hologram+1","White Noise","Parasite","Force Field","Meteor Strike"],"relics":["Cracked Core"],"potions_floor_usage":[7,7,16,16],"damage_taken":[{"damage":7,"enemies":"Small Slimes","floor":1,"turns":4},{"damage":1,"enemies":"Cultist","floor":5,"turns":4},{"damage":31,"enemies":"Lagavulin","floor":7,"turns":6},{"damage":5,"enemies":"Jaw Worm","floor":8,"turns":4},{"damage":7,"enemies":"Looter","floor":12,"turns":2},{"damage":4,"enemies":"2 Fungi Beasts","floor":14,"turns":3},{"damage":35,"enemies":"The Guardian","floor":16,"turns":9}],"seed_played":"-3396287073543704981","potions_obtained":[{"floor":2,"key":"SpeedPotion"},{"floor":2,"key":"SkillPotion"},{"floor":2,"key":"FearPotion"},{"floor":5,"key":"AttackPotion"},{"floor":12,"key":"FocusPotion"},{"floor":14,"key":"Strength Potion"}],"is_trial":false,"path_per_floor":["M","?","$","?","M","R","E","M","T","R","?","M","R","M","R"],"character_chosen":"DEFECT","items_purchased":[],"campfire_rested":0,"item_purchase_floors":[],"current_hp_per_floor":[68,68,68,73,72,72,41,36,36,36,56,49,49,45,45,10],"gold":131,"neow_bonus":"","is_prod":false,"is_daily":false,"chose_seed":false,"campfire_upgraded":4,"win_rate":0,"timestamp":1533730249,"path_taken":["M","?","$","?","M","R","E","M","T","R","?","M","R","M","R","BOSS"],"build_version":"2018-08-02","purchased_purges":1,"victory":false,"max_hp_per_floor":[75,75,75,80,80,80,80,80,80,80,80,80,80,80,80,80],"card_choices":[{"not_picked":["Redo","Stack","Go for the Eyes"],"picked":"SKIP","floor":1},{"not_picked":["Barrage","Aggregate"],"picked":"Storm","floor":5},{"not_picked":["All For One","Recycle"],"picked":"Hologram","floor":7},{"not_picked":["Go for the Eyes","Coolheaded"],"picked":"White Noise","floor":8},{"not_picked":["Coolheaded","Leap"],"picked":"Force Field","floor":12},{"not_picked":["Melter","Conserve Battery"],"picked":"Meteor Strike","floor":14}],"player_experience":332561,"relics_obtained":[],"event_choices":[{"event_name":"The Lab","player_choice":"Got Potions","floor":2,"damage_taken":0},{"event_name":"Big Fish","player_choice":"Donut","floor":4,"damage_taken":0},{"event_name":"Mushrooms","player_choice":"Healed and dodged fight","floor":11,"damage_taken":0}],"is_beta":false,"boss_relics":[],"items_purged_floors":[3],"is_endless":false,"potions_floor_spawned":[5,12,14],"killed_by":"The Guardian","ascension_level":0}