{"gold_per_floor":[117,117,42,42,60,60,86,101,101,112,122,133,133,160,160,238,238,257,274,199,213,227,227,227,227,227,87,121,121,121,121,121,198,198,215,215,215,233,248,248,274,293,293,11,44,54,54,79,79,79,79,79,79,22,54,54],"floor_reached":57,"playtime":3055,"items_purged":["Strike_R","Strike_R","Bash"],"score":3125,"play_id":"7a098770-a304-49c6-b487-ef8cccdada4c","local_time":"20190326160201","is_ascension_mode":true,"campfire_choices":[{"data":"Body Slam","floor":6.0,"key":"SMITH"},{"data":"Armaments","floor":13.0,"key":"SMITH"},{"data":"True Grit","floor":15.0,"key":"SMITH"},{"data":"Barricade","floor":23.0,"key":"SMITH"},{"floor":25.0,"key":"DIG"},{"floor":30.0,"key":"DIG"},{"floor":32.0,"key":"DIG"},{"floor":40.0,"key":"DIG"},{"floor":49.0,"key":"RECALL"},{"data":"Evolve","floor":53,"key":"SMITH"}],"neow_cost":"NONE","seed_source_timestamp":2060615147985234,"circlet_count":0,"master_deck":["AscendersBane","Strike_R","Strike_R","Defend_R","Defend_R","Defend_R","Defend_R","Body Slam+1","Second Wind","True Grit+1","Armaments+1","Clash","Barricade+1","Shrug It Off+1","Battle Trance","Evolve+1","Impervious+1","Dark Embrace","Panacea","Wild Strike+1","Rage","Dark Embrace","Perfected Strike+1","Evolve"],"special_seed":0,"relics":["Runic Pyramid","FaceOfCleric","Shovel","FossilizedHelix","Regal Pillow","Coffee Dripper","Lantern","Red Mask","Thread and Needle","War Paint","Happy Flower","White Beast Statue","Ginger","Molten Egg 2","Sundial","Potion Belt","Shuriken","Bronze Scales","Bottled Lightning"],"potions_floor_usage":[55,55,55,55,56,56,56,56],"damage_taken":[{"damage":1.0,"enemies":"Small Slimes","floor":1.0,"turns":4.0},{"damage":0.0,"enemies":"Cultist","floor":5.0,"turns":3.0},{"damage":30.0,"enemies":"3 Sentries","floor":7.0,"turns":11.0},{"damage":0.0,"enemies":"2 Louse","floor":8.0,"turns":3.0},{"damage":0.0,"enemies":"Exordium Thugs","floor":10.0,"turns":4.0},{"damage":1.0,"enemies":"3 Louse","floor":11.0,"turns":4.0},{"damage":0.0,"enemies":"Large Slime","floor":12.0,"turns":5.0},{"damage":10.0,"enemies":"Lagavulin","floor":14.0,"turns":6.0},{"damage":0.0,"enemies":"Slime Boss","floor":16.0,"turns":11.0},{"damage":21.0,"enemies":"Shell Parasite","floor":18.0,"turns":6.0},{"damage":1.0,"enemies":"Chosen","floor":19.0,"turns":8.0},{"damage":15.0,"enemies":"Shelled Parasite and Fungi","floor":21.0,"turns":6.0},{"damage":23.0,"enemies":"3 Cultists","floor":22.0,"turns":6.0},{"damage":54.0,"enemies":"Masked Bandits","floor":28.0,"turns":6.0},{"damage":0.0,"enemies":"Collector","floor":33.0,"turns":11.0},{"damage":0.0,"enemies":"Orb Walker","floor":35.0,"turns":4.0},{"damage":0.0,"enemies":"3 Shapes","floor":38.0,"turns":5.0},{"damage":0.0,"enemies":"Writhing Mass","floor":39.0,"turns":9.0},{"damage":0.0,"enemies":"Giant Head","floor":41.0,"turns":5.0},{"damage":0.0,"enemies":"Sphere and 2 Shapes","floor":42.0,"turns":6.0},{"damage":0.0,"enemies":"Nemesis","floor":45.0,"turns":7.0},{"damage":0.0,"enemies":"Transient","floor":46.0,"turns":6.0},{"damage":0.0,"enemies":"Giant Head","floor":48.0,"turns":7.0},{"damage":44.0,"enemies":"Awakened One","floor":50.0,"turns":8.0},{"damage":10,"enemies":"Donu and Deca","floor":51,"turns":7},{"damage":16,"enemies":"Shield and Spear","floor":55,"turns":5},{"damage":11,"enemies":"The Heart","floor":56,"turns":9}],"seed_played":"-3867670565714634991","potions_obtained":[{"floor":7.0,"key":"EssenceOfSteel"},{"floor":10.0,"key":"LiquidBronze"},{"floor":33.0,"key":"GamblersBrew"},{"floor":37.0,"key":"Swift Potion"},{"floor":42.0,"key":"EntropicBrew"},{"floor":45.0,"key":"Fruit Juice"},{"floor":46.0,"key":"Explosive Potion"},{"floor":48.0,"key":"SteroidPotion"},{"floor":55,"key":"Explosive Potion"}],"is_trial":false,"path_per_floor":["M","?","$","?","M","R","E","M","T","M","M","M","R","E","R","B",null,"M","M","$","M","M","R","?","R","T","$","?","?","R","T","R","B",null,"M","?","?","M","M","R","E","M","T","$","E","M","?","E","R","B","B",null,"R","$","E","B",null],"character_chosen":"IRONCLAD","items_purchased":["Second Wind","Evolve","Potion Belt","Perfected Strike+1"],"campfire_rested":0,"item_purchase_floors":[3,27,44,54],"current_hp_per_floor":[67,67,67,67,71,71,45,49,49,53,56,60,60,55,55,60,97,77,81,81,71,53,53,125,125,125,125,75,75,75,75,75,80,121,126,126,126,130,135,135,140,145,145,145,150,156,156,157,157,114,105,155,155,155,140,139],"gold":54,"neow_bonus":"BOSS_RELIC","is_prod":false,"is_daily":false,"chose_seed":false,"campfire_upgraded":5,"win_rate":0,"timestamp":1553587321,"path_taken":["M","?","$","?","?","R","E","M","T","M","M","?","R","E","R","BOSS","M","M","$","M","M","R","?","R","T","?","?","?","R","?","R","BOSS","M","?","?","M","?","R","E","M","T","$","E","M","?","E","R","BOSS","BOSS","R","$","E","BOSS"],"build_version":"2019-01-23","purchased_purges":3,"victory":true,"max_hp_per_floor":[75,75,75,75,79,79,83,87,87,91,95,99,99,104,104,109,109,110,115,115,120,125,125,125,125,125,125,129,129,129,129,129,134,134,139,139,139,143,148,148,153,158,158,158,163,169,169,170,170,171,172,172,172,172,173,174],"card_choices":[{"not_picked":["Heavy Blade","Pommel Strike"],"picked":"Body Slam","floor":1.0},{"not_picked":["Entrench","Fire Breathing"],"picked":"Ghostly Armor","floor":5.0},{"not_picked":["Flex","Sword Boomerang"],"picked":"True Grit","floor":7.0},{"not_picked":["Body Slam","Sword Boomerang"],"picked":"Armaments","floor":8.0},{"not_picked":["Headbutt","Cleave","Warcry"],"picked":"SKIP","floor":10.0},{"not_picked":["Armaments","Cleave","True Grit"],"picked":"SKIP","floor":11.0},{"not_picked":["Cleave","Intimidate","Wild Strike"],"picked":"SKIP","floor":12.0},{"not_picked":["Warcry","Feed"],"picked":"Clash","floor":14.0},{"not_picked":["Juggernaut","Dark Embrace"],"picked":"Barricade","floor":16.0},{"not_picked":["Inflame","Body Slam"],"picked":"Shrug It Off","floor":18.0},{"not_picked":["Headbutt","Pommel Strike","True Grit"],"picked":"SKIP","floor":19.0},{"not_picked":["Shrug It Off","Seeing Red"],"picked":"Battle Trance","floor":21.0},{"not_picked":["Dropkick","Body Slam","Armaments"],"picked":"SKIP","floor":22.0},{"not_picked":["Brutality","Exhume"],"picked":"Dark Embrace","floor":33.0},{"not_picked":["Havoc","Blood for Blood","Ghostly Armor"],"picked":"SKIP","floor":35.0},{"not_picked":["PanicButton","Mayhem"],"picked":"Panacea","floor":36.0},{"not_picked":["Heavy Blade","Perfected Strike+1"],"picked":"Wild Strike+1","floor":38.0},{"not_picked":["Sword Boomerang","Wild Strike","Corruption"],"picked":"SKIP","floor":39.0},{"not_picked":["Thunderclap","Second Wind+1","Carnage"],"picked":"SKIP","floor":41.0},{"not_picked":["Body Slam+1","Fire Breathing","Iron Wave+1"],"picked":"SKIP","floor":42.0},{"not_picked":["Warcry","Iron Wave+1","Armaments"],"picked":"SKIP","floor":45.0},{"not_picked":["Seeing Red","Heavy Blade+1"],"picked":"Rage","floor":46.0},{"not_picked":["Headbutt+1","Perfected Strike+1"],"picked":"Dark Embrace","floor":48.0},{"not_picked":["Uppercut+1","Shrug It Off"],"picked":"Evolve","floor":55}],"player_experience":1273487,"relics_obtained":[{"floor":7.0,"key":"Shovel"},{"floor":9.0,"key":"FossilizedHelix"},{"floor":14.0,"key":"Regal Pillow"},{"floor":25.0,"key":"Lantern"},{"floor":28.0,"key":"Red Mask"},{"floor":30.0,"key":"Thread and Needle"},{"floor":31.0,"key":"War Paint"},{"floor":32.0,"key":"Happy Flower"},{"floor":40.0,"key":"Ginger"},{"floor":41.0,"key":"Molten Egg 2"},{"floor":43.0,"key":"Sundial"},{"floor":45.0,"key":"Shuriken"},{"floor":48.0,"key":"Bronze Scales"},{"floor":55,"key":"Bottled Lightning"}],"event_choices":[{"damage_healed":0.0,"max_hp_gain":0.0,"max_hp_loss":0.0,"gold_gain":0.0,"cards_transformed":["Strike_R"],"event_name":"Transmorgrifier","player_choice":"Transformed","floor":2.0,"gold_loss":0.0,"damage_taken":0.0,"cards_obtained":["Feed"]},{"damage_healed":0.0,"max_hp_gain":0.0,"max_hp_loss":0.0,"gold_gain":0.0,"event_name":"FaceTrader","player_choice":"Trade","floor":4.0,"gold_loss":0.0,"damage_taken":0.0,"relics_obtained":["FaceOfCleric"]},{"cards_removed":["Ghostly Armor"],"damage_healed":72.0,"max_hp_gain":0.0,"max_hp_loss":0.0,"gold_gain":0.0,"event_name":"Bonfire Elementals","player_choice":"Offered Uncommon","floor":24.0,"gold_loss":0.0,"damage_taken":0.0},{"damage_healed":0.0,"max_hp_gain":0.0,"max_hp_loss":0.0,"gold_gain":0.0,"event_name":"Masked Bandits","player_choice":"Fought Bandits","floor":28.0,"gold_loss":0.0,"damage_taken":0.0},{"damage_healed":0.0,"max_hp_gain":0.0,"max_hp_loss":0.0,"gold_gain":0.0,"event_name":"The Library","player_choice":"Read","floor":29.0,"gold_loss":0.0,"damage_taken":0.0,"cards_obtained":["Impervious"]},{"damage_healed":0.0,"max_hp_gain":0.0,"max_hp_loss":0.0,"gold_gain":0.0,"event_name":"SensoryStone","player_choice":"Memory 1","floor":36.0,"gold_loss":0.0,"damage_taken":0.0},{"damage_healed":0.0,"max_hp_gain":0.0,"max_hp_loss":0.0,"gold_gain":0.0,"event_name":"Lab","player_choice":"Got Potions","floor":37.0,"gold_loss":0.0,"damage_taken":0.0},{"cards_removed":["Feed"],"damage_healed":0.0,"max_hp_gain":0.0,"max_hp_loss":0.0,"gold_gain":0.0,"event_name":"Falling","player_choice":"Removed Attack","floor":47.0,"gold_loss":0.0,"damage_taken":0.0}],"is_beta":false,"boss_relics":[{"not_picked":["Lizard Tail","Busted Crown"],"picked":"Coffee Dripper"},{"not_picked":["Sozu","Runic Dome"],"picked":"White Beast Statue"}],"items_purged_floors":[20,27,44],"is_endless":false,"potions_floor_spawned":[7,10,14,21,33,35,38,39,41,42,45,46,48,55],"ascension_level":20}