{"gold_per_floor":[114,114,114,114,130,171,171,506,506,506,530,611,16,16,16,145,145,163,176,301,301,150,150,189,210,235,274,274,24,68,68,68,189,189,208,208,222,282,307,307,342,342,342,342,356,356,396,73,73,73],"floor_reached":51,"playtime":2923,"items_purged":["Regret"],"score":1016,"play_id":"d6ccb9ec-632e-4f50-8782-1c615f033582","local_time":"20190403001144","is_ascension_mode":true,"campfire_choices":[{"floor":7,"key":"REST"},{"floor":10,"key":"REST"},{"floor":15,"key":"REST"},{"data":"Chaos","floor":23,"key":"SMITH"},{"data":"Dualcast","floor":28,"key":"SMITH"},{"data":"Biased Cognition","floor":32,"key":"SMITH"},{"data":"White Noise","floor":40,"key":"SMITH"},{"data":"Streamline","floor":44,"key":"SMITH"},{"data":"Go for the Eyes","floor":46,"key":"SMITH"},{"data":"Defend_B","floor":49,"key":"SMITH"}],"neow_cost":"PERCENT_DAMAGE","seed_source_timestamp":1781205132112744,"circlet_count":0,"master_deck":["Defend_B+1","Defend_B","Defend_B+1","Zap+1","Dualcast+1","Go for the Eyes+1","Injury","Ball Lightning+1","Gash","Conserve Battery","Streamline+1","Turbo","Biased Cognition+1","Chaos+1","Rebound+1","Compile Driver+1","Bite","Bite","Bite","Bite","Bite","Electrodynamics","Gash+1","Leap+1","Sweeping Beam+1","Core Surge","Gash","White Noise+1","Auto Shields+1","Electrodynamics+1","Hologram+1","Go for the Eyes+1","Blizzard"],"relics":["Cracked Core","Gambling Chip","Torii","Golden Idol","Mummified Hand","Old Coin","Blue Candle","Centennial Puzzle","Strawberry","Oddly Smooth Stone","MealTicket","Eternal Feather","Incense Burner","Kunai","DataDisk","Anchor","Boot","PreservedInsect","Frozen Egg 2","Red Mask","Sozu","WingedGreaves","Bag of Marbles","Potion Belt","Cables","Orichalcum","Du-Vu Doll"],"potions_floor_usage":[8,16,18,20,24,38],"damage_taken":[{"damage":1,"enemies":"Cultist","floor":1,"turns":3},{"damage":3,"enemies":"Jaw Worm","floor":5,"turns":3},{"damage":23,"enemies":"Gremlin Nob","floor":6,"turns":4},{"damage":32,"enemies":"Lagavulin","floor":8,"turns":4},{"damage":0,"enemies":"2 Louse","floor":11,"turns":2},{"damage":19,"enemies":"Lagavulin Event","floor":12,"turns":5},{"damage":13,"enemies":"The Guardian","floor":16,"turns":10},{"damage":2,"enemies":"2 Thieves","floor":18,"turns":3},{"damage":1,"enemies":"Spheric Guardian","floor":19,"turns":3},{"damage":15,"enemies":"Colosseum Slavers","floor":20,"turns":3},{"damage":15,"enemies":"Colosseum Nobs","floor":20,"turns":4},{"damage":21,"enemies":"Gremlin Leader","floor":24,"turns":7},{"damage":1,"enemies":"Chosen and Byrds","floor":25,"turns":3},{"damage":12,"enemies":"Slavers","floor":27,"turns":4},{"damage":0,"enemies":"Masked Bandits","floor":30,"turns":3},{"damage":48,"enemies":"Automaton","floor":33,"turns":8},{"damage":1,"enemies":"Orb Walker","floor":35,"turns":3},{"damage":1,"enemies":"3 Darklings","floor":37,"turns":4},{"damage":17,"enemies":"2 Orb Walkers","floor":38,"turns":3},{"damage":61,"enemies":"Nemesis","floor":41,"turns":5},{"damage":0,"enemies":"Jaw Worm Horde","floor":45,"turns":3},{"damage":29,"enemies":"Giant Head","floor":47,"turns":8},{"damage":32,"enemies":"Awakened One","floor":50,"turns":13}],"seed_played":"-3986946591609947196","potions_obtained":[{"floor":5,"key":"FearPotion"},{"floor":12,"key":"Swift Potion"},{"floor":16,"key":"LiquidBronze"},{"floor":19,"key":"SteroidPotion"},{"floor":20,"key":"Poison Potion"},{"floor":30,"key":"Swift Potion"}],"is_trial":false,"path_per_floor":["M","?","?","?","M","E","R","E","T","R","M","?","$","?","R","B",null,"M","M","?","?","$","R","E","M","T","E","R","$","?","$","R","B",null,"M","?","M","?","T","R","E","?","T","R","M","R","E","$","R","B",null],"character_chosen":"DEFECT","items_purchased":["Strawberry","Oddly Smooth Stone","MealTicket","Turbo","DataDisk","Frozen Egg 2","Du-Vu Doll","Blizzard"],"campfire_rested":3,"item_purchase_floors":[13,13,13,13,22,29,48,48],"current_hp_per_floor":[53,53,53,53,50,27,49,17,17,39,39,20,27,11,35,22,67,65,64,34,34,49,57,44,49,49,43,57,57,57,57,57,23,49,54,67,67,51,51,67,14,14,14,32,36,54,43,43,61,51],"gold":73,"neow_bonus":"ONE_RARE_RELIC","is_prod":false,"is_daily":false,"chose_seed":false,"campfire_upgraded":7,"win_rate":0,"timestamp":1554275504,"path_taken":["M","?","?","?","M","E","R","E","T","R","M","?","$","?","R","BOSS","M","M","?","?","$","R","E","M","T","E","R","?","?","$","R","BOSS","M","?","?","?","?","R","E","?","T","R","M","R","E","?","R","BOSS"],"build_version":"2019-01-23","purchased_purges":1,"victory":true,"max_hp_per_floor":[75,75,75,75,75,75,75,75,75,75,75,75,82,82,82,82,82,82,82,82,57,57,57,57,57,57,57,57,57,57,57,57,57,57,57,67,67,67,67,67,67,67,67,67,67,67,67,67,67,67],"card_choices":[{"not_picked":["Redo","Blizzard"],"picked":"Go for the Eyes","floor":1},{"not_picked":["Redo","Leap"],"picked":"Ball Lightning","floor":5},{"not_picked":["Chill","Go for the Eyes"],"picked":"Gash","floor":6},{"not_picked":["Redo","Sweeping Beam"],"picked":"Seek","floor":8},{"not_picked":["Hologram","Cold Snap"],"picked":"Conserve Battery","floor":11},{"not_picked":["Beam Cell","Compile Driver"],"picked":"Streamline","floor":12},{"not_picked":["Seek","All For One"],"picked":"Biased Cognition","floor":16},{"not_picked":["Conserve Battery","Glacier+1"],"picked":"Chaos","floor":18},{"not_picked":["Recycle","Redo"],"picked":"Rebound+1","floor":19},{"not_picked":["Turbo+1","Fusion"],"picked":"Compile Driver+1","floor":20},{"not_picked":["Coolheaded+1","Force Field"],"picked":"Electrodynamics","floor":24},{"not_picked":["Force Field","Sweeping Beam"],"picked":"Gash+1","floor":25},{"not_picked":["Turbo","Multi-Cast"],"picked":"Leap+1","floor":27},{"not_picked":["Reprogram+1","Cold Snap"],"picked":"Sweeping Beam+1","floor":30},{"not_picked":["Electrodynamics+1","Multi-Cast"],"picked":"Core Surge","floor":33},{"not_picked":["Beam Cell","Sweeping Beam"],"picked":"Gash","floor":35},{"not_picked":["Chill+1","Sweeping Beam"],"picked":"White Noise","floor":37},{"not_picked":["Compile Driver+1","Hologram"],"picked":"Auto Shields+1","floor":38},{"not_picked":["Leap","Doom and Gloom+1"],"picked":"Electrodynamics+1","floor":41},{"not_picked":["Recycle+1","Barrage+1"],"picked":"Hologram+1","floor":45},{"not_picked":["Leap+1","Conserve Battery+1"],"picked":"Go for the Eyes+1","floor":47}],"player_experience":505103,"relics_obtained":[{"floor":6,"key":"Mummified Hand"},{"floor":8,"key":"Old Coin"},{"floor":9,"key":"Blue Candle"},{"floor":12,"key":"Centennial Puzzle"},{"floor":20,"key":"Incense Burner"},{"floor":20,"key":"Kunai"},{"floor":24,"key":"Anchor"},{"floor":26,"key":"Boot"},{"floor":27,"key":"PreservedInsect"},{"floor":30,"key":"Red Mask"},{"floor":38,"key":"WingedGreaves"},{"floor":39,"key":"Bag of Marbles"},{"floor":41,"key":"Potion Belt"},{"floor":43,"key":"Cables"},{"floor":47,"key":"Orichalcum"}],"event_choices":[{"damage_healed":0,"gold_gain":0,"player_choice":"Grow","damage_taken":0,"max_hp_gain":0,"max_hp_loss":0,"event_name":"Living Wall","floor":2,"gold_loss":0,"cards_upgraded":["Zap"]},{"damage_healed":0,"gold_gain":0,"player_choice":"Box","damage_taken":0,"relics_obtained":["Torii"],"max_hp_gain":0,"max_hp_loss":0,"event_name":"Big Fish","floor":3,"gold_loss":0,"cards_obtained":["Regret"]},{"damage_healed":0,"gold_gain":0,"player_choice":"Take Wound","damage_taken":0,"relics_obtained":["Golden Idol"],"max_hp_gain":0,"max_hp_loss":0,"event_name":"Golden Idol","floor":4,"gold_loss":0,"cards_obtained":["Injury"]},{"damage_healed":0,"gold_gain":0,"player_choice":"Searched \u00271\u0027 times","damage_taken":0,"max_hp_gain":0,"max_hp_loss":0,"event_name":"Dead Adventurer","floor":12,"gold_loss":0},{"damage_healed":0,"gold_gain":0,"player_choice":"Entered Light","damage_taken":16,"max_hp_gain":0,"max_hp_loss":0,"event_name":"Shining Light","floor":14,"gold_loss":0,"cards_upgraded":["Ball Lightning","Defend_B"]},{"damage_healed":0,"gold_gain":0,"player_choice":"Fight","damage_taken":0,"max_hp_gain":0,"max_hp_loss":0,"event_name":"Colosseum","floor":20,"gold_loss":0},{"damage_healed":0,"gold_gain":0,"player_choice":"Fought Nobs","damage_taken":0,"max_hp_gain":0,"max_hp_loss":0,"event_name":"Colosseum","floor":20,"gold_loss":0},{"damage_healed":0,"gold_gain":0,"player_choice":"Became a vampire","damage_taken":0,"max_hp_gain":0,"max_hp_loss":25,"event_name":"Vampires","floor":21,"gold_loss":0,"cards_obtained":["Bite","Bite","Bite","Bite","Bite"]},{"damage_healed":0,"gold_gain":0,"player_choice":"Fought Bandits","damage_taken":0,"max_hp_gain":0,"max_hp_loss":0,"event_name":"Masked Bandits","floor":30,"gold_loss":0},{"cards_removed":["Seek"],"damage_healed":3,"gold_gain":0,"player_choice":"Offered Rare","damage_taken":0,"max_hp_gain":10,"max_hp_loss":0,"event_name":"Bonfire Elementals","floor":36,"gold_loss":0},{"damage_healed":0,"gold_gain":0,"player_choice":"Fight","damage_taken":0,"max_hp_gain":0,"max_hp_loss":0,"event_name":"Mysterious Sphere","floor":38,"gold_loss":0},{"cards_removed":["Defend_B"],"damage_healed":0,"gold_gain":0,"player_choice":"Removed Skill","damage_taken":0,"max_hp_gain":0,"max_hp_loss":0,"event_name":"Falling","floor":42,"gold_loss":0}],"is_beta":false,"boss_relics":[{"not_picked":["Black Star","Coffee Dripper"],"picked":"Eternal Feather"},{"not_picked":["Philosopher\u0027s Stone","Astrolabe"],"picked":"Sozu"}],"items_purged_floors":[13],"is_endless":false,"potions_floor_spawned":[5,12,16,19,20,30,45],"ascension_level":5}