{"path_per_floor":["M","$","?","M","?","R","E","R","T","E","R","?","R","T","R","B",null,"M","?","$","?","?","R","M"],"character_chosen":"IRONCLAD","items_purchased":["Flex","Happy Flower"],"gold_per_floor":[115,16,16,32,32,32,65,65,110,136,136,136,136,136,136,212,212,224,224,69,19,19,19,30],"floor_reached":25,"campfire_rested":4,"playtime":605,"current_hp_per_floor":[63,63,63,57,57,57,36,57,57,25,46,46,46,60,85,13,68,26,26,26,26,26,51,44],"items_purged":["Parasite"],"gold":30,"score":345,"play_id":"65d935ec-562b-42e9-aad1-ef576cc76f5f","local_time":"20180307133221","is_prod":false,"is_daily":false,"is_ascension_mode":true,"campfire_upgraded":2,"timestamp":1520447541,"path_taken":["M","$","?","M","?","R","E","R","T","E","R","?","R","?","R","BOSS","M","?","$","?","?","R","M","E"],"build_version":"2018-03-01-PROD1","purchased_purges":2,"victory":false,"master_deck":["Strike_R","Strike_R","Strike_R","Strike_R","Strike_R","Defend_R","Defend_R","Bash","Shockwave","Flex+1","Exhume","Perfected Strike+1","Spot Weakness","Immolate","Heavy Blade","True Grit"],"max_hp_per_floor":[75,72,72,72,72,72,72,72,72,72,72,72,72,86,86,86,86,86,86,86,86,86,86,86],"relics":["Black Blood","Anchor","Omamori","Bottled Flame","Mango","Paper Frog","Happy Flower"],"card_choices":[{"not_picked":["Cleave","Clothesline"],"picked":"Shockwave"},{"not_picked":["Metallicize","Thunderclap"],"picked":"Perfected Strike"},{"not_picked":["Dark Embrace","Fiend Fire"],"picked":"Immolate"},{"not_picked":["Clothesline","Cleave"],"picked":"Heavy Blade"},{"not_picked":["Dual Wield","Sever Soul"],"picked":"True Grit"}],"player_experience":420675,"potions_floor_usage":[7],"damage_taken":[{"damage":11,"enemies":"Cultist","floor":1,"turns":4},{"damage":12,"enemies":"Jaw Worm","floor":4,"turns":4},{"damage":27,"enemies":"3 Sentries","floor":7,"turns":6},{"damage":38,"enemies":"Gremlin Nob","floor":10,"turns":5},{"damage":78,"enemies":"Slime Boss","floor":16,"turns":10},{"damage":52,"enemies":"Chosen","floor":18,"turns":6},{"damage":17,"enemies":"2 Thieves","floor":24,"turns":3},{"damage":49,"enemies":"Book of Stabbing","floor":25,"turns":4}],"event_choices":[{"event_name":"Match and Keep!","player_choice":"1 cards matched","floor":3,"damage_taken":0},{"event_name":"Purifier","player_choice":"One Purge","floor":5,"damage_taken":0},{"event_name":"Transmorgrifier","player_choice":"Transform","floor":12,"damage_taken":0},{"event_name":"The Mausoleum","player_choice":"Yes","floor":19,"damage_taken":0},{"event_name":"The Joust","player_choice":"Bet on Murderer","floor":21,"damage_taken":0},{"event_name":"Forgotten Altar","player_choice":"Smashed Altar","floor":22,"damage_taken":0}],"boss_relics":[{"not_picked":["Orrery","Runic Cube"],"picked":"Black Blood"}],"potions_floor_spawned":[4,18],"seed_played":"-7658635179563217584","killed_by":"Book of Stabbing","ascension_level":14,"is_trial":false}