{"gold_per_floor":[109,109,74,87,87,87,127,127,151,182,200,200,213,226,226,347,347,366,366,20,41,57,57,57,78,102,125,125,146,245,21,21,21],"floor_reached":33,"playtime":1625,"items_purged":[],"score":434,"play_id":"f4920bcb-4716-45b3-a9fd-d55bde15fc69","local_time":"20190402141412","is_ascension_mode":true,"campfire_choices":[{"data":"Crippling Poison","floor":6,"key":"SMITH"},{"data":"Tactician","floor":12,"key":"SMITH"},{"floor":15,"key":"REST"},{"data":"Prepared","floor":23,"key":"SMITH"},{"floor":28,"key":"REST"},{"floor":32,"key":"REST"}],"neow_cost":"NONE","seed_source_timestamp":1746662749374180,"circlet_count":0,"master_deck":["Defend_G","Defend_G","Defend_G","Defend_G","Defend_G","Survivor","Neutralize","Crippling Poison+1","Dagger Throw","Corpse Explosion","Good Instincts","Caltrops","Tactician+1","Eviscerate","Backflip","Tools of the Trade","Storm of Steel","Prepared+1","Bite","Bite","Bite","Bite","Bite","Prepared","Setup","Backflip+1","Blur+1","Deflect","Dagger Spray+1","Footwork"],"relics":["Ring of the Snake","NeowsBlessing","Golden Idol","Tingsha","Juzu Bracelet","Strawberry","PreservedInsect","Black Star","The Specimen","NlothsMask","Regal Pillow"],"potions_floor_usage":[16,16,25,25,27,33],"damage_taken":[{"damage":0,"enemies":"Cultist","floor":1,"turns":1},{"damage":0,"enemies":"Small Slimes","floor":4,"turns":1},{"damage":0,"enemies":"Gremlin Nob","floor":7,"turns":1},{"damage":4,"enemies":"3 Sentries","floor":10,"turns":3},{"damage":6,"enemies":"Jaw Worm","floor":11,"turns":4},{"damage":3,"enemies":"Looter","floor":13,"turns":4},{"damage":14,"enemies":"Exordium Thugs","floor":14,"turns":4},{"damage":20,"enemies":"Slime Boss","floor":16,"turns":14},{"damage":25,"enemies":"Shell Parasite","floor":18,"turns":5},{"damage":29,"enemies":"3 Byrds","floor":21,"turns":4},{"damage":11,"enemies":"Snecko","floor":22,"turns":5},{"damage":13,"enemies":"Centurion and Healer","floor":25,"turns":8},{"damage":28,"enemies":"Shelled Parasite and Fungi","floor":27,"turns":6},{"damage":20,"enemies":"Snake Plant","floor":29,"turns":5},{"damage":48,"enemies":"Collector","floor":33,"turns":8}],"seed_played":"136855583471987180","potions_obtained":[{"floor":11,"key":"Dexterity Potion"},{"floor":13,"key":"Regen Potion"},{"floor":16,"key":"Swift Potion"},{"floor":21,"key":"GamblersBrew"},{"floor":25,"key":"Weak Potion"},{"floor":29,"key":"EssenceOfSteel"}],"is_trial":false,"path_per_floor":["M","?","?","M","T","R","E","?","T","E","M","R","M","M","R","B",null,"M","?","$","M","M","R","?","M","T","M","R","M","?","$","R","B"],"character_chosen":"THE_SILENT","items_purchased":["The Specimen","Prepared","Regal Pillow","Footwork"],"campfire_rested":3,"item_purchase_floors":[20,20,31,31],"current_hp_per_floor":[63,46,63,63,63,63,63,63,70,66,60,60,57,43,66,61,73,48,48,48,25,22,22,22,25,25,5,20,6,6,6,36,0],"gold":21,"neow_bonus":"THREE_ENEMY_KILL","is_prod":false,"is_daily":false,"chose_seed":false,"campfire_upgraded":3,"win_rate":0,"timestamp":1554239652,"path_taken":["M","?","?","M","?","R","E","?","T","E","M","R","M","M","R","BOSS","M","?","$","M","M","R","?","M","T","M","R","M","?","$","R","BOSS"],"build_version":"2019-01-23","purchased_purges":0,"victory":false,"max_hp_per_floor":[70,70,70,70,70,70,70,70,77,77,77,77,77,77,77,77,77,77,53,53,53,53,53,53,53,53,53,53,53,53,53,53,53],"card_choices":[{"not_picked":["Deflect","Dagger Throw"],"picked":"Crippling Poison","floor":1},{"not_picked":["Cloak And Dagger","Blade Dance"],"picked":"Dagger Throw","floor":4},{"not_picked":["Infinite Blades","Well Laid Plans"],"picked":"Corpse Explosion","floor":7},{"not_picked":["Distraction","Noxious Fumes"],"picked":"Tactician","floor":10},{"not_picked":["Deadly Poison","PiercingWail"],"picked":"Eviscerate","floor":11},{"not_picked":["Sucker Punch","Predator"],"picked":"Backflip","floor":13},{"not_picked":["Slice","Outmaneuver"],"picked":"Tools of the Trade","floor":14},{"not_picked":["Adrenaline","Grand Finale"],"picked":"Storm of Steel","floor":16},{"not_picked":["Noxious Fumes","Endless Agony"],"picked":"Prepared","floor":18},{"not_picked":["Poisoned Stab","Dagger Spray"],"picked":"Setup","floor":21},{"not_picked":["Sucker Punch","Dagger Spray"],"picked":"Backflip+1","floor":22},{"not_picked":["Cloak And Dagger","Bane"],"picked":"Blur+1","floor":25},{"not_picked":["Corpse Explosion","Finisher"],"picked":"Deflect","floor":27},{"not_picked":["Backflip","Quick Slash"],"picked":"Dagger Spray+1","floor":29}],"player_experience":472205,"relics_obtained":[{"floor":5,"key":"Tingsha"},{"floor":7,"key":"Juzu Bracelet"},{"floor":9,"key":"Strawberry"},{"floor":10,"key":"PreservedInsect"}],"event_choices":[{"damage_healed":0,"gold_gain":0,"player_choice":"Take Damage","damage_taken":17,"relics_obtained":["Golden Idol"],"max_hp_gain":0,"max_hp_loss":0,"event_name":"Golden Idol","floor":2,"gold_loss":0},{"damage_healed":17,"gold_gain":0,"player_choice":"Healed","damage_taken":0,"max_hp_gain":0,"max_hp_loss":0,"event_name":"The Cleric","floor":3,"gold_loss":35},{"damage_healed":0,"gold_gain":0,"player_choice":"2 cards matched","damage_taken":0,"max_hp_gain":0,"max_hp_loss":0,"event_name":"Match and Keep!","floor":8,"gold_loss":0,"cards_obtained":["Good Instincts","Caltrops"]},{"damage_healed":0,"gold_gain":0,"player_choice":"Became a vampire","damage_taken":0,"max_hp_gain":0,"max_hp_loss":24,"event_name":"Vampires","floor":19,"gold_loss":0,"cards_obtained":["Bite","Bite","Bite","Bite","Bite"]},{"damage_healed":0,"gold_gain":0,"player_choice":"Trade","damage_taken":0,"relics_obtained":["NlothsMask"],"max_hp_gain":0,"max_hp_loss":0,"event_name":"FaceTrader","floor":24,"gold_loss":0},{"damage_healed":0,"gold_gain":99,"player_choice":"Stole From Cult","damage_taken":0,"max_hp_gain":0,"max_hp_loss":0,"event_name":"Nest","floor":30,"gold_loss":0}],"is_beta":false,"boss_relics":[{"not_picked":["Coffee Dripper","Sozu"],"picked":"Black Star"}],"items_purged_floors":[],"is_endless":false,"potions_floor_spawned":[11,13,16,21,25,29],"killed_by":"Collector","ascension_level":9}