{"gold_per_floor":[119,69,81,93,105,430,444,467,467,467,486,486,504,504,504,607,607,623,639,119,119],"floor_reached":21,"playtime":1074,"items_purged":["Strike_B"],"score":183,"play_id":"f1bc9e48-a08f-4bea-af90-1aede2447988","local_time":"20190322092641","is_ascension_mode":false,"campfire_choices":[{"floor":10,"key":"RECALL"},{"floor":12,"key":"REST"},{"data":"Zap","floor":15,"key":"SMITH"}],"neow_cost":"TEN_PERCENT_HP_LOSS","seed_source_timestamp":214506984817200,"circlet_count":0,"master_deck":["Strike_B","Strike_B","Defend_B","Defend_B","Defend_B","Defend_B","Zap+1","Dualcast","All For One","Beam Cell","Go for the Eyes","Reinforced Body","Steam","Parasite","Thunder Strike","Chaos","Gash","Redo","Impatience"],"relics":["Cracked Core","Old Coin","Gremlin Horn","Busted Crown","Girya"],"potions_floor_usage":[7,13,19],"damage_taken":[{"damage":5,"enemies":"Small Slimes","floor":1,"turns":3},{"damage":11,"enemies":"Jaw Worm","floor":3,"turns":2},{"damage":0,"enemies":"2 Louse","floor":4,"turns":2},{"damage":17,"enemies":"Gremlin Gang","floor":5,"turns":4},{"damage":25,"enemies":"Gremlin Nob","floor":6,"turns":4},{"damage":9,"enemies":"Exordium Thugs","floor":7,"turns":6},{"damage":0,"enemies":"Lots of Slimes","floor":11,"turns":2},{"damage":0,"enemies":"Exordium Wildlife","floor":13,"turns":3},{"damage":44,"enemies":"The Guardian","floor":16,"turns":15},{"damage":22,"enemies":"Shell Parasite","floor":18,"turns":7},{"damage":28,"enemies":"3 Byrds","floor":19,"turns":6},{"damage":24,"enemies":"3 Cultists","floor":21,"turns":4}],"seed_played":"4554709586900618901","potions_obtained":[{"floor":6,"key":"Fruit Juice"},{"floor":7,"key":"Energy Potion"},{"floor":11,"key":"SkillPotion"},{"floor":16,"key":"FocusPotion"},{"floor":18,"key":"SteroidPotion"}],"is_trial":false,"path_per_floor":["M","?","M","M","M","E","M","T","T","R","M","R","M","?","R","B",null,"M","M","$","M"],"character_chosen":"DEFECT","items_purchased":["Gash","Girya","Redo","Impatience"],"campfire_rested":1,"item_purchase_floors":[20,20,20,20],"current_hp_per_floor":[63,63,52,52,35,10,6,6,6,6,6,27,27,45,45,1,73,51,23,23,0],"gold":119,"neow_bonus":"THREE_RARE_CARDS","is_prod":false,"is_daily":false,"chose_seed":false,"campfire_upgraded":1,"win_rate":0,"timestamp":1553218001,"path_taken":["M","?","M","M","M","E","M","?","T","R","M","R","M","?","R","BOSS","M","M","$","M"],"build_version":"2019-01-23","purchased_purges":1,"victory":false,"max_hp_per_floor":[68,68,68,68,68,68,73,73,73,73,73,73,73,73,73,73,73,73,73,73,73],"card_choices":[{"not_picked":["Amplify","Creative AI"],"picked":"All For One","floor":0},{"not_picked":["Go for the Eyes","Self Repair"],"picked":"Beam Cell","floor":1},{"not_picked":["Skim","Fusion"],"picked":"Go for the Eyes","floor":3},{"not_picked":["Go for the Eyes","Stack","Rip and Tear"],"picked":"SKIP","floor":4},{"not_picked":["Skim","Go for the Eyes","Hologram"],"picked":"SKIP","floor":5},{"not_picked":["Stack","Machine Learning"],"picked":"Reinforced Body","floor":6},{"not_picked":["Beam Cell","Hologram","Undo"],"picked":"SKIP","floor":7},{"not_picked":["Sweeping Beam","Consume"],"picked":"Steam","floor":11},{"not_picked":["Conserve Battery","Capacitor","Hello World"],"picked":"SKIP","floor":13},{"not_picked":["Core Surge","Multi-Cast"],"picked":"Thunder Strike","floor":16},{"not_picked":["Blizzard+1"],"picked":"SKIP","floor":18},{"not_picked":[],"picked":"Chaos","floor":19}],"player_experience":415089,"relics_obtained":[{"floor":6,"key":"Old Coin"},{"floor":9,"key":"Gremlin Horn"}],"event_choices":[{"cards_removed":["Strike_B"],"damage_healed":0,"gold_gain":0,"player_choice":"Card Removal","damage_taken":0,"max_hp_gain":0,"max_hp_loss":0,"event_name":"The Cleric","floor":2,"gold_loss":50},{"damage_healed":18,"gold_gain":0,"player_choice":"Healed and dodged fight","damage_taken":0,"max_hp_gain":0,"max_hp_loss":0,"event_name":"Mushrooms","floor":14,"gold_loss":0,"cards_obtained":["Parasite"]}],"is_beta":false,"boss_relics":[{"not_picked":["Nuclear Battery","FrozenCore"],"picked":"Busted Crown"}],"items_purged_floors":[20],"is_endless":false,"potions_floor_spawned":[6,7,11,16,18],"killed_by":"3 Cultists","ascension_level":0}