{"path_per_floor":["M","M","?","M","$","R","M","E","T","R","?","E","R","E","R","B",null,"M","?","?","M","$","R","?","E","T","R","?","$","R","$","R","B",null,"M","?","?","M","M","R","?","M","T","$","E","M","?","M","R","B"],"character_chosen":"DEFECT","items_purchased":["Coolheaded","Orichalcum","Self Repair","Redo"],"gold_per_floor":[118,136,311,324,46,46,58,90,90,90,90,133,133,164,164,290,290,308,223,223,248,77,77,77,110,135,135,166,41,41,41,41,169,169,192,192,192,217,233,233,233,246,246,21,60,79,79,102,102,102],"floor_reached":51,"campfire_rested":3,"playtime":2894,"current_hp_per_floor":[68,64,64,62,62,62,59,48,48,70,70,64,64,61,61,39,66,41,51,51,48,48,48,48,48,48,48,53,53,77,77,77,66,78,82,82,72,77,62,62,62,55,55,55,38,57,57,61,82,46],"items_purged":["Doubt","Pain","Parasite","Doubt"],"gold":102,"score":874,"play_id":"feb9bc6d-7d95-4c54-8c69-0fabeb54d7ea","local_time":"20180513091324","is_prod":false,"is_daily":false,"chose_seed":false,"is_ascension_mode":true,"campfire_upgraded":7,"timestamp":1526217204,"path_taken":["M","M","?","M","$","R","M","E","T","R","?","E","R","E","R","BOSS","M","?","?","M","$","R","?","E","T","R","?","$","R","?","R","BOSS","M","?","?","M","M","R","?","M","T","$","E","M","?","M","R","BOSS"],"build_version":"2018-05-12v2","seed_source_timestamp":312732130548238,"purchased_purges":4,"victory":true,"master_deck":["Defend_B","Defend_B","Defend_B","Defend_B","Zap","Dualcast+1","Ball Lightning+1","Conserve Battery","Meteor Strike+1","Coolheaded+1","Undo+1","Injury","Capacitor+1","Seek+1","Electrodynamics+1","Chill+1","Bite","Bite+1","Bite","Bite","Skim+1","Self Repair","Meteor Strike+1","Glacier+1","Thunder Strike+1","Leap+1","Madness+1","Madness+1","Undo+1","Trip+1","Tempest+1","Redo+1","Seek+1","Barrage+1"],"max_hp_per_floor":[75,75,75,75,75,75,75,75,75,75,75,75,75,75,75,75,75,75,85,85,85,85,85,85,85,85,85,85,82,82,82,82,82,82,82,82,82,82,82,82,82,82,82,82,82,82,82,82,82,82],"relics":["Nuclear Battery","Orichalcum","Letter Opener","Golden Idol","Meat on the Bone","War Paint","Calling Bell","Bronze Scales","Toxic Egg 2","Gambling Chip","Pear","Juzu Bracelet","Potion Belt","Red Mask","Philosopher\u0027s Stone","Whetstone","Lantern"],"card_choices":[{"not_picked":["Chaos","Stack"],"picked":"Ball Lightning","floor":1},{"not_picked":["Stack","Capacitor"],"picked":"Conserve Battery","floor":2},{"not_picked":["Cold Snap","Steam"],"picked":"Meteor Strike","floor":4},{"not_picked":["Reprogram","Axe Kick","Storm"],"picked":"SKIP","floor":7},{"not_picked":["Hello World","Cold Snap"],"picked":"Undo","floor":8},{"not_picked":["Chill","Lockon"],"picked":"Capacitor","floor":12},{"not_picked":["Undo","Reinforced Body"],"picked":"Seek","floor":14},{"not_picked":["Echo Form","Nova"],"picked":"Electrodynamics","floor":16},{"not_picked":["Chaos+1","Redo+1"],"picked":"Chill+1","floor":18},{"not_picked":["Loop","Doom and Gloom"],"picked":"Skim+1","floor":21},{"not_picked":["Sunder","Axe Kick"],"picked":"Glacier+1","floor":25},{"not_picked":["Electrodynamics","Fission+1"],"picked":"Thunder Strike","floor":33},{"not_picked":["FTL","Scrape+1"],"picked":"Leap+1","floor":35},{"not_picked":["Ball Lightning","Barrage"],"picked":"Undo+1","floor":38},{"not_picked":["Axe Kick+1","Lockon","Barrage"],"picked":"SKIP","floor":39},{"not_picked":["Bandage Up","Secret Technique"],"picked":"Trip","floor":41},{"not_picked":["Sweeping Beam+1","Hologram+1"],"picked":"Tempest+1","floor":42},{"not_picked":["Leap+1","Melter","Self Repair"],"picked":"SKIP","floor":45},{"not_picked":["Sweeping Beam+1","Recycle+1","Capacitor+1"],"picked":"SKIP","floor":46},{"not_picked":["Skim+1","Heatsinks+1"],"picked":"Barrage+1","floor":48}],"player_experience":75596,"potions_floor_usage":[18,25,25,25,42,50,50,50],"damage_taken":[{"damage":7,"enemies":"2 Louse","floor":1,"turns":3},{"damage":4,"enemies":"Jaw Worm","floor":2,"turns":3},{"damage":2,"enemies":"Small Slimes","floor":4,"turns":3},{"damage":3,"enemies":"3 Louse","floor":7,"turns":5},{"damage":11,"enemies":"3 Sentries","floor":8,"turns":7},{"damage":8,"enemies":"Lagavulin","floor":12,"turns":6},{"damage":5,"enemies":"3 Sentries","floor":14,"turns":6},{"damage":36,"enemies":"The Guardian","floor":16,"turns":10},{"damage":36,"enemies":"2 Thieves","floor":18,"turns":5},{"damage":29,"enemies":"Spheric Guardian","floor":21,"turns":4},{"damage":40,"enemies":"Gremlin Leader","floor":25,"turns":6},{"damage":26,"enemies":"Masked Bandits","floor":28,"turns":4},{"damage":62,"enemies":"Automaton","floor":33,"turns":10},{"damage":9,"enemies":"Flame Bruiser 1 Orb","floor":35,"turns":4},{"damage":6,"enemies":"Orb Walker","floor":38,"turns":3},{"damage":60,"enemies":"Maw","floor":39,"turns":9},{"damage":13,"enemies":"4 Shapes","floor":42,"turns":4},{"damage":45,"enemies":"2 Orb Walkers","floor":45,"turns":5},{"damage":0,"enemies":"3 Darklings","floor":46,"turns":2},{"damage":1,"enemies":"Sphere and 2 Shapes","floor":48,"turns":3},{"damage":91,"enemies":"Donu and Deca","floor":50,"turns":8}],"event_choices":[{"event_name":"Liars Game","player_choice":"agreed","floor":3,"damage_taken":0},{"event_name":"Golden Idol","player_choice":"Take Wound","floor":11,"damage_taken":0},{"event_name":"Addict","player_choice":"Obtained Relic","floor":19,"damage_taken":0},{"event_name":"Vampires","player_choice":"Became a vampire (Vial)","floor":20,"damage_taken":0},{"event_name":"Match and Keep!","player_choice":"1 cards matched","floor":24,"damage_taken":0},{"event_name":"Masked Bandits","player_choice":"Fought over 135 gold","floor":28,"damage_taken":0},{"event_name":"Winding Halls","player_choice":"Embrace Madness","floor":37,"damage_taken":0},{"event_name":"SensoryStone","player_choice":"Memory 1","floor":41,"damage_taken":0},{"event_name":"Duplicator","player_choice":"One dupe","floor":47,"damage_taken":0}],"boss_relics":[{"not_picked":["Astrolabe","Lizard Tail"],"picked":"Calling Bell"},{"not_picked":["Velvet Choker","Runic Pyramid"],"picked":"Philosopher\u0027s Stone"}],"potions_floor_spawned":[2,4,12,21,25,35,38,48],"seed_played":"-1133951918236403110","ascension_level":5,"is_trial":false}