{"gold_per_floor":[114,189,206,481,186,205,205,217,242,242,262,262,289,302,302,380,380,395,34,34,34,114,114,170,170,194,205,205,205,205,222,222,222],"floor_reached":33,"playtime":748,"items_purged":["Regret"],"score":546,"play_id":"6dbabfdf-71a1-4a9e-81f8-b159f44ebd89","local_time":"20190420082007","is_ascension_mode":true,"campfire_choices":[{"floor":7,"key":"DIG"},{"floor":10,"key":"DIG"},{"floor":12,"key":"DIG"},{"floor":15,"key":"DIG"},{"data":"Heavy Blade","floor":23,"key":"SMITH"},{"data":"Blade Dance","floor":28,"key":"SMITH"},{"floor":32,"key":"DIG"}],"neow_cost":"TEN_PERCENT_HP_LOSS","seed_source_timestamp":1699998988229,"circlet_count":0,"master_deck":["AscendersBane","Strike_R","Strike_R","Strike_R","Strike_R","Strike_R","Defend_R","Defend_R","Defend_R","Defend_R+1","Bash","Heavy Blade+1","Pummel","FTL","Infernal Blade","Cleave","A Thousand Cuts+1","Blade Dance+1","Corruption+1","Acrobatics","Blade Dance+1"],"relics":["Burning Blood","Shovel","PrismaticShard","Vajra","Anchor","Centennial Puzzle","Smiling Mask","Odd Mushroom","Frozen Egg 2","Eternal Feather","Paper Frog","MutagenicStrength","Pantograph","Tiny Chest","Orichalcum","War Paint"],"potions_floor_usage":[13,16,18,27,30],"damage_taken":[{"damage":14,"enemies":"Small Slimes","floor":1,"turns":4},{"damage":12,"enemies":"Jaw Worm","floor":3,"turns":3},{"damage":1,"enemies":"Cultist","floor":6,"turns":3},{"damage":0,"enemies":"2 Fungi Beasts","floor":8,"turns":2},{"damage":3,"enemies":"Blue Slaver","floor":11,"turns":2},{"damage":0,"enemies":"The Mushroom Lair","floor":13,"turns":3},{"damage":2,"enemies":"Exordium Wildlife","floor":14,"turns":3},{"damage":62,"enemies":"Hexaghost","floor":16,"turns":7},{"damage":1,"enemies":"2 Thieves","floor":18,"turns":2},{"damage":15,"enemies":"Gremlin Leader","floor":24,"turns":5},{"damage":13,"enemies":"Chosen","floor":27,"turns":4},{"damage":0,"enemies":"Book of Stabbing","floor":30,"turns":1},{"damage":28,"enemies":"Snake Plant","floor":31,"turns":3},{"damage":79,"enemies":"Collector","floor":33,"turns":7}],"seed_played":"8764722279928752302","potions_obtained":[{"floor":1,"key":"Explosive Potion"},{"floor":11,"key":"Strength Potion"},{"floor":14,"key":"Fire Potion"},{"floor":16,"key":"Energy Potion"},{"floor":18,"key":"SmokeBomb"}],"is_trial":false,"path_per_floor":["M","?","M","?","$","M","R","M","T","R","M","R","?","M","R","B",null,"M","$","?","?","T","R","E","$","T","M","R","?","E","M","R","B"],"character_chosen":"IRONCLAD","items_purchased":["PrismaticShard","Corruption+1","Paper Frog"],"campfire_rested":0,"item_purchase_floors":[5,19,19],"current_hp_per_floor":[60,49,43,43,43,48,48,54,54,54,57,57,63,67,67,11,54,59,59,59,59,59,68,59,59,59,52,64,64,68,46,58,0],"gold":222,"neow_bonus":"ONE_RARE_RELIC","is_prod":false,"is_daily":false,"chose_seed":false,"campfire_upgraded":2,"win_rate":0,"timestamp":1555762807,"path_taken":["M","?","M","?","$","?","R","M","T","R","M","R","?","M","R","BOSS","M","$","?","?","?","R","E","$","T","M","R","?","E","?","R","BOSS"],"build_version":"2019-01-23","purchased_purges":1,"victory":false,"max_hp_per_floor":[68,68,68,68,68,68,68,68,68,68,68,68,68,68,68,68,68,68,68,68,68,68,68,68,68,68,68,68,68,68,68,68,68],"card_choices":[{"not_picked":["Flame Barrier","Armaments"],"picked":"Heavy Blade","floor":1},{"not_picked":["Flame Barrier","Ghostly Armor"],"picked":"Pummel","floor":3},{"not_picked":["Flying Knee","Bane"],"picked":"FTL","floor":6},{"not_picked":["Perfected Strike","Stack","Dual Wield"],"picked":"SKIP","floor":8},{"not_picked":["Ball Lightning","Poisoned Stab"],"picked":"Infernal Blade","floor":11},{"not_picked":["Purity","Armaments"],"picked":"Cleave","floor":14},{"not_picked":["Secret Weapon","Bludgeon"],"picked":"A Thousand Cuts+1","floor":16},{"not_picked":["Reckless Charge","Slice"],"picked":"Blade Dance","floor":18},{"not_picked":["Chaos","Redo","Underhanded Strike"],"picked":"SKIP","floor":24},{"not_picked":["Dodge and Roll","Shrug It Off"],"picked":"Acrobatics","floor":27},{"not_picked":["Perfected Strike","Havoc"],"picked":"Blade Dance","floor":31}],"player_experience":917169,"relics_obtained":[{"floor":7,"key":"Vajra"},{"floor":9,"key":"Anchor"},{"floor":10,"key":"Centennial Puzzle"},{"floor":12,"key":"Smiling Mask"},{"floor":13,"key":"Odd Mushroom"},{"floor":15,"key":"Frozen Egg 2"},{"floor":22,"key":"Pantograph"},{"floor":24,"key":"Tiny Chest"},{"floor":26,"key":"Orichalcum"},{"floor":32,"key":"War Paint"}],"event_choices":[{"damage_healed":0,"gold_gain":75,"player_choice":"Gather Gold","damage_taken":11,"max_hp_gain":0,"max_hp_loss":0,"event_name":"World of Goop","floor":2,"gold_loss":0},{"damage_healed":0,"gold_gain":275,"player_choice":"Desecrate","damage_taken":0,"max_hp_gain":0,"max_hp_loss":0,"event_name":"Golden Shrine","floor":4,"gold_loss":0,"cards_obtained":["Regret"]},{"damage_healed":0,"gold_gain":0,"player_choice":"Fought Mushrooms","damage_taken":0,"max_hp_gain":0,"max_hp_loss":0,"event_name":"Mushrooms","floor":13,"gold_loss":0},{"damage_healed":0,"gold_gain":0,"player_choice":"Ignored","damage_taken":0,"max_hp_gain":0,"max_hp_loss":0,"event_name":"Cursed Tome","floor":20,"gold_loss":0},{"damage_healed":0,"gold_gain":0,"player_choice":"Inject Mutagens","damage_taken":0,"relics_obtained":["MutagenicStrength"],"max_hp_gain":0,"max_hp_loss":0,"event_name":"Drug Dealer","floor":21,"gold_loss":0},{"damage_healed":0,"gold_gain":0,"player_choice":"Ignored","damage_taken":0,"max_hp_gain":0,"max_hp_loss":0,"event_name":"Ghosts","floor":29,"gold_loss":0}],"is_beta":false,"boss_relics":[{"not_picked":["Empty Cage","Runic Pyramid"],"picked":"Eternal Feather"}],"items_purged_floors":[5],"is_endless":false,"potions_floor_spawned":[1,11,14,16,18],"killed_by":"Collector","ascension_level":20}