{"gold_per_floor":[114,114,114,137,151,151,174,208,231,256,5,5,19,19,19,139,139,159,159,173,104,124,124,142,161,161,161],"floor_reached":27,"playtime":1527,"items_purged":[],"score":217,"play_id":"84c9de13-dc99-40e3-927e-01615ca058fc","local_time":"20190416161042","is_ascension_mode":false,"campfire_choices":[{"floor":6,"key":"RECALL"},{"floor":12,"key":"REST"},{"floor":15,"key":"REST"},{"floor":23,"key":"REST"}],"neow_cost":"NONE","seed_source_timestamp":517144345852678,"circlet_count":0,"master_deck":["Strike_B","Strike_B","Strike_B","Strike_B","Defend_B","Defend_B","Defend_B","Defend_B+1","Zap","Dualcast","Ball Lightning+1","Rebound","Electrodynamics","Turbo","Melter","Gash","Apotheosis","Genetic Algorithm","Chaos","Meteor Strike","Double Energy+1","Sunder+1","Capacitor","Hello World+1","Gash","Redo"],"relics":["Cracked Core","Omamori","Golden Idol","PreservedInsect","Nuclear Battery","Happy Flower"],"potions_floor_usage":[25],"damage_taken":[{"damage":0,"enemies":"Small Slimes","floor":1,"turns":4},{"damage":11,"enemies":"Jaw Worm","floor":4,"turns":3},{"damage":0,"enemies":"Cultist","floor":5,"turns":2},{"damage":11,"enemies":"Lots of Slimes","floor":7,"turns":3},{"damage":28,"enemies":"Gremlin Nob","floor":8,"turns":4},{"damage":14,"enemies":"Blue Slaver","floor":10,"turns":3},{"damage":14,"enemies":"Looter","floor":13,"turns":3},{"damage":21,"enemies":"Hexaghost","floor":16,"turns":9},{"damage":38,"enemies":"2 Thieves","floor":18,"turns":5},{"damage":14,"enemies":"3 Byrds","floor":20,"turns":3},{"damage":10,"enemies":"Sentry and Sphere","floor":22,"turns":3},{"damage":16,"enemies":"Snake Plant","floor":24,"turns":4},{"damage":12,"enemies":"Centurion and Healer","floor":25,"turns":3},{"damage":16,"enemies":"Sentry and Sphere","floor":27,"turns":3}],"seed_played":"8712006397391178786","potions_obtained":[{"floor":7,"key":"Strength Potion"},{"floor":8,"key":"SpeedPotion"},{"floor":10,"key":"LiquidBronze"},{"floor":24,"key":"AttackPotion"}],"is_trial":false,"path_per_floor":["M","?","?","M","M","R","M","E","T","M","$","R","M","?","R","B",null,"M","?","M","$","M","R","M","M","T","M"],"character_chosen":"DEFECT","items_purchased":["Apotheosis","Genetic Algorithm","Capacitor"],"campfire_rested":3,"item_purchase_floors":[11,11,21],"current_hp_per_floor":[75,75,75,64,64,64,53,25,25,11,11,33,19,4,26,5,75,37,37,23,23,13,35,19,7,7,0],"gold":161,"neow_bonus":"RANDOM_COMMON_RELIC","is_prod":false,"is_daily":false,"chose_seed":false,"campfire_upgraded":0,"win_rate":0,"timestamp":1555456242,"path_taken":["M","?","?","M","M","R","?","E","T","M","?","R","?","?","R","BOSS","M","?","M","$","M","R","?","?","T","M"],"build_version":"2019-01-23","purchased_purges":0,"victory":false,"max_hp_per_floor":[75,75,75,75,75,75,75,75,75,75,75,75,75,75,75,75,75,75,75,75,75,75,75,75,75,75,75],"card_choices":[{"not_picked":["Barrage","Sweeping Beam"],"picked":"Ball Lightning","floor":1},{"not_picked":["Compile Driver","Gash"],"picked":"Rebound","floor":4},{"not_picked":["Glacier","Chill"],"picked":"Electrodynamics","floor":5},{"not_picked":["Blizzard","Barrage"],"picked":"Turbo","floor":7},{"not_picked":["Auto Shields","Conserve Battery"],"picked":"Melter","floor":8},{"not_picked":["Compile Driver","Go for the Eyes"],"picked":"Gash","floor":10},{"not_picked":["Genetic Algorithm","Machine Learning"],"picked":"Chaos","floor":13},{"not_picked":["Reboot","Thunder Strike"],"picked":"Meteor Strike","floor":16},{"not_picked":["Sweeping Beam","Steam+1"],"picked":"Double Energy+1","floor":18},{"not_picked":["Rebound","Sweeping Beam"],"picked":"Sunder+1","floor":20},{"not_picked":["Leap","Heatsinks"],"picked":"Hello World+1","floor":22},{"not_picked":["Hologram","Turbo"],"picked":"Gash","floor":24},{"not_picked":["Machine Learning","Scrape"],"picked":"Redo","floor":25}],"player_experience":499462,"relics_obtained":[{"floor":8,"key":"PreservedInsect"},{"floor":26,"key":"Happy Flower"}],"event_choices":[{"damage_healed":0,"gold_gain":0,"player_choice":"Leave","damage_taken":0,"max_hp_gain":0,"max_hp_loss":0,"event_name":"The Cleric","floor":2,"gold_loss":0},{"damage_healed":0,"gold_gain":0,"player_choice":"Take Wound","damage_taken":0,"relics_obtained":["Golden Idol"],"max_hp_gain":0,"max_hp_loss":0,"event_name":"Golden Idol","floor":3,"gold_loss":0,"cards_obtained":["Injury"]},{"damage_healed":0,"gold_gain":0,"player_choice":"Entered Light","damage_taken":15,"max_hp_gain":0,"max_hp_loss":0,"event_name":"Shining Light","floor":14,"gold_loss":0,"cards_upgraded":["Ball Lightning","Defend_B"]},{"damage_healed":0,"gold_gain":0,"player_choice":"Bought 0 Potions","damage_taken":0,"max_hp_gain":0,"max_hp_loss":0,"event_name":"The Woman in Blue","floor":19,"gold_loss":0}],"is_beta":false,"boss_relics":[{"not_picked":["Empty Cage","Pandora\u0027s Box"],"picked":"Nuclear Battery"}],"items_purged_floors":[],"is_endless":false,"potions_floor_spawned":[7,8,10,18,24],"killed_by":"Sentry and Sphere","ascension_level":0}