{"gold_per_floor":[118,135,145,165,340,368,384,413,440,440,453,453,468,468],"floor_reached":14,"playtime":673,"items_purged":[],"score":146,"play_id":"7c0647ed-ce4b-49b9-b940-e81c2b3b4b89","local_time":"20181005153614","is_ascension_mode":true,"campfire_choices":[{"floor":12,"key":"REST"}],"neow_cost":"CURSE","seed_source_timestamp":198321675530392,"circlet_count":0,"master_deck":["Strike_B","Strike_B","Strike_B","Strike_B","Defend_B","Defend_B","Defend_B","Defend_B","Zap","Dualcast","Doubt","Conserve Battery","Fusion","Defragment","Biased Cognition","Doubt","Ball Lightning","Conserve Battery","Loop","Conserve Battery"],"relics":["Cracked Core","Ginger","WingedGreaves","Gremlin Horn","Anchor"],"potions_floor_usage":[6,8],"damage_taken":[{"damage":1,"enemies":"Cultist","floor":1,"turns":3},{"damage":7,"enemies":"Small Slimes","floor":2,"turns":4},{"damage":0,"enemies":"2 Louse","floor":3,"turns":2},{"damage":10,"enemies":"2 Fungi Beasts","floor":4,"turns":5},{"damage":26,"enemies":"Gremlin Nob","floor":6,"turns":4},{"damage":6,"enemies":"Looter","floor":7,"turns":3},{"damage":13,"enemies":"3 Sentries","floor":8,"turns":5},{"damage":0,"enemies":"Large Slime","floor":11,"turns":3},{"damage":2,"enemies":"Red Slaver","floor":13,"turns":4},{"damage":32,"enemies":"Gremlin Nob","floor":14,"turns":3}],"seed_played":"1827692617478170593","potions_obtained":[{"floor":2,"key":"PowerPotion"},{"floor":6,"key":"SkillPotion"},{"floor":7,"key":"Energy Potion"},{"floor":8,"key":"Swift Potion"},{"floor":11,"key":"Block Potion"}],"is_trial":false,"path_per_floor":["M","M","M","M","?","E","M","E","T","?","M","R","M"],"character_chosen":"DEFECT","items_purchased":[],"campfire_rested":1,"item_purchase_floors":[],"current_hp_per_floor":[67,60,60,50,50,24,18,5,5,10,10,34,32,0],"gold":468,"neow_bonus":"ONE_RARE_RELIC","is_prod":false,"is_daily":false,"chose_seed":false,"campfire_upgraded":0,"win_rate":0,"timestamp":1538746574,"path_taken":["M","M","M","?","?","E","M","E","T","?","?","R","?","E"],"build_version":"2018-10-04","purchased_purges":0,"victory":false,"max_hp_per_floor":[75,75,75,75,75,75,75,75,75,80,80,80,80,80],"card_choices":[{"not_picked":["Barrage","Beam Cell"],"picked":"Conserve Battery","floor":1},{"not_picked":["Coolheaded","Heatsinks"],"picked":"Fusion","floor":2},{"not_picked":["Fusion","Heatsinks"],"picked":"Defragment","floor":3},{"not_picked":["Ball Lightning","Blizzard"],"picked":"Biased Cognition","floor":4},{"not_picked":["Storm","Go for the Eyes"],"picked":"Ball Lightning","floor":6},{"not_picked":["Steam","Streamline"],"picked":"Conserve Battery","floor":7},{"not_picked":["Glacier","Go for the Eyes"],"picked":"Loop","floor":8},{"not_picked":["Go for the Eyes","Streamline"],"picked":"Conserve Battery","floor":11},{"not_picked":["Steam","Streamline","Sweeping Beam"],"picked":"SKIP","floor":13}],"player_experience":150860,"relics_obtained":[{"floor":6,"key":"WingedGreaves"},{"floor":8,"key":"Gremlin Horn"},{"floor":9,"key":"Anchor"}],"event_choices":[{"event_name":"Liars Game","player_choice":"agreed","floor":5,"damage_taken":0},{"event_name":"Big Fish","player_choice":"Donut","floor":10,"damage_taken":0}],"is_beta":true,"boss_relics":[],"items_purged_floors":[],"is_endless":false,"potions_floor_spawned":[2,6,7,8,11,13],"killed_by":"Gremlin Nob","ascension_level":8}