{"path_per_floor":["M","?","$","M","M","R","?","R","T","R","M","E","R","E","R","B",null,"M","$","?","M","$","R","E","M","T","?","M","M","M","$","R","B",null,"M","$","M","?","?","R","E","R","T","M","M","M","?","M","R","B"],"character_chosen":"IRONCLAD","items_purchased":["Hemokinesis","Deep Breath"],"gold_per_floor":[116,116,41,52,64,64,64,64,64,64,84,113,113,148,148,249,249,268,101,101,116,116,116,147,159,159,159,170,182,202,31,31,127,127,144,24,34,34,134,134,160,160,187,197,214,225,0,12,12,12],"floor_reached":51,"campfire_rested":3,"playtime":2971,"current_hp_per_floor":[79,63,63,62,68,68,68,68,68,68,67,35,59,32,32,9,80,66,66,66,69,69,69,66,64,64,64,56,38,50,50,50,34,80,73,73,71,71,71,71,57,81,81,63,51,35,35,34,62,22],"items_purged":["Strike_R","Strike_R","Writhe","Defend_R"],"gold":12,"score":906,"play_id":"51a7bbdd-3cd1-447a-988e-782d6667b0d4","local_time":"20180511155921","is_prod":false,"is_daily":false,"chose_seed":false,"is_ascension_mode":true,"campfire_upgraded":7,"timestamp":1526025561,"path_taken":["M","?","$","?","M","R","?","R","T","R","M","E","R","E","R","BOSS","M","$","?","M","$","R","E","M","T","?","M","M","M","$","R","BOSS","M","$","M","?","?","R","E","R","T","M","?","?","?","M","R","BOSS"],"build_version":"2018-05-10","seed_source_timestamp":2269266323729508,"purchased_purges":4,"victory":true,"master_deck":["Strike_R","Strike_R","Strike_R+1","Defend_R","Defend_R","Bash+1","Blood for Blood+1","Dual Wield+1","Rupture+1","Bash","Double Tap+1","Sword Boomerang+1","Hemokinesis+1","Pummel+1","Clash+1","Dropkick","Warcry+1","Deep Breath+1","Feed+1","Flex+1"],"max_hp_per_floor":[80,80,80,80,80,80,80,80,80,80,80,80,80,80,80,80,80,80,80,80,80,80,80,80,80,80,80,80,80,80,80,80,80,80,80,80,83,83,83,83,83,83,83,87,87,91,91,95,95,95],"relics":["Burning Blood","Vajra","Bronze Scales","Bag of Preparation","White Beast Statue","Toxic Egg 2","Ancient Tea Set","The Courier","Lizard Tail","Torii","Anchor","Red Mask"],"card_choices":[{"not_picked":["Hemokinesis","Perfected Strike"],"picked":"Blood for Blood","floor":1},{"not_picked":["Pommel Strike","Clothesline"],"picked":"Dual Wield","floor":4},{"not_picked":["Searing Blow","Thunderclap"],"picked":"Sword Boomerang","floor":18},{"not_picked":["Sword Boomerang","Whirlwind"],"picked":"Pummel","floor":21},{"not_picked":["Anger","Body Slam"],"picked":"Clash","floor":24},{"not_picked":["Sword Boomerang","Dark Embrace"],"picked":"Dropkick","floor":25},{"not_picked":["Cleave","Seeing Red"],"picked":"Warcry","floor":28},{"not_picked":["Immolate","Berserk"],"picked":"Feed","floor":33},{"not_picked":["Sword Boomerang","Sentinel"],"picked":"Flex","floor":46}],"player_experience":151152,"potions_floor_usage":[12,16,16,16,24,28,30,30,30,30,33,33,35,37,44,44,46,50,50],"damage_taken":[{"damage":7,"enemies":"Small Slimes","floor":1,"turns":3},{"damage":7,"enemies":"Jaw Worm","floor":4,"turns":3},{"damage":0,"enemies":"Cultist","floor":5,"turns":3},{"damage":7,"enemies":"3 Louse","floor":11,"turns":3},{"damage":38,"enemies":"3 Sentries","floor":12,"turns":9},{"damage":33,"enemies":"Gremlin Nob","floor":14,"turns":3},{"damage":29,"enemies":"Hexaghost","floor":16,"turns":5},{"damage":20,"enemies":"Spheric Guardian","floor":18,"turns":4},{"damage":3,"enemies":"Chosen","floor":21,"turns":4},{"damage":9,"enemies":"Gremlin Leader","floor":24,"turns":2},{"damage":8,"enemies":"Sentry and Sphere","floor":25,"turns":3},{"damage":14,"enemies":"3 Cultists","floor":28,"turns":4},{"damage":24,"enemies":"Snake Plant","floor":29,"turns":2},{"damage":2,"enemies":"Centurion and Healer","floor":30,"turns":3},{"damage":22,"enemies":"Champ","floor":33,"turns":4},{"damage":13,"enemies":"Orb Walker","floor":35,"turns":2},{"damage":11,"enemies":"3 Shapes","floor":37,"turns":3},{"damage":20,"enemies":"Giant Head","floor":41,"turns":4},{"damage":28,"enemies":"Maw","floor":44,"turns":4},{"damage":18,"enemies":"3 Darklings","floor":45,"turns":2},{"damage":26,"enemies":"4 Shapes","floor":46,"turns":3},{"damage":11,"enemies":"Sphere and 2 Shapes","floor":48,"turns":3},{"damage":46,"enemies":"Donu and Deca","floor":50,"turns":5}],"event_choices":[{"event_name":"Shining Light","player_choice":"Entered Light","floor":2,"damage_taken":0},{"event_name":"Match and Keep!","player_choice":"3 cards matched","floor":7,"damage_taken":0},{"event_name":"The Mausoleum","player_choice":"Yes","floor":20,"damage_taken":0},{"event_name":"Cursed Tome","player_choice":"Ignored","floor":27,"damage_taken":0},{"event_name":"Golden Shrine","player_choice":"Pray","floor":39,"damage_taken":0},{"event_name":"Tomb of Lord Red Mask","player_choice":"Paid","floor":47,"damage_taken":0}],"boss_relics":[{"not_picked":["Eternal Feather","Black Star"],"picked":"White Beast Statue"},{"not_picked":["Runic Dome","Mark of Pain"],"picked":"Lizard Tail"}],"potions_floor_spawned":[1,5,12,14,18,21,24,25,28,29,30,33,35,37,41,44,45,46,48],"seed_played":"-4927131069881215018","ascension_level":3,"is_trial":false}