{"gold_per_floor":[113,113,0,18,18,48,65,100,100,175,25,25,25,57,57,159,159,171,171,183,282,9,9,36,56,56,56,56,7,20,37,37,135,135,151,151,166,166,26,59,59,59,59,59,71,97,115,132,132,132],"floor_reached":51,"playtime":1594,"items_purged":["Strike_B"],"score":934,"play_id":"29e3aa84-c626-42b6-9527-da362a878ccd","local_time":"20180818025339","is_ascension_mode":true,"campfire_choices":[{"floor":12,"key":"REST"},{"floor":15,"key":"REST"},{"floor":23,"key":"REST"},{"floor":32,"key":"REST"},{"data":"Consume","floor":42,"key":"SMITH"},{"floor":49,"key":"REST"}],"neow_cost":"","seed_source_timestamp":117349278945764,"circlet_count":0,"master_deck":["Strike_B","Defend_B","Defend_B","Defend_B","Defend_B","Zap","Dualcast","Conserve Battery","Auto Shields","Tempest","Turbo","Loop","Meteor Strike","Defragment+1","Loop+1","Electrodynamics+1","Storm+1","Barrage+1","Loop+1","Aggregate","Buffer+1","Consume+1","Auto Shields+1","Madness","Madness","Multi-Cast","Defragment+1","Conserve Battery+1","Leap+1"],"relics":["Cracked Core","Matryoshka","Regal Pillow","Cables","Frozen Egg 2","Oddly Smooth Stone","Potion Belt","Snecko Eye","Runic Capacitor","Lantern","Dodecahedron","Mummified Hand","Lizard Tail","Peace Pipe","Ornamental Fan","Happy Flower","Molten Egg 2"],"potions_floor_usage":[8,20,31,33,45,46,47],"damage_taken":[{"damage":3,"enemies":"2 Louse","floor":1,"turns":2},{"damage":3,"enemies":"Cultist","floor":4,"turns":4},{"damage":15,"enemies":"3 Sentries","floor":6,"turns":8},{"damage":0,"enemies":"Small Slimes","floor":7,"turns":3},{"damage":20,"enemies":"Lagavulin","floor":8,"turns":6},{"damage":20,"enemies":"3 Sentries","floor":14,"turns":5},{"damage":12,"enemies":"Slime Boss","floor":16,"turns":5},{"damage":5,"enemies":"Spheric Guardian","floor":18,"turns":3},{"damage":25,"enemies":"2 Thieves","floor":20,"turns":3},{"damage":28,"enemies":"Slavers","floor":24,"turns":3},{"damage":8,"enemies":"Shelled Parasite and Fungi","floor":25,"turns":2},{"damage":24,"enemies":"Snake Plant","floor":30,"turns":2},{"damage":0,"enemies":"3 Cultists","floor":31,"turns":2},{"damage":2,"enemies":"Automaton","floor":33,"turns":5},{"damage":9,"enemies":"3 Darklings","floor":35,"turns":3},{"damage":0,"floor":36,"turns":3},{"damage":0,"enemies":"Flame Bruiser 1 Orb","floor":37,"turns":2},{"damage":7,"enemies":"Giant Head","floor":40,"turns":4},{"damage":0,"enemies":"Spire Growth","floor":45,"turns":3},{"damage":0,"enemies":"Nemesis","floor":46,"turns":5},{"damage":7,"enemies":"3 Darklings","floor":47,"turns":2},{"damage":3,"enemies":"4 Shapes","floor":48,"turns":2},{"damage":31,"enemies":"Donu and Deca","floor":50,"turns":5}],"seed_played":"516133283253487458","potions_obtained":[{"floor":6,"key":"GamblersBrew"},{"floor":7,"key":"SkillPotion"},{"floor":18,"key":"SkillPotion"},{"floor":31,"key":"Swift Potion"},{"floor":35,"key":"FearPotion"},{"floor":36,"key":"SkillPotion"},{"floor":40,"key":"Fruit Juice"}],"is_trial":false,"path_per_floor":["M","?","$","M","?","E","M","E","T","?","$","R","?","E","R","B",null,"M","?","M","?","$","R","E","M","T","?","?","$","M","M","R","B",null,"M","?","M","?","$","E","?","R","T","$","M","E","M","M","R","B"],"character_chosen":"DEFECT","items_purchased":["Auto Shields","Meteor Strike","Defragment+1","Runic Capacitor","Storm+1","SkillPotion","Multi-Cast","Defragment+1"],"campfire_rested":5,"item_purchase_floors":[3,11,11,22,22,29,39,39],"current_hp_per_floor":[72,72,72,69,62,47,47,27,27,16,16,53,35,15,52,40,75,70,56,31,31,31,70,42,34,34,34,34,34,10,10,49,47,80,71,71,71,61,61,54,54,54,54,54,59,59,52,49,85,54],"gold":132,"neow_bonus":"","is_prod":false,"is_daily":false,"chose_seed":false,"campfire_upgraded":1,"win_rate":0,"timestamp":1534553619,"path_taken":["M","?","$","M","?","E","M","E","T","?","$","R","?","E","R","BOSS","M","?","?","?","$","R","E","M","T","?","?","?","M","?","R","BOSS","M","?","M","?","?","E","?","R","T","?","M","E","?","M","R","BOSS"],"build_version":"2018-08-16","purchased_purges":1,"victory":true,"max_hp_per_floor":[75,75,75,75,75,75,75,75,75,75,75,75,75,75,75,75,75,75,80,80,80,80,80,80,80,80,80,80,80,80,80,80,80,80,80,80,80,80,80,80,80,80,80,80,85,85,85,85,85,85],"card_choices":[{"not_picked":["Steam","Redo"],"picked":"Conserve Battery","floor":1},{"not_picked":["Fusion","Reprogram"],"picked":"Tempest","floor":4},{"not_picked":["Compile Driver","Scrape"],"picked":"Turbo","floor":6},{"not_picked":["Steam","Cold Snap"],"picked":"Doom and Gloom","floor":7},{"not_picked":["Redo","Scrape"],"picked":"Loop","floor":8},{"not_picked":["Sweeping Beam","Skim"],"picked":"Loop+1","floor":14},{"not_picked":["Machine Learning+1","All For One"],"picked":"Electrodynamics+1","floor":16},{"not_picked":["Sweeping Beam+1","Conserve Battery","Heatsinks+1"],"picked":"SKIP","floor":18},{"not_picked":["Compile Driver","Cold Snap","Gash"],"picked":"SKIP","floor":20},{"not_picked":["Cold Snap+1","Go for the Eyes"],"picked":"Barrage+1","floor":24},{"not_picked":["Steam Power","Fusion","Rip and Tear"],"picked":"SKIP","floor":25},{"not_picked":["Cold Snap","Rebound"],"picked":"Loop+1","floor":30},{"not_picked":["Cold Snap","Compile Driver"],"picked":"Aggregate","floor":31},{"not_picked":["Core Surge","Multi-Cast"],"picked":"Buffer+1","floor":33},{"not_picked":["Streamline+1","Scrape"],"picked":"Consume","floor":35},{"not_picked":["Heatsinks+1","Compile Driver"],"picked":"Auto Shields+1","floor":37},{"not_picked":["Cold Snap","Hyperbeam","Stack"],"picked":"SKIP","floor":40},{"not_picked":["Melter","FTL"],"picked":"Conserve Battery+1","floor":45},{"not_picked":["Compile Driver","Go for the Eyes+1","Beam Cell"],"picked":"SKIP","floor":46},{"not_picked":["Sweeping Beam+1","Beam Cell+1","Conserve Battery"],"picked":"SKIP","floor":47},{"not_picked":["Undo","Go for the Eyes+1"],"picked":"Leap+1","floor":48}],"player_experience":78537,"relics_obtained":[{"floor":6,"key":"Matryoshka"},{"floor":8,"key":"Regal Pillow"},{"floor":9,"key":"Cables"},{"floor":9,"key":"Frozen Egg 2"},{"floor":14,"key":"Potion Belt"},{"floor":24,"key":"Lantern"},{"floor":26,"key":"Dodecahedron"},{"floor":26,"key":"Mummified Hand"},{"floor":36,"key":"Peace Pipe"},{"floor":40,"key":"Ornamental Fan"},{"floor":43,"key":"Happy Flower"},{"floor":46,"key":"Molten Egg 2"}],"event_choices":[{"event_name":"Purifier","player_choice":"One Purge","floor":2,"damage_taken":0},{"event_name":"Golden Wing","player_choice":"Card Removal","floor":5,"damage_taken":0},{"event_name":"World of Goop","player_choice":"Gather Gold","floor":10,"damage_taken":0},{"event_name":"Scrap Ooze","player_choice":"success","floor":13,"damage_taken":18},{"event_name":"Forgotten Altar","player_choice":"Shed Blood","floor":19,"damage_taken":0},{"event_name":"Nest","player_choice":"Stole From Cult","floor":21,"damage_taken":0},{"event_name":"Vampires","player_choice":"Ignored","floor":27,"damage_taken":0},{"event_name":"Addict","player_choice":"Ignored","floor":28,"damage_taken":0},{"event_name":"MindBloom","player_choice":"Fight","floor":36,"damage_taken":0},{"event_name":"Winding Halls","player_choice":"Embrace Madness","floor":38,"damage_taken":0},{"event_name":"Falling","player_choice":"Removed Attack","floor":41,"damage_taken":0}],"is_beta":true,"boss_relics":[{"not_picked":["Tiny House","Runic Pyramid"],"picked":"Snecko Eye"},{"not_picked":["Cursed Key","Runic Dome"],"picked":"Lizard Tail"}],"items_purged_floors":[3],"is_endless":false,"potions_floor_spawned":[6,7,18,31,35,36,40],"ascension_level":4}