{"gold_per_floor":[113,113,28,28,46,79,79,110,178,178,93,123,143,155,155,251,251,266,278,294,394,408,408,433,445,457,469,492,521,533,569,581,698,710,732,757,70,120,138,138,150,150,227,227,244,269,669,669,669,669],"floor_reached":50,"playtime":3953,"items_purged":["Regret"],"score":826,"play_id":"120461b8-6584-4bc0-ab64-09f69e01b48f","local_time":"20190402110719","is_ascension_mode":true,"campfire_choices":[{"data":"Dash","floor":7.0,"key":"SMITH"},{"floor":15,"key":"REST"},{"floor":23,"key":"REST"},{"data":"Skewer","floor":25,"key":"SMITH"},{"data":"Pain","floor":27,"key":"PURGE"},{"data":"Regret","floor":30,"key":"PURGE"},{"floor":32,"key":"REST"},{"data":"Acrobatics","floor":40,"key":"SMITH"},{"data":"Metamorphosis","floor":42,"key":"SMITH"},{"floor":44,"key":"RECALL"},{"floor":49,"key":"REST"}],"neow_cost":"NONE","seed_source_timestamp":0,"circlet_count":0,"master_deck":["Defend_G","Defend_G","Defend_G","Defend_G","Strike_G","Strike_G","Strike_G","Strike_G","Strike_G","Survivor","Neutralize","Dagger Throw","Dramatic Entrance","Dash+1","Dagger Throw","Tactician","Cloak And Dagger","Dodge and Roll","Tools of the Trade","Choke","Skewer+1","Underhanded Strike+1","After Image","Footwork+1","Footwork+1","Adrenaline","Underhanded Strike+1","Acrobatics+1","Metamorphosis+1","Sucker Punch+1","Flying Knee+1","Deflect+1","Skewer+1","Parasite","Blade Dance+1"],"special_seed":0,"relics":["Ring of the Snake","NeowsBlessing","Pen Nib","Meat on the Bone","Singing Bowl","Nunchaku","Torii","Centennial Puzzle","Cursed Key","Molten Egg 2","Ginger","MawBank","Peace Pipe","Busted Crown","Pocketwatch","Incense Burner","Mummified Hand","Oddly Smooth Stone","Old Coin"],"potions_floor_usage":[20,24,28,33,35,39,41,41,45,47],"damage_taken":[{"damage":0.0,"enemies":"Jaw Worm","floor":1.0,"turns":1.0},{"damage":0.0,"enemies":"Small Slimes","floor":5.0,"turns":1.0},{"damage":0.0,"enemies":"Lagavulin","floor":6.0,"turns":1.0},{"damage":17.0,"enemies":"Gremlin Nob","floor":8.0,"turns":4.0},{"damage":9.0,"enemies":"3 Sentries","floor":12.0,"turns":6.0},{"damage":0.0,"enemies":"Cultist","floor":13.0,"turns":2.0},{"damage":1.0,"enemies":"Gremlin Gang","floor":14.0,"turns":2.0},{"damage":43,"enemies":"The Guardian","floor":16,"turns":17},{"damage":14,"enemies":"2 Thieves","floor":18,"turns":5},{"damage":1,"enemies":"Chosen","floor":19,"turns":4},{"damage":20,"enemies":"Sentry and Sphere","floor":20,"turns":5},{"damage":10,"enemies":"Colosseum Slavers","floor":21,"turns":3},{"damage":7,"enemies":"Colosseum Nobs","floor":21,"turns":3},{"damage":17,"enemies":"Snake Plant","floor":22,"turns":4},{"damage":29,"enemies":"Gremlin Leader","floor":24,"turns":5},{"damage":7,"enemies":"Centurion and Healer","floor":28,"turns":6},{"damage":24,"enemies":"3 Cultists","floor":29,"turns":6},{"damage":42,"enemies":"Champ","floor":33,"turns":16},{"damage":21,"enemies":"3 Shapes","floor":35,"turns":3},{"damage":0,"enemies":"Orb Walker","floor":36,"turns":2},{"damage":8,"enemies":"2 Orb Walkers","floor":38,"turns":5},{"damage":0,"enemies":"Maw","floor":39,"turns":7},{"damage":6,"enemies":"Writhing Mass","floor":41,"turns":4},{"damage":13,"enemies":"Spire Growth","floor":45,"turns":5},{"damage":30,"enemies":"Giant Head","floor":46,"turns":8},{"damage":0,"enemies":"Mind Bloom Boss Battle","floor":47,"turns":5},{"damage":76,"enemies":"Awakened One","floor":50,"turns":6}],"seed_played":"-1822660029332341930","potions_obtained":[{"floor":5.0,"key":"Poison Potion"},{"floor":12.0,"key":"GamblersBrew"},{"floor":16,"key":"Poison Potion"},{"floor":21,"key":"Regen Potion"},{"floor":24,"key":"Weak Potion"},{"floor":29,"key":"Explosive Potion"},{"floor":33,"key":"SkillPotion"},{"floor":36,"key":"FearPotion"},{"floor":38,"key":"Swift Potion"},{"floor":39,"key":"SkillPotion"},{"floor":46,"key":"Swift Potion"}],"is_trial":false,"path_per_floor":["M","?","$","?","M","E","R","E","T","?","?","E","M","M","R","B",null,"M","M","M","?","M","R","E","R","T","R","M","M","R","T","R","B",null,"M","M","$","?","M","R","M","R","T","R","M","E","?","?","R","B"],"character_chosen":"THE_SILENT","items_purchased":["Dramatic Entrance","Pocketwatch","Acrobatics","Metamorphosis","Sucker Punch+1","Flying Knee+1"],"campfire_rested":4,"item_purchase_floors":[3,37,37,37,37,37],"current_hp_per_floor":[63,56,56,56,56,56,56,39,39,39,39,44,44,43,64,33,62,48,47,39,48,45,67,50,50,50,50,43,31,31,31,53,38,67,46,48,48,42,42,42,48,48,48,48,49,33,45,45,70,0],"gold":669,"neow_bonus":"THREE_ENEMY_KILL","is_prod":false,"is_daily":false,"chose_seed":false,"campfire_upgraded":4,"win_rate":0,"timestamp":1554228439,"path_taken":["M","?","$","?","?","E","R","E","T","?","?","E","?","M","R","BOSS","M","M","?","?","M","R","E","R","T","R","M","M","R","?","R","BOSS","M","?","$","?","M","R","M","R","T","R","M","E","?","?","R","BOSS"],"build_version":"2019-01-23","purchased_purges":1,"victory":false,"max_hp_per_floor":[70,70,70,70,70,70,70,70,70,70,70,72,72,72,72,72,72,72,72,72,74,76,76,76,76,76,76,76,76,76,76,76,76,76,76,78,78,80,80,80,80,80,80,80,82,84,84,84,84,84],"card_choices":[{"not_picked":["Slice","Sucker Punch"],"picked":"Dagger Throw","floor":1.0},{"not_picked":["Quick Slash","Finisher"],"picked":"Dash","floor":5.0},{"not_picked":["Deflect","Backflip"],"picked":"Dagger Throw","floor":6.0},{"not_picked":["Slice","Underhanded Strike"],"picked":"Tactician","floor":8.0},{"not_picked":["Distraction","Deadly Poison","PiercingWail"],"picked":"Singing Bowl","floor":12.0},{"not_picked":["Grand Finale","Blade Dance"],"picked":"Cloak And Dagger","floor":13.0},{"not_picked":["Bane","Quick Slash"],"picked":"Dodge and Roll","floor":14.0},{"not_picked":["Phantasmal Killer","Doppelganger"],"picked":"Tools of the Trade","floor":16},{"not_picked":["Cloak And Dagger","Dagger Spray"],"picked":"Choke","floor":18},{"not_picked":["Deadly Poison","Predator"],"picked":"Skewer","floor":19},{"not_picked":["Reflex","Catalyst"],"picked":"Underhanded Strike+1","floor":20},{"not_picked":["Setup+1","Outmaneuver","Slice+1"],"picked":"Singing Bowl","floor":21},{"not_picked":["Bane+1","Poisoned Stab+1","Flying Knee+1"],"picked":"Singing Bowl","floor":22},{"not_picked":["Cloak And Dagger","Catalyst+1"],"picked":"After Image","floor":24},{"not_picked":["Bane+1","Caltrops+1"],"picked":"Footwork+1","floor":28},{"not_picked":["Blade Dance","Dagger Spray+1"],"picked":"Footwork+1","floor":29},{"not_picked":["Storm of Steel","Venomology"],"picked":"Adrenaline","floor":33},{"not_picked":[],"picked":"Underhanded Strike+1","floor":35},{"not_picked":["Blade Dance"],"picked":"Singing Bowl","floor":36},{"not_picked":["Well Laid Plans+1"],"picked":"Singing Bowl","floor":38},{"not_picked":[],"picked":"Deflect+1","floor":39},{"not_picked":[],"picked":"Skewer+1","floor":41},{"not_picked":["Masterful Stab+1"],"picked":"Singing Bowl","floor":45},{"not_picked":["Cloak And Dagger"],"picked":"Singing Bowl","floor":46},{"not_picked":[],"picked":"Blade Dance+1","floor":47}],"player_experience":458773,"relics_obtained":[{"floor":6.0,"key":"Pen Nib"},{"floor":8.0,"key":"Meat on the Bone"},{"floor":9.0,"key":"Singing Bowl"},{"floor":12.0,"key":"Centennial Puzzle"},{"floor":21,"key":"Molten Egg 2"},{"floor":21,"key":"Ginger"},{"floor":24,"key":"MawBank"},{"floor":26,"key":"Peace Pipe"},{"floor":38,"key":"Incense Burner"},{"floor":43,"key":"Mummified Hand"},{"floor":46,"key":"Oddly Smooth Stone"},{"floor":47,"key":"Old Coin"}],"event_choices":[{"cards_removed":["Defend_G"],"damage_healed":0.0,"max_hp_gain":0.0,"max_hp_loss":0.0,"gold_gain":0.0,"event_name":"Golden Wing","player_choice":"Card Removal","floor":2.0,"gold_loss":0.0,"damage_taken":7.0},{"damage_healed":0.0,"max_hp_gain":0.0,"max_hp_loss":0.0,"gold_gain":0.0,"event_name":"The Cleric","player_choice":"Leave","floor":4.0,"gold_loss":0.0,"damage_taken":0.0},{"damage_healed":0.0,"max_hp_gain":0.0,"max_hp_loss":0.0,"gold_gain":0.0,"event_name":"Big Fish","player_choice":"Box","floor":10.0,"gold_loss":0.0,"damage_taken":0.0,"relics_obtained":["Nunchaku"],"cards_obtained":["Regret"]},{"damage_healed":0.0,"max_hp_gain":0.0,"max_hp_loss":0.0,"gold_gain":0.0,"event_name":"WeMeetAgain","player_choice":"Paid Gold","floor":11.0,"gold_loss":85.0,"damage_taken":0.0,"relics_obtained":["Torii"]},{"damage_healed":0,"gold_gain":0,"player_choice":"Fight","damage_taken":0,"max_hp_gain":0,"max_hp_loss":0,"event_name":"Colosseum","floor":21,"gold_loss":0},{"damage_healed":0,"gold_gain":0,"player_choice":"Fought Nobs","damage_taken":0,"max_hp_gain":0,"max_hp_loss":0,"event_name":"Colosseum","floor":21,"gold_loss":0},{"damage_healed":0,"gold_gain":0,"player_choice":"Fight","damage_taken":0,"max_hp_gain":0,"max_hp_loss":0,"event_name":"Mysterious Sphere","floor":38,"gold_loss":0},{"damage_healed":0,"gold_gain":0,"player_choice":"Fight","damage_taken":0,"max_hp_gain":0,"max_hp_loss":0,"event_name":"MindBloom","floor":47,"gold_loss":0},{"damage_healed":0,"gold_gain":0,"player_choice":"Ignored","damage_taken":0,"max_hp_gain":0,"max_hp_loss":0,"event_name":"Tomb of Lord Red Mask","floor":48,"gold_loss":0}],"is_beta":false,"boss_relics":[{"not_picked":["White Beast Statue","Runic Pyramid"],"picked":"Cursed Key"},{"not_picked":["Orrery","Lizard Tail"],"picked":"Busted Crown"}],"items_purged_floors":[37],"is_endless":false,"potions_floor_spawned":[5,12,16,21,21,24,29,33,36,38,39,46],"killed_by":"Awakened One","ascension_level":9}