{"path_per_floor":["M","$","M","M","M","R","?","E","T","R","$","E","M","M","R","B",null,"M","?","?","$","M","R","?","R","T","?","M","R","M","E","R","B",null,"M","$","?","$","?","R","?","R","T","M","?","M","M","M","R"],"character_chosen":"DEFECT","items_purchased":["Vajra","Flash of Steel","Regen Potion","Anchor","Coolheaded","Multi-Cast","Fire Potion"],"gold_per_floor":[369,48,67,80,90,90,90,124,177,177,29,73,98,121,121,250,288,306,306,221,47,68,68,68,68,93,93,114,114,138,177,177,303,303,323,125,0,0,0,0,0,0,0,15,115,131,154,177,177,177],"floor_reached":50,"campfire_rested":4,"playtime":2323,"current_hp_per_floor":[75,75,73,67,51,51,51,32,32,54,54,31,31,46,46,36,80,77,56,56,56,51,51,56,56,56,56,56,56,50,38,54,28,56,47,47,47,47,47,47,40,56,56,45,45,33,39,29,45,0],"items_purged":["Injury","Injury"],"gold":177,"score":520,"play_id":"a6933de8-79fd-4a60-86cc-6ffc57515f09","local_time":"20180502074532","is_prod":false,"is_daily":false,"chose_seed":false,"is_ascension_mode":false,"campfire_upgraded":6,"timestamp":1525261532,"path_taken":["M","$","M","M","M","R","?","E","T","R","$","E","M","M","R","BOSS","M","?","?","$","M","R","?","R","T","?","M","R","M","E","R","BOSS","M","$","?","$","?","R","?","R","T","M","?","M","M","M","R","BOSS"],"build_version":"2018-05-01v2","seed_source_timestamp":0,"purchased_purges":4,"victory":false,"master_deck":["Defend_B+1","Defend_B","Defend_B+1","Defend_B","Zap+1","Dualcast+1","Doom and Gloom+1","Flash of Steel","Capacitor+1","Sunder+1","Static Discharge+1","Impulse+1","Chill+1","Fission+1","Genetic Algorithm+1","Sweeping Beam+1","Bite+1","Bite","Bite","Bite","Bite","Coolheaded+1","Darkness+1","Auto Shields+1","Redo+1","Beam Cell+1","Multi-Cast+1","Bandage Up+1","Madness+1","Madness+1","Injury","Coolheaded+1","FTL+1","Stack+1"],"max_hp_per_floor":[75,75,75,75,75,75,75,75,75,75,75,75,75,75,75,75,80,80,56,56,56,56,56,56,56,56,56,56,56,56,56,56,56,56,56,56,56,56,56,56,56,56,56,56,56,56,56,56,56,56],"relics":["Cracked Core","Vajra","Golden Idol","Toxic Egg 2","War Paint","Orichalcum","Tiny House","Peace Pipe","Anchor","Happy Flower","Letter Opener","Cursed Key","Red Mask","Shuriken"],"card_choices":[{"not_picked":["Streamline","Recycle"],"picked":"Doom and Gloom","floor":1.0},{"not_picked":["Skim","Barrage"],"picked":"Capacitor","floor":3.0},{"not_picked":["Consume","Sweeping Beam"],"picked":"Sunder","floor":4.0},{"not_picked":["Conserve Battery","White Noise"],"picked":"Static Discharge","floor":8.0},{"not_picked":["Capacitor","Creative AI"],"picked":"Impulse","floor":12.0},{"not_picked":["Chaos","Streamline"],"picked":"Chill","floor":13.0},{"not_picked":["Rainbow","Prime"],"picked":"Fission","floor":16.0},{"not_picked":["Hello World","Cold Snap"],"picked":"Genetic Algorithm","floor":17.0},{"not_picked":["Aggregate","Streamline"],"picked":"Sweeping Beam","floor":18.0},{"not_picked":["Hologram","Chill"],"picked":"Darkness","floor":22.0},{"not_picked":["Gash","Sweeping Beam"],"picked":"Auto Shields","floor":28.0},{"not_picked":["Hyperbeam","Creative AI"],"picked":"Redo","floor":33.0},{"not_picked":["Capacitor","Ball Lightning"],"picked":"Beam Cell","floor":35.0},{"not_picked":["Blind","Jack Of All Trades"],"picked":"Bandage Up","floor":39.0},{"not_picked":["Static Discharge","Sunder"],"picked":"Coolheaded","floor":46.0},{"not_picked":["Storm","Melter"],"picked":"FTL","floor":47.0},{"not_picked":["Static Discharge","Skim"],"picked":"Stack","floor":48.0}],"player_experience":34343,"potions_floor_usage":[50,50,50],"damage_taken":[{"damage":0.0,"enemies":"2 Louse","floor":1.0,"turns":3.0},{"damage":2.0,"enemies":"Small Slimes","floor":3.0,"turns":3.0},{"damage":6.0,"enemies":"Jaw Worm","floor":4.0,"turns":3.0},{"damage":16.0,"enemies":"Large Slime","floor":5.0,"turns":5.0},{"damage":19.0,"enemies":"3 Sentries","floor":8.0,"turns":4.0},{"damage":23.0,"enemies":"Lagavulin","floor":12.0,"turns":7.0},{"damage":0.0,"enemies":"2 Fungi Beasts","floor":13.0,"turns":2.0},{"damage":0.0,"enemies":"3 Louse","floor":14.0,"turns":6.0},{"damage":10.0,"enemies":"Hexaghost","floor":16.0,"turns":8.0},{"damage":3.0,"enemies":"2 Thieves","floor":18.0,"turns":4.0},{"damage":7.0,"enemies":"Shell Parasite","floor":22.0,"turns":4.0},{"damage":5.0,"enemies":"3 Cultists","floor":28.0,"turns":4.0},{"damage":15.0,"enemies":"Centurion and Healer","floor":30.0,"turns":6.0},{"damage":22.0,"enemies":"Gremlin Leader","floor":31.0,"turns":7.0},{"damage":35.0,"enemies":"Champ","floor":33.0,"turns":9.0},{"damage":16.0,"enemies":"Flame Bruiser 1 Orb","floor":35.0,"turns":5.0},{"damage":18.0,"enemies":"3 Darklings","floor":44.0,"turns":5.0},{"damage":34.0,"enemies":"Maw","floor":46.0,"turns":7.0},{"damage":2.0,"enemies":"4 Shapes","floor":47.0,"turns":3.0},{"damage":25.0,"enemies":"Spire Growth","floor":48.0,"turns":6.0},{"damage":64,"enemies":"Time Eater","floor":50,"turns":9}],"event_choices":[{"event_name":"Golden Idol","player_choice":"Take Wound","floor":7.0,"damage_taken":0.0},{"event_name":"Vampires","player_choice":"Became a vampire","floor":19.0,"damage_taken":0.0},{"event_name":"Addict","player_choice":"Obtained Relic","floor":20.0,"damage_taken":0.0},{"event_name":"The Library","player_choice":"Heal","floor":24.0,"damage_taken":0.0},{"event_name":"Accursed Blacksmith","player_choice":"Forge","floor":27.0,"damage_taken":0.0},{"event_name":"Tomb of Lord Red Mask","player_choice":"Paid","floor":37.0,"damage_taken":0.0},{"event_name":"SensoryStone","player_choice":"Memory 1","floor":39.0,"damage_taken":0.0},{"event_name":"Winding Halls","player_choice":"Embrace Madness","floor":41.0,"damage_taken":0.0},{"event_name":"Golden Shrine","player_choice":"Pray","floor":45.0,"damage_taken":0.0}],"boss_relics":[],"potions_floor_spawned":[3,4,8,12,16,22,31,33,35,44,47],"seed_played":"537107895825670993","killed_by":"Time Eater","ascension_level":0,"is_trial":false}