{"gold_per_floor":[112,131,148,167,267,301,301,330,330,361,32,43,43,43,55,164,176,199,224,236,260,287,299,341,353,365,409,421,451,463,489,501,614,626,658,670,696,708,366,399,399,428,475,492,569,579,169,182,182,182],"floor_reached":51,"playtime":3802,"items_purged":["Strike_G","Strike_G"],"score":1170,"play_id":"40bd1993-0fd0-4f72-b60e-b94aa27b3687","local_time":"20190403234015","is_ascension_mode":true,"campfire_choices":[{"floor":7,"key":"REST"},{"floor":15,"key":"DIG"},{"floor":23,"key":"REST"},{"data":"Night Terror","floor":25,"key":"SMITH"},{"data":"Catalyst","floor":30,"key":"SMITH"},{"floor":32,"key":"REST"},{"floor":41,"key":"REST"},{"data":"Night Terror","floor":49,"key":"SMITH"}],"neow_cost":"NONE","seed_source_timestamp":1674960733875300,"circlet_count":0,"master_deck":["Defend_G","Defend_G","Defend_G","Defend_G","Strike_G","Survivor","Neutralize","Flechettes+1","Envenom+1","Catalyst+1","Quick Slash","Catalyst+1","Cloak And Dagger","Quick Slash+1","Deadly Poison","Leg Sweep","Flying Knee","Footwork","Dodge and Roll","Night Terror+1","Distraction","Noxious Fumes","Ghostly","Ghostly","Ghostly","Ghostly","Ghostly","Poisoned Stab+1","Deflect","Catalyst+1","PiercingWail+1","Backflip","Night Terror+1","Sucker Punch+1","Ghostly","Well Laid Plans","Blur+1","Bouncing Flask+1","Blur+1","Deadly Poison+1","Poisoned Stab+1"],"relics":["Astrolabe","Oddly Smooth Stone","Question Card","Bottled Lightning","Omamori","Shovel","MawBank","Blood Vial","Runic Dome","Shuriken","Ninja Scroll","Dream Catcher","Lizard Tail","Singing Bowl","Nunchaku","Orichalcum","Whetstone","Dodecahedron","Calipers"],"potions_floor_usage":[8,8,16,16,19,24,33,40],"damage_taken":[{"damage":0,"enemies":"Cultist","floor":1,"turns":3},{"damage":1,"enemies":"2 Louse","floor":2,"turns":2},{"damage":0,"enemies":"Small Slimes","floor":3,"turns":2},{"damage":8,"enemies":"Looter","floor":4,"turns":4},{"damage":12,"enemies":"Gremlin Nob","floor":6,"turns":3},{"damage":4,"enemies":"3 Sentries","floor":8,"turns":10},{"damage":9,"enemies":"Lagavulin","floor":10,"turns":5},{"damage":0,"enemies":"Red Slaver","floor":12,"turns":3},{"damage":15,"enemies":"The Guardian","floor":16,"turns":10},{"damage":30,"enemies":"Spheric Guardian","floor":18,"turns":6},{"damage":0,"enemies":"Chosen","floor":19,"turns":4},{"damage":18,"enemies":"Snake Plant","floor":21,"turns":4},{"damage":6,"enemies":"Snecko","floor":22,"turns":4},{"damage":0,"enemies":"Book of Stabbing","floor":24,"turns":6},{"damage":3,"enemies":"Gremlin Leader","floor":27,"turns":6},{"damage":0,"enemies":"Chosen and Byrds","floor":29,"turns":3},{"damage":6,"enemies":"Centurion and Healer","floor":31,"turns":7},{"damage":1,"enemies":"Champ","floor":33,"turns":10},{"damage":7,"enemies":"3 Darklings","floor":35,"turns":10},{"damage":11,"enemies":"Orb Walker","floor":37,"turns":4},{"damage":21,"enemies":"Nemesis","floor":40,"turns":7},{"damage":0,"enemies":"Giant Head","floor":42,"turns":8},{"damage":0,"enemies":"Maw","floor":44,"turns":4},{"damage":4,"enemies":"Spire Growth","floor":46,"turns":2},{"damage":0,"enemies":"Sphere and 2 Shapes","floor":48,"turns":10},{"damage":0,"enemies":"Time Eater","floor":50,"turns":7}],"seed_played":"-5719012355243321184","potions_obtained":[{"floor":1,"key":"SpeedPotion"},{"floor":3,"key":"PowerPotion"},{"floor":6,"key":"Block Potion"},{"floor":8,"key":"LiquidBronze"},{"floor":12,"key":"Ancient Potion"},{"floor":18,"key":"Ancient Potion"},{"floor":21,"key":"SkillPotion"},{"floor":22,"key":"AttackPotion"},{"floor":27,"key":"GhostInAJar"},{"floor":31,"key":"PowerPotion"},{"floor":33,"key":"GamblersBrew"},{"floor":37,"key":"Poison Potion"},{"floor":40,"key":"GhostInAJar"},{"floor":48,"key":"Block Potion"}],"is_trial":false,"path_per_floor":["M","M","M","M","?","E","R","E","T","E","$","M","$","?","R","B",null,"M","M","?","M","M","R","E","R","T","E","?","M","R","M","R","B",null,"M","?","M","?","$","E","R","E","T","M","T","M","$","M","R","B",null],"character_chosen":"THE_SILENT","items_purchased":["Footwork","Shovel","Well Laid Plans","Singing Bowl","Calipers"],"campfire_rested":4,"item_purchase_floors":[11,11,39,39,47],"current_hp_per_floor":[63,62,62,54,54,42,63,59,59,50,50,50,50,47,47,34,61,33,35,35,17,13,23,25,25,25,24,18,20,20,16,26,27,33,28,28,19,19,19,17,27,29,29,33,33,31,31,33,33,35],"gold":182,"neow_bonus":"BOSS_RELIC","is_prod":false,"is_daily":false,"chose_seed":false,"campfire_upgraded":3,"win_rate":0,"timestamp":1554349215,"path_taken":["M","M","M","M","?","E","R","E","T","E","$","M","?","?","R","BOSS","M","M","?","M","M","R","E","R","T","E","?","M","R","M","R","BOSS","M","?","?","?","$","E","R","E","T","M","?","M","$","?","R","BOSS"],"build_version":"2019-01-23","purchased_purges":2,"victory":true,"max_hp_per_floor":[70,70,70,70,70,70,70,70,70,70,70,70,70,70,70,70,70,70,70,35,35,35,35,35,35,35,35,35,35,35,35,35,35,35,35,35,35,35,35,35,35,35,35,37,37,37,37,37,37,37],"card_choices":[{"not_picked":["Endless Agony","Dagger Throw"],"picked":"Quick Slash","floor":1},{"not_picked":["Calculated Gamble","Choke"],"picked":"Catalyst","floor":2},{"not_picked":["Expertise","Flying Knee"],"picked":"Cloak And Dagger","floor":3},{"not_picked":["Prepared","Blade Dance"],"picked":"Quick Slash","floor":4},{"not_picked":["Outmaneuver","Endless Agony"],"picked":"Deadly Poison","floor":6},{"not_picked":["Quick Slash","Sucker Punch"],"picked":"Leg Sweep","floor":8},{"not_picked":["Dagger Spray","Acrobatics","Tactician"],"picked":"Flying Knee","floor":10},{"not_picked":["Dagger Throw","Setup","Deflect"],"picked":"Dodge and Roll","floor":12},{"not_picked":["Glass Knife","Grand Finale","Envenom"],"picked":"Night Terror","floor":16},{"not_picked":["Dagger Throw","Acrobatics+1","Riddle With Holes"],"picked":"Distraction","floor":18},{"not_picked":["Dodge and Roll","Cloak And Dagger","Dash"],"picked":"Noxious Fumes","floor":19},{"not_picked":["Flying Knee","Dagger Spray","All Out Attack+1"],"picked":"Poisoned Stab","floor":21},{"not_picked":["Underhanded Strike","Blade Dance","Envenom"],"picked":"Deflect","floor":22},{"not_picked":["Acrobatics","Deflect+1","Quick Slash"],"picked":"Catalyst+1","floor":24},{"not_picked":["Accuracy","Night Terror","Deflect"],"picked":"PiercingWail+1","floor":27},{"not_picked":["Cloak And Dagger","Setup","Underhanded Strike","Heel Hook"],"picked":"SKIP","floor":29},{"not_picked":["Underhanded Strike+1","Accuracy","Backstab"],"picked":"Backflip","floor":31},{"not_picked":["Malaise","Phantasmal Killer","Doppelganger"],"picked":"Night Terror","floor":33},{"not_picked":["Concentrate+1","All Out Attack+1","Outmaneuver"],"picked":"Sucker Punch+1","floor":35},{"not_picked":["Outmaneuver+1","Skewer","Heel Hook+1","Quick Slash+1"],"picked":"SKIP","floor":37},{"not_picked":["Concentrate","Cloak And Dagger","Leg Sweep+1"],"picked":"Blur+1","floor":40},{"not_picked":["Deflect","PiercingWail","Poisoned Stab+1"],"picked":"Bouncing Flask+1","floor":41},{"not_picked":["Slice","Dagger Throw+1","A Thousand Cuts"],"picked":"Blur+1","floor":42},{"not_picked":["Deflect","Acrobatics+1","Bane","Underhanded Strike+1"],"picked":"Singing Bowl","floor":44},{"not_picked":["Flying Knee+1","Poisoned Stab+1","Skewer"],"picked":"Deadly Poison+1","floor":46},{"not_picked":["Accuracy+1","Concentrate","Calculated Gamble+1"],"picked":"Poisoned Stab+1","floor":48}],"player_experience":262714,"relics_obtained":[{"floor":6,"key":"Oddly Smooth Stone"},{"floor":8,"key":"Question Card"},{"floor":9,"key":"Bottled Lightning"},{"floor":10,"key":"Omamori"},{"floor":15,"key":"Blood Vial"},{"floor":24,"key":"Shuriken"},{"floor":26,"key":"Ninja Scroll"},{"floor":27,"key":"Dream Catcher"},{"floor":40,"key":"Nunchaku"},{"floor":42,"key":"Orichalcum"},{"floor":43,"key":"Whetstone"},{"floor":45,"key":"Dodecahedron"}],"event_choices":[{"damage_healed":0,"gold_gain":100,"player_choice":"Pray","damage_taken":0,"max_hp_gain":0,"max_hp_loss":0,"event_name":"Golden Shrine","floor":5,"gold_loss":0},{"damage_healed":0,"gold_gain":0,"player_choice":"Success","damage_taken":3,"relics_obtained":["MawBank"],"max_hp_gain":0,"max_hp_loss":0,"event_name":"Scrap Ooze","floor":14,"gold_loss":0},{"damage_healed":0,"gold_gain":0,"player_choice":"Became a Ghost","damage_taken":0,"max_hp_gain":0,"max_hp_loss":35,"event_name":"Ghosts","floor":20,"gold_loss":0,"cards_obtained":["Ghostly","Ghostly","Ghostly","Ghostly","Ghostly"]},{"damage_healed":0,"gold_gain":0,"player_choice":"","damage_taken":6,"max_hp_gain":0,"max_hp_loss":0,"event_name":"Knowing Skull","floor":28,"potions_obtained":[],"gold_loss":0,"cards_obtained":[]},{"damage_healed":0,"gold_gain":0,"player_choice":"Copied","damage_taken":0,"max_hp_gain":0,"max_hp_loss":0,"event_name":"Duplicator","floor":36,"gold_loss":0,"cards_obtained":["Ghostly"]},{"damage_healed":0,"gold_gain":0,"player_choice":"Ignored","damage_taken":0,"max_hp_gain":0,"max_hp_loss":0,"event_name":"Tomb of Lord Red Mask","floor":38,"gold_loss":0}],"is_beta":false,"boss_relics":[{"not_picked":["Eternal Feather","WristBlade"],"picked":"Runic Dome"},{"not_picked":["HoveringKite","Fusion Hammer"],"picked":"Lizard Tail"}],"items_purged_floors":[39,47],"is_endless":false,"potions_floor_spawned":[1,3,6,8,12,18,21,22,27,31,33,37,40,48],"ascension_level":6}