{"gold_per_floor":[113,113,130,140,153,153,170,203,203,203,218,218,229,256,256,351,351,369,385,385,404,423,423],"floor_reached":23,"playtime":1884,"items_purged":[],"score":232,"play_id":"7bcc1f3b-c055-4c7c-9ec1-d6a8384edf7d","local_time":"20190302172421","is_ascension_mode":false,"campfire_choices":[{"floor":6,"key":"RECALL"},{"data":"Bane","floor":12,"key":"SMITH"},{"floor":15,"key":"REST"}],"neow_cost":"NONE","seed_source_timestamp":1205461591458746,"circlet_count":0,"master_deck":["Defend_G","Defend_G","Defend_G","Defend_G","Defend_G","Strike_G","Strike_G","Strike_G","Strike_G","Survivor","Neutralize","Acrobatics","Dash","Catalyst+1","Terror","Dagger Throw","Finisher","Corpse Explosion","Bane+1","Blade Dance","Tools of the Trade","Storm of Steel","PiercingWail","Blade Dance","Writhe","Underhanded Strike","Dodge and Roll"],"relics":["Ring of the Snake","Blue Candle","Mercury Hourglass","Fusion Hammer","Ninja Scroll"],"potions_floor_usage":[8,13,23],"damage_taken":[{"damage":0,"enemies":"Cultist","floor":1,"turns":4},{"damage":6,"enemies":"Jaw Worm","floor":3,"turns":4},{"damage":0,"enemies":"Small Slimes","floor":4,"turns":4},{"damage":11,"enemies":"Exordium Thugs","floor":5,"turns":6},{"damage":3,"enemies":"Lots of Slimes","floor":7,"turns":4},{"damage":0,"enemies":"Gremlin Nob","floor":8,"turns":3},{"damage":8,"enemies":"Large Slime","floor":11,"turns":4},{"damage":0,"enemies":"2 Fungi Beasts","floor":13,"turns":2},{"damage":21,"enemies":"3 Sentries","floor":14,"turns":4},{"damage":37,"enemies":"The Guardian","floor":16,"turns":10},{"damage":20,"enemies":"2 Thieves","floor":18,"turns":2},{"damage":3,"enemies":"3 Byrds","floor":19,"turns":3},{"damage":40,"enemies":"Sentry and Sphere","floor":21,"turns":6},{"damage":2,"enemies":"Chosen and Byrds","floor":22,"turns":4},{"damage":15,"enemies":"Slavers","floor":23,"turns":2}],"seed_played":"-4563719884704700373","potions_obtained":[{"floor":3,"key":"Fire Potion"},{"floor":4,"key":"Poison Potion"},{"floor":5,"key":"Poison Potion"},{"floor":8,"key":"Block Potion"},{"floor":11,"key":"Dexterity Potion"},{"floor":19,"key":"GamblersBrew"}],"is_trial":false,"path_per_floor":["M","?","M","M","M","R","M","E","T","?","M","R","M","E","R","B",null,"M","M","?","M","M","E"],"character_chosen":"THE_SILENT","items_purchased":[],"campfire_rested":1,"item_purchase_floors":[],"current_hp_per_floor":[77,77,71,71,60,60,57,57,57,57,49,49,49,28,51,14,77,57,54,54,14,12,0],"gold":423,"neow_bonus":"TEN_PERCENT_HP_BONUS","is_prod":false,"is_daily":false,"chose_seed":false,"campfire_upgraded":1,"win_rate":0,"timestamp":1551569061,"path_taken":["M","?","M","?","M","R","M","E","T","?","?","R","M","E","R","BOSS","M","M","?","M","M","E"],"build_version":"2019-01-23","purchased_purges":0,"victory":false,"max_hp_per_floor":[77,77,77,77,77,77,77,77,77,77,77,77,77,77,77,77,77,77,77,77,77,77,77],"card_choices":[{"not_picked":["Concentrate","Deflect"],"picked":"Acrobatics","floor":1},{"not_picked":["Dodge and Roll","Bane"],"picked":"Catalyst","floor":3},{"not_picked":["Skewer","Cloak And Dagger"],"picked":"Terror","floor":4},{"not_picked":["Deadly Poison","Acrobatics"],"picked":"Dagger Throw","floor":5},{"not_picked":["Leg Sweep","Expertise"],"picked":"Finisher","floor":7},{"not_picked":["Riddle With Holes","Dodge and Roll"],"picked":"Corpse Explosion","floor":8},{"not_picked":["Acrobatics","Heel Hook"],"picked":"Bane","floor":11},{"not_picked":["Acrobatics","Tactician"],"picked":"Blade Dance","floor":13},{"not_picked":["All Out Attack","Calculated Gamble"],"picked":"Tools of the Trade","floor":14},{"not_picked":["Night Terror","Doppelganger"],"picked":"Storm of Steel","floor":16},{"not_picked":["Reflex","Predator"],"picked":"PiercingWail","floor":18},{"not_picked":["Escape Plan","Deflect"],"picked":"Blade Dance","floor":19},{"not_picked":["Crippling Poison","Dash"],"picked":"Underhanded Strike","floor":21},{"not_picked":["Terror+1","Calculated Gamble"],"picked":"Dodge and Roll","floor":22}],"player_experience":120204,"relics_obtained":[{"floor":8,"key":"Blue Candle"},{"floor":14,"key":"Mercury Hourglass"}],"event_choices":[{"damage_healed":0,"gold_gain":0,"cards_transformed":["Strike_G"],"player_choice":"Transformed","damage_taken":0,"max_hp_gain":0,"max_hp_loss":0,"event_name":"Transmorgrifier","floor":2,"gold_loss":0,"cards_obtained":["Dash"]},{"damage_healed":0,"gold_gain":0,"player_choice":"Forge","damage_taken":0,"max_hp_gain":0,"max_hp_loss":0,"event_name":"Accursed Blacksmith","floor":10,"gold_loss":0,"cards_upgraded":["Catalyst"]},{"damage_healed":0,"gold_gain":0,"player_choice":"Opened","damage_taken":0,"relics_obtained":["Ninja Scroll"],"max_hp_gain":0,"max_hp_loss":0,"event_name":"The Mausoleum","floor":20,"gold_loss":0,"cards_obtained":["Writhe"]}],"is_beta":false,"boss_relics":[{"not_picked":["Velvet Choker","Lizard Tail"],"picked":"Fusion Hammer"}],"items_purged_floors":[],"is_endless":false,"potions_floor_spawned":[3,4,5,8,11,19],"killed_by":"Slavers","ascension_level":0}