{"gold_per_floor":[110,110,130,130,144,174,249,262,262,262,272,329,329],"floor_reached":13,"playtime":662,"items_purged":[],"score":114,"play_id":"35437ed3-f652-460f-adc2-74894416d6a2","local_time":"20190408155332","is_ascension_mode":true,"campfire_choices":[{"floor":10,"key":"RECALL"}],"neow_cost":"CURSE","seed_source_timestamp":0,"circlet_count":0,"master_deck":["Strike_R","Strike_R","Strike_R","Defend_R","Defend_R","Defend_R","Defend_R","Bash","Parasite","Combust","Bloodletting","Pommel Strike","Trip","Shockwave","Dark Embrace","Heavy Blade","Sword Boomerang","Sword Boomerang","Sword Boomerang","Cleave","Sword Boomerang"],"special_seed":0,"relics":["Burning Blood","FossilizedHelix","Omamori","Lantern"],"potions_floor_usage":[6,13,13],"damage_taken":[{"damage":7.0,"enemies":"2 Louse","floor":1.0,"turns":3.0},{"damage":6.0,"enemies":"Cultist","floor":3.0,"turns":4.0},{"damage":8.0,"enemies":"Jaw Worm","floor":5.0,"turns":3.0},{"damage":31,"enemies":"3 Sentries","floor":6,"turns":5},{"damage":4,"enemies":"2 Fungi Beasts","floor":8,"turns":3},{"damage":14,"enemies":"Large Slime","floor":11,"turns":5},{"damage":33,"enemies":"3 Sentries","floor":12,"turns":5},{"damage":26,"enemies":"Lagavulin","floor":13,"turns":3}],"seed_played":"-8211688344564535827","potions_obtained":[{"floor":5,"key":"Regen Potion"},{"floor":8,"key":"SpeedPotion"},{"floor":11,"key":"FearPotion"}],"is_trial":false,"path_per_floor":["M","?","M","T","M","E","?","M","T","R","M","?","E"],"character_chosen":"IRONCLAD","items_purchased":[],"campfire_rested":0,"item_purchase_floors":[],"current_hp_per_floor":[79,79,79,79,77,66,55,57,57,57,49,22,0],"gold":329,"neow_bonus":"TRANSFORM_TWO_CARDS","is_prod":false,"is_daily":false,"chose_seed":false,"campfire_upgraded":0,"win_rate":0,"timestamp":1554756812,"path_taken":["M","?","?","?","M","E","?","M","T","R","M","?","E"],"build_version":"2019-01-23","purchased_purges":0,"victory":false,"max_hp_per_floor":[80,80,80,80,80,80,80,80,80,80,80,80,80],"card_choices":[{"not_picked":["Havoc","Warcry"],"picked":"Pommel Strike","floor":1.0},{"not_picked":["Warcry","Headbutt"],"picked":"Heavy Blade","floor":3.0},{"not_picked":["Armaments","Cleave"],"picked":"Sword Boomerang","floor":5},{"not_picked":["Exhume","Anger"],"picked":"Sword Boomerang","floor":6},{"not_picked":["Intimidate","Pommel Strike"],"picked":"Sword Boomerang","floor":8},{"not_picked":["Clash","Hemokinesis"],"picked":"Cleave","floor":11},{"not_picked":["Cleave","Whirlwind"],"picked":"Sword Boomerang","floor":12}],"player_experience":154475,"relics_obtained":[{"floor":6,"key":"FossilizedHelix"},{"floor":9,"key":"Omamori"},{"floor":12,"key":"Lantern"}],"event_choices":[{"damage_healed":0.0,"max_hp_gain":0.0,"max_hp_loss":0.0,"gold_gain":0.0,"event_name":"Match and Keep!","player_choice":"3 cards matched","floor":2.0,"gold_loss":0.0,"damage_taken":0.0,"cards_obtained":["Trip","Shockwave","Dark Embrace"]},{"damage_healed":0,"gold_gain":75,"player_choice":"Gather Gold","damage_taken":11,"max_hp_gain":0,"max_hp_loss":0,"event_name":"World of Goop","floor":7,"gold_loss":0},{"damage_healed":0,"gold_gain":0,"player_choice":"Searched \u00272\u0027 times","damage_taken":0,"max_hp_gain":0,"max_hp_loss":0,"event_name":"Dead Adventurer","floor":12,"gold_loss":0}],"is_beta":false,"boss_relics":[],"items_purged_floors":[],"is_endless":false,"potions_floor_spawned":[5,8,11],"killed_by":"Lagavulin","ascension_level":1}