{"gold_per_floor":[111,111,111,136,151,194,194,220,246,226,226],"floor_reached":11,"playtime":261,"items_purged":[],"score":139,"play_id":"a6fea36c-9f77-41d3-8644-29d2764470e4","local_time":"20181115161823","is_ascension_mode":true,"campfire_choices":[{"data":"Dodge and Roll","floor":7,"key":"SMITH"}],"neow_cost":"NONE","seed_source_timestamp":81246424208187,"circlet_count":0,"master_deck":["AscendersBane","Defend_G","Defend_G","Defend_G","Defend_G","Defend_G","Strike_G","Strike_G","Strike_G","Strike_G","Strike_G","Survivor","Neutralize","Predator","Injury","Accuracy","Dagger Spray","Dodge and Roll+1","Finisher"],"relics":["Ring of the Snake","Blood Vial","Golden Idol","FaceOfCleric","Regal Pillow","PreservedInsect","Dream Catcher"],"potions_floor_usage":[6,10],"damage_taken":[{"damage":3,"enemies":"Jaw Worm","floor":1,"turns":4},{"damage":4,"enemies":"Cultist","floor":4,"turns":4},{"damage":3,"enemies":"2 Louse","floor":5,"turns":3},{"damage":32,"enemies":"Gremlin Nob","floor":6,"turns":4},{"damage":3,"enemies":"Exordium Thugs","floor":10,"turns":4},{"damage":22,"enemies":"Large Slime","floor":11,"turns":4}],"seed_played":"5931307445354759820","potions_obtained":[{"floor":1,"key":"GhostInAJar"},{"floor":4,"key":"Energy Potion"},{"floor":5,"key":"SteroidPotion"},{"floor":6,"key":"SpeedPotion"}],"is_trial":false,"path_per_floor":["M","?","?","M","M","E","R","T","T","M","M"],"character_chosen":"THE_SILENT","items_purchased":[],"campfire_rested":0,"item_purchase_floors":[],"current_hp_per_floor":[58,58,58,57,57,28,28,28,28,28,8],"gold":226,"neow_bonus":"RANDOM_COMMON_RELIC","is_prod":false,"is_daily":false,"chose_seed":false,"campfire_upgraded":1,"win_rate":0,"timestamp":1542316703,"path_taken":["M","?","?","?","M","E","R","?","T","M","M"],"build_version":"2018-11-08","purchased_purges":0,"victory":false,"max_hp_per_floor":[66,66,66,67,68,69,69,69,69,70,70],"card_choices":[{"not_picked":["Slice","Finisher"],"picked":"Predator","floor":1},{"not_picked":["Deadly Poison","PiercingWail"],"picked":"Accuracy","floor":4},{"not_picked":["Cloak And Dagger","Sucker Punch"],"picked":"Dagger Spray","floor":5},{"not_picked":["Blur","Prepared"],"picked":"Dodge and Roll","floor":6},{"not_picked":["Dagger Throw","Slice"],"picked":"Finisher","floor":10}],"player_experience":725233,"relics_obtained":[{"floor":6,"key":"Regal Pillow"},{"floor":8,"key":"PreservedInsect"},{"floor":9,"key":"Dream Catcher"}],"event_choices":[{"damage_healed":0,"gold_gain":0,"player_choice":"Take Wound","damage_taken":0,"relics_obtained":["Golden Idol"],"max_hp_gain":0,"max_hp_loss":0,"event_name":"Golden Idol","floor":2,"gold_loss":0,"cards_obtained":["Injury"]},{"damage_healed":0,"gold_gain":0,"player_choice":"Trade","damage_taken":0,"relics_obtained":["FaceOfCleric"],"max_hp_gain":0,"max_hp_loss":0,"event_name":"FaceTrader","floor":3,"gold_loss":0}],"is_beta":false,"boss_relics":[],"items_purged_floors":[],"is_endless":false,"potions_floor_spawned":[1,4,5,6],"killed_by":"Large Slime","ascension_level":18}