{"gold_per_floor":[114,39,39,4,4,30,30,47,124,135,135,150,184,198,198,198],"floor_reached":16,"playtime":487,"items_purged":["Bash"],"score":160,"play_id":"13ab9c83-14f1-4e95-8ee1-a11df298fd5a","local_time":"20190417223607","is_ascension_mode":true,"campfire_choices":[{"data":"Strike_R","floor":7,"key":"SMITH"},{"data":"Shrug It Off","floor":11,"key":"SMITH"},{"data":"Strike_R","floor":15,"key":"SMITH"}],"neow_cost":"NONE","seed_source_timestamp":569641340559700,"circlet_count":0,"master_deck":["Strike_R","Strike_R+1","Strike_R+1","Defend_R","Defend_R","Defend_R","Shockwave","Feed","Shrug It Off+1"],"relics":["Burning Blood","Ancient Tea Set","Mummified Hand","Vajra"],"potions_floor_usage":[13],"damage_taken":[{"damage":11,"enemies":"2 Louse","floor":1,"turns":3},{"damage":36,"enemies":"Gremlin Nob","floor":6,"turns":5},{"damage":5,"enemies":"Jaw Worm","floor":8,"turns":4},{"damage":0,"enemies":"Cultist","floor":10,"turns":3},{"damage":5,"enemies":"Exordium Thugs","floor":12,"turns":7},{"damage":20,"enemies":"3 Sentries","floor":13,"turns":9},{"damage":3,"enemies":"Looter","floor":14,"turns":3},{"damage":35,"enemies":"Slime Boss","floor":16,"turns":7}],"seed_played":"-3989106762731480491","potions_obtained":[{"floor":12,"key":"Explosive Potion"},{"floor":13,"key":"Energy Potion"}],"is_trial":false,"path_per_floor":["M","$","?","?","?","E","R","M","T","M","R","M","E","M","R","B"],"character_chosen":"IRONCLAD","items_purchased":[],"campfire_rested":0,"item_purchase_floors":[],"current_hp_per_floor":[67,67,67,80,73,43,43,44,44,53,53,54,43,49,49,14],"gold":198,"neow_bonus":"REMOVE_CARD","is_prod":false,"is_daily":false,"chose_seed":false,"campfire_upgraded":3,"win_rate":0,"timestamp":1555511767,"path_taken":["M","$","?","?","?","E","R","?","T","M","R","M","E","M","R","BOSS"],"build_version":"2019-01-23","purchased_purges":1,"victory":false,"max_hp_per_floor":[80,80,80,80,80,80,80,80,80,83,83,83,86,89,89,89],"card_choices":[{"not_picked":["Clash","Anger"],"picked":"Shockwave","floor":1},{"not_picked":["Warcry","True Grit","Dual Wield"],"picked":"SKIP","floor":6},{"not_picked":["True Grit","Clothesline"],"picked":"Feed","floor":8},{"not_picked":["Burning Pact","Uppercut"],"picked":"Shrug It Off","floor":10},{"not_picked":["True Grit","Flex","Perfected Strike"],"picked":"SKIP","floor":12},{"not_picked":["Clothesline","Heavy Blade","Corruption"],"picked":"SKIP","floor":13},{"not_picked":["Blood for Blood","Infernal Blade","Armaments"],"picked":"SKIP","floor":14}],"player_experience":512155,"relics_obtained":[{"floor":6,"key":"Ancient Tea Set"},{"floor":9,"key":"Mummified Hand"},{"floor":13,"key":"Vajra"}],"event_choices":[{"cards_removed":["Strike_R"],"damage_healed":0,"gold_gain":0,"player_choice":"Forget","damage_taken":0,"max_hp_gain":0,"max_hp_loss":0,"event_name":"Living Wall","floor":3,"gold_loss":0},{"damage_healed":20,"gold_gain":0,"player_choice":"Healed","damage_taken":0,"max_hp_gain":0,"max_hp_loss":0,"event_name":"The Cleric","floor":4,"gold_loss":35},{"cards_removed":["Defend_R"],"damage_healed":0,"gold_gain":0,"player_choice":"Card Removal","damage_taken":7,"max_hp_gain":0,"max_hp_loss":0,"event_name":"Golden Wing","floor":5,"gold_loss":0}],"is_beta":false,"boss_relics":[],"items_purged_floors":[2],"is_endless":false,"potions_floor_spawned":[12,13],"killed_by":"Slime Boss","ascension_level":9}