{"gold_per_floor":[119,194,194,207,219,38,38,38,65,129,140,140,140,157,157,253,253,270,121,140,140],"floor_reached":21,"playtime":925,"items_purged":["Strike_B","Strike_B"],"score":220,"play_id":"89b31845-5ee2-4536-8022-114fb11a79bd","local_time":"20180812051539","is_ascension_mode":true,"campfire_choices":[{"floor":7,"key":"REST"},{"floor":13,"key":"REST"},{"data":"Double Energy","floor":15,"key":"SMITH"}],"neow_cost":"TEN_PERCENT_HP_LOSS","seed_source_timestamp":99521365440166,"circlet_count":0,"master_deck":["Strike_B","Strike_B","Defend_B","Defend_B","Defend_B","Defend_B","Zap","Dualcast","All For One","Steam","Defragment","Swift Strike","Gash","Double Energy+1","Conserve Battery","Echo Form","Rebound","Gash","Capacitor+1"],"relics":["Cracked Core","Centennial Puzzle","Ice Cream","Omamori","Nuclear Battery"],"potions_floor_usage":[10,14,20,21],"damage_taken":[{"damage":8,"enemies":"2 Louse","floor":1,"turns":2},{"damage":7,"enemies":"Small Slimes","floor":4,"turns":4},{"damage":6,"enemies":"Cultist","floor":5,"turns":4},{"damage":23,"enemies":"Lagavulin Event","floor":10,"turns":5},{"damage":0,"enemies":"2 Fungi Beasts","floor":11,"turns":3},{"damage":1,"enemies":"Gremlin Gang","floor":14,"turns":5},{"damage":41,"enemies":"Slime Boss","floor":16,"turns":10},{"damage":16,"enemies":"Shell Parasite","floor":18,"turns":6},{"damage":29,"enemies":"3 Byrds","floor":20,"turns":4},{"damage":15,"enemies":"3 Cultists","floor":21,"turns":3}],"seed_played":"-6168366641988249530","potions_obtained":[{"floor":4,"key":"EssenceOfSteel"},{"floor":5,"key":"AttackPotion"},{"floor":16,"key":"Explosive Potion"},{"floor":18,"key":"Dexterity Potion"},{"floor":20,"key":"PowerPotion"}],"is_trial":false,"path_per_floor":["M","?","?","M","M","$","R","$","T","?","M","T","R","M","R","B",null,"M","$","M"],"character_chosen":"DEFECT","items_purchased":["Swift Strike","Gash"],"campfire_rested":2,"item_purchase_floors":[6,19],"current_hp_per_floor":[60,49,43,36,30,30,50,50,50,27,27,27,47,46,46,5,52,36,36,7,0],"gold":140,"neow_bonus":"THREE_RARE_CARDS","is_prod":false,"is_daily":false,"chose_seed":false,"campfire_upgraded":1,"win_rate":0,"timestamp":1534043739,"path_taken":["M","?","?","?","M","$","R","?","T","?","M","?","R","M","R","BOSS","M","$","M","M"],"build_version":"2018-08-09","purchased_purges":2,"victory":false,"max_hp_per_floor":[68,68,68,68,68,68,68,68,68,68,68,68,68,68,68,68,68,68,68,68,68],"card_choices":[{"not_picked":["Thunder Strike","Machine Learning"],"picked":"All For One","floor":0},{"not_picked":["Ball Lightning","Heatsinks"],"picked":"Steam","floor":1},{"not_picked":["Cold Snap","Beam Cell"],"picked":"Defragment","floor":4},{"not_picked":["Hologram","Lockon","Reinforced Body"],"picked":"SKIP","floor":5},{"not_picked":["Reprogram","Melter"],"picked":"Gash","floor":10},{"not_picked":["Melter","Static Discharge"],"picked":"Double Energy","floor":11},{"not_picked":["Turbo","Go for the Eyes"],"picked":"Conserve Battery","floor":14},{"not_picked":["Rainbow","Creative AI"],"picked":"Echo Form","floor":16},{"not_picked":["Hologram","Compile Driver+1"],"picked":"Rebound","floor":18},{"not_picked":["Coolheaded","Melter"],"picked":"Capacitor+1","floor":20}],"player_experience":409697,"relics_obtained":[{"floor":9,"key":"Centennial Puzzle"},{"floor":10,"key":"Ice Cream"},{"floor":12,"key":"Omamori"}],"event_choices":[{"event_name":"World of Goop","player_choice":"Gather Gold","floor":2,"damage_taken":0},{"event_name":"Wheel of Change","player_choice":"Damage","floor":3,"damage_taken":0},{"event_name":"Dead Adventurer","player_choice":"Searched \u00272\u0027 times","floor":10,"damage_taken":0}],"is_beta":false,"boss_relics":[{"not_picked":["Sozu","Lizard Tail"],"picked":"Nuclear Battery"}],"items_purged_floors":[6,19],"is_endless":false,"potions_floor_spawned":[4,5,16,18,20],"killed_by":"3 Cultists","ascension_level":6}