{"path_per_floor":["M","M","?","$","?","R","?","R","T","E","M","$","R","M","R","B",null,"M","M","$","M","M"],"character_chosen":"DEFECT","items_purchased":["Machine Learning","Explosive Potion"],"gold_per_floor":[219,230,190,40,40,40,40,40,40,79,102,27,27,52,52,171,209,234,222,72,86,110,110],"floor_reached":23,"campfire_rested":1,"playtime":1080,"current_hp_per_floor":[73,67,67,67,67,67,60,60,60,35,35,35,35,27,49,31,80,71,46,46,34,10,0],"items_purged":["Strike_B","Strike_B"],"gold":110,"score":191,"play_id":"0d0254a7-0f86-415e-a21f-d331a08b5b13","local_time":"20180427190623","is_prod":false,"is_daily":false,"chose_seed":false,"is_ascension_mode":false,"campfire_upgraded":3,"timestamp":1524870383,"path_taken":["M","M","?","?","?","R","?","R","T","E","M","?","R","M","R","BOSS","M","M","$","M","M","E"],"build_version":"2018-04-26v2","seed_source_timestamp":386875838980953,"purchased_purges":2,"victory":false,"master_deck":["Strike_B","Strike_B","Defend_B","Defend_B+1","Defend_B","Defend_B","Zap","Dualcast+1","Allocate+1","Cold Snap","Machine Learning+1","Coolheaded","Static Discharge","Multi-Cast","Tempest","Capacitor","Allocate"],"max_hp_per_floor":[75,75,75,75,75,75,75,75,75,75,75,75,75,75,75,75,80,80,80,80,80,80,80],"relics":["Cracked Core","Golden Idol","Lantern","Bag of Preparation","Tiny House"],"card_choices":[{"not_picked":["Coolheaded","Undo"],"picked":"Allocate","floor":1},{"not_picked":["Hello World","Turbo"],"picked":"Cold Snap","floor":2},{"not_picked":["Barrage","Reprogram"],"picked":"Coolheaded","floor":10},{"not_picked":["Reprogram","Skim"],"picked":"Static Discharge","floor":14},{"not_picked":["All For One","Seek"],"picked":"Multi-Cast","floor":16},{"not_picked":["Hello World","Sweeping Beam"],"picked":"Tempest","floor":17},{"not_picked":["FTL","Rebound"],"picked":"Capacitor","floor":18},{"not_picked":["Turbo","Cold Snap"],"picked":"Allocate","floor":22}],"player_experience":11745,"potions_floor_usage":[10,10,10,16,18,18,18,22,22],"damage_taken":[{"damage":2,"enemies":"2 Louse","floor":1,"turns":3},{"damage":6,"enemies":"Cultist","floor":2,"turns":4},{"damage":25,"enemies":"Gremlin Nob","floor":10,"turns":5},{"damage":0,"enemies":"Small Slimes","floor":11,"turns":3},{"damage":8,"enemies":"Looter","floor":14,"turns":3},{"damage":18,"enemies":"Hexaghost","floor":16,"turns":11},{"damage":9,"enemies":"Chosen","floor":18,"turns":4},{"damage":25,"enemies":"2 Thieves","floor":19,"turns":5},{"damage":12,"enemies":"Sentry and Sphere","floor":21,"turns":7},{"damage":24,"enemies":"Centurion and Healer","floor":22,"turns":6},{"damage":10,"enemies":"Book of Stabbing","floor":23,"turns":1}],"event_choices":[{"event_name":"The Woman in Blue","player_choice":"Bought 3 Potions","floor":3,"damage_taken":0},{"event_name":"Golden Idol","player_choice":"Take Wound","floor":5,"damage_taken":0},{"event_name":"Golden Wing","player_choice":"Card Removal","floor":7,"damage_taken":0}],"boss_relics":[{"not_picked":["Eternal Feather","White Beast Statue"],"picked":"Tiny House"}],"potions_floor_spawned":[10,14,16,21],"seed_played":"-7247452826887866128","killed_by":"Book of Stabbing","ascension_level":0,"is_trial":false}