{"gold_per_floor":[111,124,137,237,13,46,46,77,102,252,268,268,293,311,311,311],"floor_reached":16,"playtime":435,"items_purged":["Normality"],"score":193,"play_id":"735bd606-abc1-4c51-9ef4-857969e6e038","local_time":"20181116114337","is_ascension_mode":true,"campfire_choices":[{"data":"Flex","floor":12,"key":"SMITH"},{"floor":15,"key":"REST"}],"neow_cost":"CURSE","seed_source_timestamp":150988686595345,"circlet_count":0,"master_deck":["AscendersBane","Strike_R","Strike_R","Strike_R","Strike_R","Strike_R","Defend_R","Defend_R","Defend_R","Defend_R","Bash","Headbutt","Ghostly Armor","Thunderclap","Flex+1","Twin Strike","Doubt","Double Tap","Sword Boomerang"],"relics":["Burning Blood","Incense Burner","Vajra","Boot","Smiling Mask","PreservedInsect","Oddly Smooth Stone"],"potions_floor_usage":[6,11,14,14],"damage_taken":[{"damage":0,"enemies":"2 Louse","floor":1,"turns":4},{"damage":1,"enemies":"Cultist","floor":2,"turns":4},{"damage":1,"enemies":"Small Slimes","floor":3,"turns":5},{"damage":30,"enemies":"Lagavulin","floor":6,"turns":7},{"damage":31,"enemies":"3 Sentries","floor":8,"turns":8},{"damage":8,"enemies":"Looter","floor":11,"turns":2},{"damage":14,"enemies":"Large Slime","floor":14,"turns":3},{"damage":38,"enemies":"The Guardian","floor":16,"turns":4}],"seed_played":"-3937297812440673900","potions_obtained":[{"floor":1,"key":"Weak Potion"},{"floor":2,"key":"SkillPotion"},{"floor":8,"key":"Swift Potion"},{"floor":11,"key":"FearPotion"}],"is_trial":false,"path_per_floor":["M","M","M","?","$","E","$","E","T","?","M","R","T","M","R","B"],"character_chosen":"IRONCLAD","items_purchased":["Vajra"],"campfire_rested":1,"item_purchase_floors":[5],"current_hp_per_floor":[74,75,75,75,75,51,51,26,26,26,24,24,24,16,38,0],"gold":311,"neow_bonus":"ONE_RARE_RELIC","is_prod":false,"is_daily":false,"chose_seed":false,"campfire_upgraded":1,"win_rate":0,"timestamp":1542386617,"path_taken":["M","M","M","?","$","E","?","E","T","?","M","R","?","M","R","BOSS"],"build_version":"2018-11-15","purchased_purges":1,"victory":false,"max_hp_per_floor":[75,75,75,75,75,75,75,75,75,75,75,75,75,75,75,75],"card_choices":[{"not_picked":["Pummel","Fire Breathing"],"picked":"Headbutt","floor":1},{"not_picked":["True Grit","Clothesline"],"picked":"Ghostly Armor","floor":2},{"not_picked":["Burning Pact","Seeing Red"],"picked":"Thunderclap","floor":3},{"not_picked":["Cleave","Seeing Red"],"picked":"Flex","floor":6},{"not_picked":["Carnage","Feel No Pain"],"picked":"Twin Strike","floor":8},{"not_picked":["Perfected Strike","Armaments"],"picked":"Double Tap","floor":11},{"not_picked":["Anger","Hemokinesis"],"picked":"Sword Boomerang","floor":14}],"player_experience":734012,"relics_obtained":[{"floor":6,"key":"Boot"},{"floor":8,"key":"Smiling Mask"},{"floor":9,"key":"PreservedInsect"},{"floor":13,"key":"Oddly Smooth Stone"}],"event_choices":[{"damage_healed":0,"gold_gain":100,"player_choice":"Gold","damage_taken":0,"max_hp_gain":0,"max_hp_loss":0,"event_name":"Wheel of Change","floor":4,"gold_loss":0},{"damage_healed":0,"gold_gain":150,"player_choice":"AGREE","damage_taken":0,"max_hp_gain":0,"max_hp_loss":0,"event_name":"Liars Game","floor":10,"gold_loss":0,"cards_obtained":["Doubt"]}],"is_beta":false,"boss_relics":[],"items_purged_floors":[5],"is_endless":false,"potions_floor_spawned":[1,2,8,11],"killed_by":"The Guardian","ascension_level":15}