{"gold_per_floor":[11,27,27,27,27,27,61,61,84,97,97,97,141,165,165,288,288,306,327,348,4,4,4,4,29,29,29,64,80,80,104,104,104],"floor_reached":33,"playtime":1194,"items_purged":[],"score":369,"play_id":"e81f6a3d-3eab-49c6-bb1d-d5e7590ee571","local_time":"20190402181847","is_ascension_mode":true,"campfire_choices":[{"data":"Static Discharge","floor":6,"key":"SMITH"},{"floor":12,"key":"REST"},{"data":"Capacitor","floor":15,"key":"SMITH"},{"floor":30,"key":"REST"},{"floor":32,"key":"REST"}],"neow_cost":"NO_GOLD","seed_source_timestamp":1761764960590853,"circlet_count":0,"master_deck":["Defend_B","Defend_B","Defend_B","Defend_B","Zap","Dualcast","Electrodynamics","Static Discharge+1","Ball Lightning","Steam","Beam Cell+1","Lockon+1","Capacitor+1","Biased Cognition","BootSequence","Core Surge+1","Defragment","Self Repair","Leap","Writhe","Bite+1","Bite+1","Bite+1","Bite+1","Bite+1","Barrage+1","Necronomicurse","Genetic Algorithm","Consume","Capacitor"],"relics":["Cracked Core","Golden Idol","Bag of Preparation","Molten Egg 2","Art of War","Mercury Hourglass","Nuclear Battery","Bottled Flame","Gambling Chip","Pantograph","Necronomicon","Letter Opener"],"potions_floor_usage":[7,28,28,31,33,33],"damage_taken":[{"damage":1,"enemies":"Cultist","floor":1,"turns":3},{"damage":13,"enemies":"Jaw Worm","floor":2,"turns":3},{"damage":15,"enemies":"Lagavulin","floor":7,"turns":5},{"damage":0,"enemies":"2 Louse","floor":10,"turns":3},{"damage":15,"enemies":"3 Sentries","floor":13,"turns":2},{"damage":6,"enemies":"2 Fungi Beasts","floor":14,"turns":2},{"damage":9,"enemies":"Hexaghost","floor":16,"turns":7},{"damage":1,"enemies":"Chosen","floor":18,"turns":3},{"damage":4,"enemies":"3 Byrds","floor":19,"turns":2},{"damage":3,"enemies":"Cultist and Chosen","floor":20,"turns":3},{"damage":30,"enemies":"Shelled Parasite and Fungi","floor":25,"turns":3},{"damage":16,"enemies":"Book of Stabbing","floor":28,"turns":3},{"damage":12,"enemies":"Snecko","floor":29,"turns":3},{"damage":15,"enemies":"Centurion and Healer","floor":31,"turns":4},{"damage":101,"enemies":"Automaton","floor":33,"turns":6}],"seed_played":"8836922131788615745","potions_obtained":[{"floor":2,"key":"Weak Potion"},{"floor":10,"key":"SteroidPotion"},{"floor":20,"key":"Energy Potion"},{"floor":28,"key":"GamblersBrew"},{"floor":29,"key":"AttackPotion"},{"floor":31,"key":"Explosive Potion"}],"is_trial":false,"path_per_floor":["M","M","?","$","?","R","E","?","T","M","?","R","E","M","R","B",null,"M","M","M","$","?","?","?","M","T","?","E","M","R","M","R","B"],"character_chosen":"DEFECT","items_purchased":["Bottled Flame","Self Repair","Leap"],"campfire_rested":3,"item_purchase_floors":[21,21,21],"current_hp_per_floor":[74,61,43,43,43,43,28,21,21,21,21,43,28,22,22,13,60,59,55,52,52,52,52,52,31,31,15,18,15,30,34,49,0],"gold":104,"neow_bonus":"THREE_RARE_CARDS","is_prod":false,"is_daily":false,"chose_seed":false,"campfire_upgraded":2,"win_rate":0,"timestamp":1554254327,"path_taken":["M","?","?","$","?","R","E","?","T","M","?","R","E","M","R","BOSS","M","M","?","$","?","?","?","M","T","?","E","?","R","M","R","BOSS"],"build_version":"2019-01-23","purchased_purges":0,"victory":false,"max_hp_per_floor":[75,75,75,75,75,75,75,75,75,75,75,75,75,75,75,75,75,75,75,75,75,75,52,52,52,52,52,52,52,52,52,52,52],"card_choices":[{"not_picked":["Machine Learning","Hyperbeam"],"picked":"Electrodynamics","floor":0},{"not_picked":["Sweeping Beam","Streamline"],"picked":"Static Discharge","floor":1},{"not_picked":["Redo","Compile Driver"],"picked":"Ball Lightning","floor":2},{"not_picked":["Meteor Strike","Glacier"],"picked":"Steam","floor":7},{"not_picked":["Coolheaded","Turbo"],"picked":"Beam Cell+1","floor":10},{"not_picked":["Compile Driver+1","Coolheaded"],"picked":"Lockon+1","floor":13},{"not_picked":["Glacier","Static Discharge"],"picked":"Capacitor","floor":14},{"not_picked":["Thunder Strike+1","All For One+1"],"picked":"Biased Cognition","floor":16},{"not_picked":["Go for the Eyes+1","Turbo"],"picked":"BootSequence","floor":18},{"not_picked":["Steam","Compile Driver+1"],"picked":"Core Surge+1","floor":19},{"not_picked":["Go for the Eyes+1","Streamline+1"],"picked":"Defragment","floor":20},{"not_picked":["Redo","Rip and Tear+1"],"picked":"Barrage+1","floor":25},{"not_picked":["Hello World","Compile Driver+1"],"picked":"Genetic Algorithm","floor":28},{"not_picked":["Turbo","Darkness"],"picked":"Consume","floor":29},{"not_picked":["Consume","Rebound+1"],"picked":"Capacitor","floor":31}],"player_experience":486468,"relics_obtained":[{"floor":7,"key":"Bag of Preparation"},{"floor":9,"key":"Art of War"},{"floor":13,"key":"Mercury Hourglass"},{"floor":26,"key":"Pantograph"},{"floor":27,"key":"Necronomicon"},{"floor":28,"key":"Letter Opener"}],"event_choices":[{"damage_healed":0,"gold_gain":0,"player_choice":"Take Damage","damage_taken":18,"relics_obtained":["Golden Idol"],"max_hp_gain":0,"max_hp_loss":0,"event_name":"Golden Idol","floor":3,"gold_loss":0},{"damage_healed":0,"gold_gain":0,"player_choice":"Leave","damage_taken":0,"max_hp_gain":0,"max_hp_loss":0,"event_name":"The Cleric","floor":5,"gold_loss":0},{"damage_healed":0,"gold_gain":0,"player_choice":"Success","damage_taken":7,"relics_obtained":["Molten Egg 2"],"max_hp_gain":0,"max_hp_loss":0,"event_name":"Scrap Ooze","floor":8,"gold_loss":0},{"cards_removed":["Strike_B"],"damage_healed":0,"gold_gain":0,"player_choice":"Purged","damage_taken":0,"max_hp_gain":0,"max_hp_loss":0,"event_name":"Purifier","floor":11,"gold_loss":0},{"damage_healed":0,"gold_gain":0,"player_choice":"Opened","damage_taken":0,"relics_obtained":["Gambling Chip"],"max_hp_gain":0,"max_hp_loss":0,"event_name":"The Mausoleum","floor":22,"gold_loss":0,"cards_obtained":["Writhe"]},{"damage_healed":0,"gold_gain":0,"player_choice":"Became a vampire","damage_taken":0,"max_hp_gain":0,"max_hp_loss":23,"event_name":"Vampires","floor":23,"gold_loss":0,"cards_obtained":["Bite","Bite","Bite","Bite","Bite"]},{"damage_healed":0,"gold_gain":0,"player_choice":"Ignored","damage_taken":0,"max_hp_gain":0,"max_hp_loss":0,"event_name":"Ghosts","floor":24,"gold_loss":0},{"damage_healed":0,"gold_gain":0,"player_choice":"Obtained Book","damage_taken":16,"max_hp_gain":0,"max_hp_loss":0,"event_name":"Cursed Tome","floor":27,"gold_loss":0}],"is_beta":false,"boss_relics":[{"not_picked":["Snecko Eye","Astrolabe"],"picked":"Nuclear Battery"}],"items_purged_floors":[],"is_endless":false,"potions_floor_spawned":[2,10,20,28,29,31],"killed_by":"Automaton","ascension_level":5}