{"gold_per_floor":[110,122,122,142,155,155,31,31,31,131,142,167,182,197,197,299,299,311,311,236,248,68,68],"floor_reached":23,"playtime":809,"items_purged":["Strike_B"],"score":299,"play_id":"ac849955-2850-4339-b4a6-dff573175a91","local_time":"20180915033448","is_ascension_mode":true,"campfire_choices":[{"data":"Zap","floor":6,"key":"SMITH"},{"data":"Dualcast","floor":8,"key":"SMITH"},{"floor":15,"key":"REST"}],"neow_cost":"CURSE","seed_source_timestamp":4761530962367,"circlet_count":0,"master_deck":["Strike_B","Strike_B","Defend_B","Defend_B","Defend_B","Defend_B","Zap+1","Dualcast+1","AscendersBane","All For One","Ball Lightning","Gash","Reinforced Body","Go for the Eyes","Reboot","Gash+1","Gash+1","Apotheosis"],"relics":["FrozenCore","Symbiotic Virus","Molten Egg 2"],"potions_floor_usage":[16,16,16,16,23],"damage_taken":[{"damage":4,"enemies":"Jaw Worm","floor":1,"turns":5},{"damage":0,"enemies":"Small Slimes","floor":2,"turns":3},{"damage":1,"enemies":"Cultist","floor":4,"turns":3},{"damage":15,"enemies":"Exordium Wildlife","floor":5,"turns":3},{"damage":0,"enemies":"Exordium Thugs","floor":11,"turns":4},{"damage":15,"enemies":"Gremlin Nob","floor":12,"turns":4},{"damage":10,"enemies":"Lots of Slimes","floor":13,"turns":3},{"damage":7,"enemies":"Exordium Wildlife","floor":14,"turns":2},{"damage":37,"enemies":"Slime Boss","floor":16,"turns":9},{"damage":20,"enemies":"2 Thieves","floor":18,"turns":5},{"damage":2,"enemies":"Shell Parasite","floor":21,"turns":3},{"damage":37,"enemies":"Book of Stabbing","floor":23,"turns":6}],"seed_played":"-1507424417980785369","potions_obtained":[{"floor":4,"key":"GamblersBrew"},{"floor":11,"key":"EntropicBrew"},{"floor":12,"key":"EssenceOfSteel"},{"floor":16,"key":"SteroidPotion"},{"floor":18,"key":"Energy Potion"}],"is_trial":false,"path_per_floor":["M","M","?","M","M","R","$","R","T","?","M","E","M","M","R","B",null,"M","?","?","M","$"],"character_chosen":"DEFECT","items_purchased":["Go for the Eyes","Apotheosis"],"campfire_rested":1,"item_purchase_floors":[7,22],"current_hp_per_floor":[64,64,64,63,48,48,48,48,48,48,48,33,23,16,38,1,57,37,37,37,35,35,0],"gold":68,"neow_bonus":"THREE_RARE_CARDS","is_prod":false,"is_daily":false,"chose_seed":false,"campfire_upgraded":2,"win_rate":0,"timestamp":1536975288,"path_taken":["M","M","?","?","M","R","$","R","T","?","M","E","?","M","R","BOSS","M","?","?","M","$","E"],"build_version":"2018-09-06","purchased_purges":1,"victory":false,"max_hp_per_floor":[75,75,75,75,75,75,75,75,75,75,75,75,75,75,75,75,75,75,75,75,75,75,75],"card_choices":[{"not_picked":["Biased Cognition","Meteor Strike"],"picked":"All For One","floor":0},{"not_picked":["Steam","Consume"],"picked":"Ball Lightning","floor":1},{"not_picked":["Coolheaded","Melter"],"picked":"Gash","floor":2},{"not_picked":["Force Field","Stack"],"picked":"Reinforced Body","floor":4},{"not_picked":["Heatsinks","Recycle","Leap"],"picked":"SKIP","floor":5},{"not_picked":["Reprogram","Melter","Loop"],"picked":"SKIP","floor":11},{"not_picked":["Loop","Compile Driver","Ball Lightning"],"picked":"SKIP","floor":12},{"not_picked":["Redo","White Noise","Static Discharge"],"picked":"SKIP","floor":13},{"not_picked":["All For One+1","Conserve Battery","Steam Power"],"picked":"SKIP","floor":14},{"not_picked":["Fission","Hyperbeam+1"],"picked":"Reboot","floor":16},{"not_picked":["Doom and Gloom+1","Reinforced Body"],"picked":"Gash+1","floor":18},{"not_picked":["Rebound+1","Coolheaded","Sweeping Beam+1"],"picked":"SKIP","floor":21}],"player_experience":611505,"relics_obtained":[{"floor":9,"key":"Symbiotic Virus"},{"floor":12,"key":"Molten Egg 2"}],"event_choices":[{"event_name":"Living Wall","player_choice":"Forget","floor":3,"damage_taken":0},{"event_name":"Golden Shrine","player_choice":"Pray","floor":10,"damage_taken":0},{"event_name":"Duplicator","player_choice":"One dupe","floor":19,"damage_taken":0},{"event_name":"Beggar","player_choice":"Gave Gold","floor":20,"damage_taken":0}],"is_beta":false,"boss_relics":[{"not_picked":["Runic Pyramid","Busted Crown"],"picked":"FrozenCore"}],"items_purged_floors":[7],"is_endless":false,"potions_floor_spawned":[4,11,12,13,16,18],"killed_by":"Book of Stabbing","ascension_level":11}