{"gold_per_floor":[118,118,4,4,28,67,67,102,102,102,115,130,155,55,55,178,178,197,197,72,93,117,117],"floor_reached":23,"playtime":930,"items_purged":["Strike_B","Strike_B","Defend_B"],"score":281,"play_id":"9d47b5b9-091a-476a-b40e-bcb1f006e1d3","local_time":"20180819095817","is_ascension_mode":true,"campfire_choices":[{"floor":7,"key":"REST"},{"data":"Coolheaded","floor":10,"key":"SMITH"},{"floor":15,"key":"REST"}],"neow_cost":"TEN_PERCENT_HP_LOSS","seed_source_timestamp":213927019504000,"circlet_count":0,"master_deck":["Strike_B","Defend_B","Defend_B","Zap","Dualcast","Barrage","Coolheaded+1","Cold Snap","Skim","Blizzard","Coolheaded+1","Sunder","Fission"],"relics":["Cracked Core","Golden Idol","Meat on the Bone","DataDisk","Bottled Lightning","Busted Crown"],"potions_floor_usage":[6,8,18,22,23],"damage_taken":[{"damage":15,"enemies":"Small Slimes","floor":1,"turns":3},{"damage":1,"enemies":"Cultist","floor":5,"turns":4},{"damage":26,"enemies":"Lagavulin","floor":6,"turns":6},{"damage":16,"enemies":"Gremlin Nob","floor":8,"turns":4},{"damage":3,"enemies":"Jaw Worm","floor":11,"turns":3},{"damage":20,"enemies":"3 Louse","floor":12,"turns":3},{"damage":0,"enemies":"Exordium Wildlife","floor":13,"turns":4},{"damage":7,"enemies":"The Guardian","floor":16,"turns":13},{"damage":18,"enemies":"Chosen","floor":18,"turns":6},{"damage":26,"enemies":"2 Thieves","floor":21,"turns":5},{"damage":24,"enemies":"Snake Plant","floor":22,"turns":5},{"damage":19,"enemies":"Book of Stabbing","floor":23,"turns":4}],"seed_played":"378381266272201536","potions_obtained":[{"floor":5,"key":"Block Potion"},{"floor":6,"key":"LiquidBronze"},{"floor":8,"key":"GamblersBrew"},{"floor":11,"key":"Weak Potion"},{"floor":21,"key":"LiquidBronze"}],"is_trial":false,"path_per_floor":["M","?","$","?","M","E","R","E","T","R","M","M","M","$","R","B",null,"M","?","$","M","M"],"character_chosen":"DEFECT","items_purchased":["Skim"],"campfire_rested":2,"item_purchase_floors":[3],"current_hp_per_floor":[53,53,53,53,52,26,44,40,40,40,37,29,41,41,59,52,60,42,42,42,28,16,0],"gold":117,"neow_bonus":"TRANSFORM_TWO_CARDS","is_prod":false,"is_daily":false,"chose_seed":false,"campfire_upgraded":1,"win_rate":0,"timestamp":1534643897,"path_taken":["M","?","$","?","M","E","R","E","T","R","M","M","?","?","R","BOSS","M","?","$","?","M","E"],"build_version":"2018-08-16","purchased_purges":3,"victory":false,"max_hp_per_floor":[68,68,68,63,63,63,63,63,63,63,63,63,63,63,63,63,63,63,63,63,63,63,63],"card_choices":[{"not_picked":["Barrage","Conserve Battery"],"picked":"Cold Snap","floor":1},{"not_picked":["Consume","Ball Lightning"],"picked":"Blizzard","floor":5},{"not_picked":["Force Field","Cold Snap","Rip and Tear"],"picked":"SKIP","floor":6},{"not_picked":["Gash","Conserve Battery"],"picked":"Coolheaded","floor":8},{"not_picked":["Tempest","Conserve Battery","Barrage"],"picked":"SKIP","floor":11},{"not_picked":["Skim","Conserve Battery","Compile Driver"],"picked":"SKIP","floor":12},{"not_picked":["Leap","Steam"],"picked":"Sunder","floor":13},{"not_picked":["Machine Learning","Electrodynamics"],"picked":"Fission","floor":16},{"not_picked":["Streamline"],"picked":"SKIP","floor":18},{"not_picked":["Rebound"],"picked":"SKIP","floor":21},{"not_picked":["Ball Lightning+1"],"picked":"SKIP","floor":22}],"player_experience":346430,"relics_obtained":[{"floor":6,"key":"Meat on the Bone"},{"floor":8,"key":"DataDisk"},{"floor":9,"key":"Bottled Lightning"}],"event_choices":[{"event_name":"Upgrade Shrine","player_choice":"Upgraded","floor":2,"damage_taken":0},{"event_name":"Golden Idol","player_choice":"Lose Max HP","floor":4,"damage_taken":0},{"event_name":"Vampires","player_choice":"Ignored","floor":19,"damage_taken":0}],"is_beta":false,"boss_relics":[{"not_picked":["Velvet Choker","Orrery"],"picked":"Busted Crown"}],"items_purged_floors":[3,14,20],"is_endless":false,"potions_floor_spawned":[5,6,8,11,21],"killed_by":"Book of Stabbing","ascension_level":8}