{"gold_per_floor":[113,113,288,15,35,64,82,82,82,82,93,113,147,147],"floor_reached":14,"playtime":390,"items_purged":["Doubt"],"score":120,"play_id":"2c88c235-26e0-4d85-ae51-75f6746396a6","local_time":"20180829153201","is_ascension_mode":true,"campfire_choices":[{"floor":8,"key":"REST"}],"neow_cost":"NONE","seed_source_timestamp":720940847876501,"circlet_count":0,"master_deck":["Strike_B","Strike_B","Strike_B+1","Strike_B+1","Defend_B","Defend_B","Defend_B","Defend_B","Zap","Dualcast","Seek","Ball Lightning","Turbo","Sweeping Beam","Beam Cell"],"relics":["Cracked Core","Runic Capacitor","Darkstone Periapt","Regal Pillow","Potion Belt"],"potions_floor_usage":[6,10,11],"damage_taken":[{"damage":1,"enemies":"Cultist","floor":1,"turns":3},{"damage":7,"enemies":"Jaw Worm","floor":5,"turns":2},{"damage":26,"enemies":"Gremlin Nob","floor":6,"turns":4},{"damage":0,"enemies":"Small Slimes","floor":7,"turns":3},{"damage":9,"enemies":"2 Fungi Beasts","floor":11,"turns":3},{"damage":12,"enemies":"Lots of Slimes","floor":12,"turns":3},{"damage":25,"enemies":"3 Sentries","floor":13,"turns":7},{"damage":10,"enemies":"Gremlin Gang","floor":14,"turns":1}],"seed_played":"-24161433987010645","potions_obtained":[{"floor":1,"key":"SkillPotion"},{"floor":7,"key":"Dexterity Potion"},{"floor":10,"key":"Fruit Juice"},{"floor":10,"key":"FocusPotion"},{"floor":12,"key":"SpeedPotion"}],"is_trial":false,"path_per_floor":["M","?","?","$","M","E","M","R","T","?","M","M","E"],"character_chosen":"DEFECT","items_purchased":["Runic Capacitor"],"campfire_rested":1,"item_purchase_floors":[4],"current_hp_per_floor":[74,59,59,59,52,26,26,48,48,53,44,32,7,0],"gold":147,"neow_bonus":"ONE_RANDOM_RARE_CARD","is_prod":false,"is_daily":false,"chose_seed":false,"campfire_upgraded":0,"win_rate":0,"timestamp":1535571121,"path_taken":["M","?","?","$","M","E","?","R","T","?","M","M","E","M"],"build_version":"2018-08-23v2","purchased_purges":1,"victory":false,"max_hp_per_floor":[75,75,75,75,75,75,75,75,75,80,80,80,80,80],"card_choices":[{"not_picked":["Gash","Genetic Algorithm"],"picked":"Ball Lightning","floor":1},{"not_picked":["Scrape","Go for the Eyes"],"picked":"Turbo","floor":5},{"not_picked":["Streamline","Gash","Fission"],"picked":"SKIP","floor":6},{"not_picked":["Stack","Rebound","Compile Driver"],"picked":"SKIP","floor":7},{"not_picked":["Ball Lightning","Redo"],"picked":"Sweeping Beam","floor":11},{"not_picked":["Turbo","Rebound","Redo"],"picked":"SKIP","floor":12},{"not_picked":["Fusion","Rebound"],"picked":"Beam Cell","floor":13}],"player_experience":484072,"relics_obtained":[{"floor":6,"key":"Darkstone Periapt"},{"floor":9,"key":"Regal Pillow"},{"floor":13,"key":"Potion Belt"}],"event_choices":[{"event_name":"Shining Light","player_choice":"Entered Light","floor":2,"damage_taken":0},{"event_name":"Liars Game","player_choice":"agreed","floor":3,"damage_taken":0},{"event_name":"The Lab","player_choice":"Got Potions","floor":10,"damage_taken":0}],"is_beta":false,"boss_relics":[],"items_purged_floors":[4],"is_endless":false,"potions_floor_spawned":[1,7,12],"killed_by":"Gremlin Gang","ascension_level":4}