{"gold_per_floor":[216,228,73,73,105,143,155,167,253,215,248,299,311,323,335,477,489,522,449,481,378,401,401,242,258,332,346,387,408,370,385,385,515,515,538,538,209,224,324,324,347,366,366,366,699,729,339,369,369,369],"floor_reached":51,"playtime":2834,"items_purged":["Strike_R","Writhe","Combust"],"score":785,"play_id":"adc8b10d-7732-4180-b79f-cfa7ab18335a","local_time":"20190423231146","is_ascension_mode":false,"campfire_choices":[{"data":"Clothesline","floor":13,"key":"SMITH"},{"floor":15,"key":"REST"},{"data":"Corruption","floor":23,"key":"SMITH"},{"floor":32,"key":"REST"},{"data":"Whirlwind","floor":40,"key":"SMITH"},{"floor":44,"key":"REST"},{"floor":49,"key":"REST"}],"neow_cost":"NONE","seed_source_timestamp":2857287400400,"circlet_count":0,"master_deck":["Bash","Pummel","Cleave+1","Clothesline+1","Reckless Charge+1","Iron Wave","Corruption+1","Exhume","Reckless Charge+1","Evolve","Iron Wave+1","Reaper","Shrug It Off+1","Iron Wave","Demon Form","Inflame","Feed","Exhume","Rupture","Whirlwind+1","Flex","Infernal Blade","Demon Form","Seeing Red","Inflame","Ghostly Armor","Shrug It Off","Headbutt","Shrug It Off+1","Pummel","Feel No Pain+1"],"relics":["Burning Blood","Vajra","MawBank","Thread and Needle","Pantograph","Sundial","Mark of Pain","Blue Candle","Paper Frog","War Paint","Pandora\u0027s Box","Membership Card","Bag of Marbles","Frozen Egg 2","Pen Nib","DollysMirror","Question Card","Art of War","Lantern"],"potions_floor_usage":[12,16,16,25,33,48,50,50,50],"damage_taken":[{"damage":4,"enemies":"Cultist","floor":1,"turns":4},{"damage":5,"enemies":"2 Louse","floor":2,"turns":3},{"damage":8,"enemies":"Jaw Worm","floor":5,"turns":3},{"damage":22,"enemies":"Gremlin Nob","floor":6,"turns":4},{"damage":4,"enemies":"Exordium Wildlife","floor":11,"turns":5},{"damage":9,"enemies":"Lagavulin","floor":12,"turns":5},{"damage":0,"enemies":"Slime Boss","floor":16,"turns":8},{"damage":13,"enemies":"Shell Parasite","floor":18,"turns":5},{"damage":17,"enemies":"2 Thieves","floor":20,"turns":5},{"damage":16,"enemies":"Snake Plant","floor":22,"turns":4},{"damage":0,"enemies":"Cultist and Chosen","floor":25,"turns":7},{"damage":5,"enemies":"Centurion and Healer","floor":27,"turns":8},{"damage":40,"enemies":"Book of Stabbing","floor":28,"turns":7},{"damage":7,"enemies":"Chosen and Byrds","floor":29,"turns":6},{"damage":9,"enemies":"Snake Plant","floor":31,"turns":4},{"damage":22,"enemies":"Champ","floor":33,"turns":10},{"damage":15,"enemies":"3 Shapes","floor":35,"turns":3},{"damage":4,"enemies":"Orb Walker","floor":38,"turns":3},{"damage":30,"enemies":"Jaw Worm Horde","floor":41,"turns":3},{"damage":17,"enemies":"Spire Growth","floor":42,"turns":5},{"damage":17,"enemies":"Nemesis","floor":46,"turns":5},{"damage":50,"enemies":"Reptomancer","floor":48,"turns":6},{"damage":13,"enemies":"Time Eater","floor":50,"turns":9}],"seed_played":"-1233540011017046531","potions_obtained":[{"floor":1,"key":"Energy Potion"},{"floor":6,"key":"Energy Potion"},{"floor":12,"key":"Explosive Potion"},{"floor":20,"key":"SpeedPotion"},{"floor":22,"key":"SkillPotion"},{"floor":27,"key":"FearPotion"},{"floor":31,"key":"Weak Potion"},{"floor":41,"key":"GamblersBrew"},{"floor":48,"key":"Block Potion"}],"is_trial":false,"path_per_floor":["M","M","$","?","M","E","$","?","T","?","M","E","R","?","R","B",null,"M","?","M","$","M","R","$","M","T","M","E","M","$","M","R","B",null,"M","?","$","M","?","R","M","M","T","R","?","E","$","E","R","B",null],"character_chosen":"IRONCLAD","items_purchased":["Vajra","Evolve","Reaper","Inflame","Membership Card","Bag of Marbles","DollysMirror","Question Card","Art of War","PowerPotion"],"campfire_rested":4,"item_purchase_floors":[3,21,24,30,37,37,47,47,47,47],"current_hp_per_floor":[80,80,80,80,78,62,62,62,62,62,64,61,61,46,68,74,74,67,67,56,56,46,46,46,55,55,61,32,37,37,34,56,74,74,68,77,77,77,77,77,53,51,51,74,74,63,63,47,70,70],"gold":369,"neow_bonus":"HUNDRED_GOLD","is_prod":false,"is_daily":false,"chose_seed":false,"campfire_upgraded":3,"win_rate":0,"timestamp":1556075506,"path_taken":["M","M","$","?","M","E","$","?","T","?","?","E","R","?","R","BOSS","M","?","M","$","M","R","$","M","T","M","E","M","$","M","R","BOSS","M","?","$","M","?","R","?","M","T","R","?","E","$","E","R","BOSS"],"build_version":"2019-01-23","purchased_purges":3,"victory":true,"max_hp_per_floor":[80,80,80,80,80,80,80,74,74,74,74,74,74,74,74,74,74,74,74,74,74,74,74,74,74,74,74,74,74,74,74,74,74,74,77,77,77,77,77,77,77,77,77,77,77,77,77,77,77,77],"card_choices":[{"not_picked":["Fire Breathing","Thunderclap"],"picked":"Pummel","floor":1},{"not_picked":["Hemokinesis","Sever Soul"],"picked":"Cleave","floor":2},{"not_picked":["Rage","Flex"],"picked":"Clothesline","floor":5},{"not_picked":["Intimidate","Wild Strike"],"picked":"Reckless Charge","floor":6},{"not_picked":["Heavy Blade","Havoc"],"picked":"Iron Wave","floor":11},{"not_picked":["Anger","Flex"],"picked":"Corruption","floor":12},{"not_picked":["Brutality","Barricade"],"picked":"Exhume","floor":16},{"not_picked":["Body Slam+1","Warcry","Heavy Blade+1"],"picked":"SKIP","floor":18},{"not_picked":["Body Slam","Anger"],"picked":"Reckless Charge+1","floor":20},{"not_picked":["Havoc","Perfected Strike+1"],"picked":"Iron Wave+1","floor":22},{"not_picked":["Flame Barrier","Havoc"],"picked":"Shrug It Off","floor":25},{"not_picked":["Twin Strike","Metallicize"],"picked":"Iron Wave","floor":27},{"not_picked":["Carnage","Thunderclap"],"picked":"Demon Form","floor":28},{"not_picked":["Havoc","Armaments","Heavy Blade"],"picked":"SKIP","floor":29},{"not_picked":["Warcry","Thunderclap"],"picked":"Feed","floor":31},{"not_picked":["Bludgeon","Barricade"],"picked":"Exhume","floor":33},{"not_picked":["Body Slam","Flex+1"],"picked":"Ghostly Armor","floor":35},{"not_picked":["Dual Wield+1","Perfected Strike"],"picked":"Shrug It Off","floor":38},{"not_picked":["Combust+1","Juggernaut"],"picked":"Headbutt","floor":41},{"not_picked":["True Grit+1","Heavy Blade+1"],"picked":"Shrug It Off+1","floor":42},{"not_picked":["Body Slam+1","Bludgeon","Exhume"],"picked":"SKIP","floor":46},{"not_picked":["Cleave+1","Dual Wield+1","Twin Strike"],"picked":"Feel No Pain+1","floor":48}],"player_experience":365832,"relics_obtained":[{"floor":6,"key":"Thread and Needle"},{"floor":9,"key":"Pantograph"},{"floor":12,"key":"Sundial"},{"floor":26,"key":"Paper Frog"},{"floor":28,"key":"War Paint"},{"floor":43,"key":"Frozen Egg 2"},{"floor":46,"key":"Pen Nib"},{"floor":48,"key":"Lantern"}],"event_choices":[{"damage_healed":0,"gold_gain":0,"player_choice":"Box","damage_taken":0,"relics_obtained":["MawBank"],"max_hp_gain":0,"max_hp_loss":0,"event_name":"Big Fish","floor":4,"gold_loss":0,"cards_obtained":["Regret"]},{"damage_healed":0,"gold_gain":0,"player_choice":"Lose Max HP","damage_taken":0,"relics_obtained":["Golden Idol"],"max_hp_gain":0,"max_hp_loss":6,"event_name":"Golden Idol","floor":8,"gold_loss":0},{"cards_removed":["Regret"],"damage_healed":0,"gold_gain":0,"player_choice":"Card Removal","damage_taken":0,"max_hp_gain":0,"max_hp_loss":0,"event_name":"The Cleric","floor":10,"gold_loss":50},{"damage_healed":0,"gold_gain":0,"player_choice":"Entered Light","damage_taken":15,"max_hp_gain":0,"max_hp_loss":0,"event_name":"Shining Light","floor":14,"gold_loss":0,"cards_upgraded":["Reckless Charge","Cleave"]},{"damage_healed":0,"gold_gain":0,"player_choice":"Obtained Relic","damage_taken":0,"relics_obtained":["Blue Candle"],"max_hp_gain":0,"max_hp_loss":0,"event_name":"Addict","floor":19,"gold_loss":85},{"damage_healed":19,"gold_gain":0,"player_choice":"Writhe","damage_taken":0,"max_hp_gain":0,"max_hp_loss":0,"event_name":"Winding Halls","floor":36,"gold_loss":0,"cards_obtained":["Writhe"]},{"damage_healed":0,"gold_gain":100,"player_choice":"Pray","damage_taken":0,"max_hp_gain":0,"max_hp_loss":0,"event_name":"Golden Shrine","floor":39,"gold_loss":0},{"damage_healed":0,"gold_gain":333,"player_choice":"Gave Idol","damage_taken":0,"max_hp_gain":0,"max_hp_loss":0,"event_name":"The Moai Head","floor":45,"relics_lost":["Golden Idol"],"gold_loss":0}],"is_beta":false,"boss_relics":[{"not_picked":["Busted Crown","Runic Pyramid"],"picked":"Mark of Pain"},{"not_picked":["Runic Cube","Tiny House"],"picked":"Pandora\u0027s Box"}],"items_purged_floors":[21,37,47],"is_endless":false,"potions_floor_spawned":[1,6,12,20,22,27,31,41,46,48],"ascension_level":0}