{"path_per_floor":["M","?","$","T","?","R","T","E","T","E","R","?","?","M","R","B",null,"M","$","M","M","M"],"character_chosen":"DEFECT","items_purchased":["Sunder","Girya","Beam Cell"],"gold_per_floor":[119,119,45,91,91,91,91,124,171,204,204,204,279,290,290,391,391,391,52,52,52,52,52],"floor_reached":23,"campfire_rested":1,"playtime":530,"current_hp_per_floor":[73,66,66,66,66,66,66,48,48,39,39,39,28,28,65,3,75,65,65,32,21,6,9],"items_purged":[],"gold":52,"score":217,"play_id":"3e3a82c6-6bdb-436c-b416-348a3ecb83d2","local_time":"20180507185915","is_prod":false,"is_daily":false,"chose_seed":false,"is_ascension_mode":true,"campfire_upgraded":2,"timestamp":1525733955,"path_taken":["M","?","$","?","?","R","?","E","T","E","R","?","?","M","R","BOSS","M","$","M","M","M","E"],"build_version":"2018-05-03","seed_source_timestamp":1251007495426152,"purchased_purges":0,"victory":false,"master_deck":["Strike_B","Strike_B","Strike_B","Defend_B","Defend_B","Defend_B","Defend_B","Zap+1","Dualcast+1","Sunder+1","BootSequence","Sweeping Beam+1","Redo","Beam Cell","Genetic Algorithm"],"max_hp_per_floor":[75,75,75,75,75,75,75,75,75,75,75,75,75,75,75,75,75,75,75,75,75,75,75],"relics":["Cracked Core","Dream Catcher","Mummified Hand","Bottled Lightning","Regal Pillow","Juzu Bracelet","Ectoplasm","Girya"],"card_choices":[{"not_picked":["Darkness","Stack"],"picked":"BootSequence","floor":8},{"not_picked":["Ball Lightning","Axe Kick"],"picked":"Sweeping Beam","floor":10},{"not_picked":["Rainbow","Meteor Strike"],"picked":"Redo","floor":16},{"not_picked":["Ball Lightning","Streamline"],"picked":"Genetic Algorithm","floor":21}],"player_experience":58296,"potions_floor_usage":[10,21,22,23],"damage_taken":[{"damage":2,"enemies":"2 Louse","floor":1,"turns":2},{"damage":18,"enemies":"Gremlin Nob","floor":8,"turns":3},{"damage":9,"enemies":"Lagavulin","floor":10,"turns":5},{"damage":0,"enemies":"Jaw Worm","floor":14,"turns":2},{"damage":62,"enemies":"The Guardian","floor":16,"turns":10},{"damage":10,"enemies":"Shell Parasite","floor":18,"turns":4},{"damage":33,"enemies":"Chosen","floor":20,"turns":4},{"damage":14,"enemies":"Snake Plant","floor":21,"turns":2},{"damage":15,"enemies":"Snecko","floor":22,"turns":5},{"damage":3,"enemies":"Book of Stabbing","floor":23,"turns":3}],"event_choices":[{"event_name":"Golden Wing","player_choice":"Card Removal","floor":2,"damage_taken":0},{"event_name":"Living Wall","player_choice":"Grow","floor":5,"damage_taken":0},{"event_name":"Golden Idol","player_choice":"Ignored","floor":12,"damage_taken":0},{"event_name":"World of Goop","player_choice":"Gather Gold","floor":13,"damage_taken":0}],"boss_relics":[{"not_picked":["Velvet Choker","Calling Bell"],"picked":"Ectoplasm"}],"potions_floor_spawned":[8,16,21,22],"seed_played":"370875222922553824","killed_by":"Book of Stabbing","ascension_level":2,"is_trial":false}