{"gold_per_floor":[110,35,49,49,66,66,77,77,77,152,179,4,19,29,29,128,178,178,378,67,85,85,85],"floor_reached":23,"playtime":836,"items_purged":["Strike_R","Strike_R","Strike_R"],"score":248,"play_id":"cba1d6c5-fce1-4987-a355-1143878629cc","local_time":"20190413230932","is_ascension_mode":true,"campfire_choices":[{"data":"Thunderclap","floor":6,"key":"SMITH"},{"data":"True Grit","floor":8,"key":"SMITH"},{"floor":15,"key":"REST"}],"neow_cost":"PERCENT_DAMAGE","seed_source_timestamp":225651403981000,"circlet_count":0,"master_deck":["Defend_R","Defend_R","Defend_R","Bash","Wild Strike","Impervious","Burning Pact","Wild Strike+1","Thunderclap+1","True Grit+1","Brutality","Blood for Blood","Evolve","Metallicize","Pommel Strike+1"],"relics":["Burning Blood","Bottled Lightning","Ice Cream","Tiny House","Lantern","SsserpentHead"],"potions_floor_usage":[11,11,18,23],"damage_taken":[{"damage":0,"enemies":"2 Louse","floor":1,"turns":4},{"damage":0,"enemies":"Cultist","floor":3,"turns":4},{"damage":2,"enemies":"Jaw Worm","floor":5,"turns":3},{"damage":27,"enemies":"Exordium Thugs","floor":7,"turns":5},{"damage":21,"enemies":"3 Sentries","floor":11,"turns":7},{"damage":13,"enemies":"Blue Slaver","floor":13,"turns":2},{"damage":16,"enemies":"Large Slime","floor":14,"turns":5},{"damage":25,"enemies":"Hexaghost","floor":16,"turns":9},{"damage":7,"enemies":"3 Byrds","floor":18,"turns":2},{"damage":22,"enemies":"2 Thieves","floor":21,"turns":4},{"damage":58,"enemies":"Book of Stabbing","floor":23,"turns":5}],"seed_played":"-921754990130915750","potions_obtained":[{"floor":3,"key":"BloodPotion"},{"floor":5,"key":"Strength Potion"},{"floor":7,"key":"SmokeBomb"},{"floor":14,"key":"Ancient Potion"},{"floor":17,"key":"Block Potion"}],"is_trial":false,"path_per_floor":["M","$","M","?","M","R","M","R","T","?","E","$","M","M","R","B",null,"M","?","$","M","?","E"],"character_chosen":"IRONCLAD","items_purchased":["Blood for Blood","Metallicize","Lantern"],"campfire_rested":1,"item_purchase_floors":[12,20,20],"current_hp_per_floor":[57,57,63,63,67,67,46,46,46,35,28,28,21,11,35,16,69,68,68,68,52,52,0],"gold":85,"neow_bonus":"TRANSFORM_TWO_CARDS","is_prod":false,"is_daily":false,"chose_seed":false,"campfire_upgraded":2,"win_rate":0,"timestamp":1555168172,"path_taken":["M","$","M","?","?","R","M","R","T","?","E","?","M","M","R","BOSS","M","?","?","M","?","E"],"build_version":"2019-01-23","purchased_purges":3,"victory":false,"max_hp_per_floor":[80,80,80,80,80,80,80,80,80,80,80,80,80,80,80,80,85,85,85,85,85,85,85],"card_choices":[{"not_picked":["True Grit","Whirlwind"],"picked":"Burning Pact","floor":1},{"not_picked":["Corruption","Pommel Strike"],"picked":"Wild Strike","floor":3},{"not_picked":["Anger","Clash"],"picked":"Thunderclap","floor":5},{"not_picked":["Armaments","Reckless Charge"],"picked":"True Grit","floor":7},{"not_picked":["Sword Boomerang","Burning Pact"],"picked":"Brutality","floor":11},{"not_picked":["Cleave","Flex"],"picked":"Evolve","floor":13},{"not_picked":["Hemokinesis","Sword Boomerang","Anger"],"picked":"SKIP","floor":14},{"not_picked":["Heavy Blade","Anger+1"],"picked":"Pommel Strike+1","floor":21}],"player_experience":486687,"relics_obtained":[{"floor":9,"key":"Bottled Lightning"},{"floor":11,"key":"Ice Cream"}],"event_choices":[{"cards_removed":["Defend_R"],"damage_healed":0,"gold_gain":0,"player_choice":"Offered Basic","damage_taken":0,"max_hp_gain":0,"max_hp_loss":0,"event_name":"Bonfire Elementals","floor":4,"gold_loss":0},{"damage_healed":0,"gold_gain":75,"player_choice":"Gather Gold","damage_taken":11,"max_hp_gain":0,"max_hp_loss":0,"event_name":"World of Goop","floor":10,"gold_loss":0},{"damage_healed":0,"gold_gain":200,"player_choice":"Gold","damage_taken":0,"max_hp_gain":0,"max_hp_loss":0,"event_name":"Wheel of Change","floor":19,"gold_loss":0},{"damage_healed":0,"gold_gain":0,"player_choice":"Trade","damage_taken":0,"relics_obtained":["SsserpentHead"],"max_hp_gain":0,"max_hp_loss":0,"event_name":"FaceTrader","floor":22,"gold_loss":0}],"is_beta":false,"boss_relics":[{"not_picked":["Runic Dome","Empty Cage"],"picked":"Tiny House"}],"items_purged_floors":[2,12,20],"is_endless":false,"potions_floor_spawned":[3,5,7,14],"killed_by":"Book of Stabbing","ascension_level":6}