{"gold_per_floor":[110,128,6,16,16,16,51,74,99,99],"floor_reached":10,"playtime":563,"items_purged":["Decay"],"score":82,"play_id":"03358f18-9479-49d2-a5cd-6af21400778c","local_time":"20190319162028","is_ascension_mode":true,"campfire_choices":[{"data":"Outmaneuver","floor":6,"key":"SMITH"}],"neow_cost":"CURSE","seed_source_timestamp":545712478874398,"circlet_count":0,"master_deck":["Defend_G","Defend_G","Defend_G","Defend_G","Defend_G","Strike_G","Strike_G","Strike_G","Survivor","Neutralize","Venomology","Heel Hook","Flying Knee","Prepared","Outmaneuver+1","Underhanded Strike","Injury","Dodge and Roll","Concentrate"],"relics":["Ring of the Snake","Golden Idol","Bag of Marbles"],"potions_floor_usage":[4,7,7,7,7,10,10],"damage_taken":[{"damage":11,"enemies":"2 Louse","floor":1,"turns":4},{"damage":4,"enemies":"Jaw Worm","floor":2,"turns":6},{"damage":0,"enemies":"Cultist","floor":4,"turns":4},{"damage":16,"enemies":"Gremlin Nob","floor":7,"turns":3},{"damage":7,"enemies":"Lots of Slimes","floor":8,"turns":6},{"damage":17,"enemies":"Lagavulin","floor":10,"turns":8}],"seed_played":"3927020740914511760","potions_obtained":[{"floor":2,"key":"LiquidBronze"}],"is_trial":false,"path_per_floor":["M","M","$","M","?","R","E","M","T","E"],"character_chosen":"THE_SILENT","items_purchased":["Outmaneuver"],"campfire_rested":0,"item_purchase_floors":[3],"current_hp_per_floor":[59,55,55,55,55,55,39,32,32,15],"gold":99,"neow_bonus":"TRANSFORM_TWO_CARDS","is_prod":false,"is_daily":false,"chose_seed":false,"campfire_upgraded":1,"win_rate":0,"timestamp":1553037628,"path_taken":["M","M","$","M","?","R","E","M","T","E"],"build_version":"2019-01-23","purchased_purges":1,"victory":false,"max_hp_per_floor":[70,70,70,70,70,70,70,70,70,70],"card_choices":[{"not_picked":["Cloak And Dagger","Dodge and Roll"],"picked":"Flying Knee","floor":1},{"not_picked":["Infinite Blades","Cloak And Dagger"],"picked":"Prepared","floor":2},{"not_picked":["Dagger Throw","Flying Knee"],"picked":"Underhanded Strike","floor":4},{"not_picked":["Dash","Setup"],"picked":"Dodge and Roll","floor":7},{"not_picked":["Prepared","Dodge and Roll"],"picked":"Concentrate","floor":8}],"player_experience":329642,"relics_obtained":[{"floor":7,"key":"Bag of Marbles"}],"event_choices":[{"damage_healed":0,"gold_gain":0,"player_choice":"Take Wound","damage_taken":0,"relics_obtained":["Golden Idol"],"max_hp_gain":0,"max_hp_loss":0,"event_name":"Golden Idol","floor":5,"gold_loss":0,"cards_obtained":["Injury"]}],"is_beta":false,"boss_relics":[],"items_purged_floors":[3],"is_endless":false,"potions_floor_spawned":[2],"killed_by":"Lagavulin","ascension_level":4}