{"gold_per_floor":[115,115,131,131,144,144,178,193,193,222,234,113,113,129,129,234,234,251,251,263,69,82,113,13,13],"floor_reached":25,"playtime":1682,"items_purged":["Defend_B","Rip and Tear","Hologram"],"score":256,"play_id":"1734faff-7080-4c14-9898-4ba759016d63","local_time":"20180715230648","is_ascension_mode":true,"campfire_choices":[{"data":"Coolheaded","floor":6,"key":"SMITH"},{"data":"Defragment","floor":15,"key":"SMITH"}],"neow_cost":"","seed_source_timestamp":343510491227826,"circlet_count":0,"master_deck":["Zap","Dualcast","BootSequence","Self Repair+1","Coolheaded+1","Self Repair","Defragment+1","Defragment","Echo Form","White Noise","Melter","Leap","Self Repair","Compile Driver+1","RitualDagger","Capacitor","Redo+1"],"relics":["Cracked Core","Ornamental Fan","The Courier","War Paint","NlothsMask","Pandora\u0027s Box","Bag of Preparation","Juzu Bracelet"],"potions_floor_usage":[8,16,16,16,23,25],"damage_taken":[{"damage":2,"enemies":"Small Slimes","floor":1,"turns":3},{"damage":1,"enemies":"Cultist","floor":3,"turns":3},{"damage":0,"enemies":"2 Louse","floor":5,"turns":2},{"damage":28,"enemies":"3 Sentries","floor":7,"turns":11},{"damage":32,"enemies":"Lots of Slimes","floor":8,"turns":5},{"damage":32,"enemies":"Lagavulin","floor":10,"turns":8},{"damage":7,"enemies":"Blue Slaver","floor":11,"turns":5},{"damage":17,"enemies":"Gremlin Gang","floor":14,"turns":7},{"damage":35,"enemies":"Slime Boss","floor":16,"turns":13},{"damage":15,"enemies":"3 Byrds","floor":18,"turns":6},{"damage":33,"enemies":"Spheric Guardian","floor":20,"turns":4},{"damage":32,"enemies":"Snecko","floor":22,"turns":7},{"damage":38,"enemies":"Gremlin Leader","floor":23,"turns":7},{"damage":10,"enemies":"Book of Stabbing","floor":25,"turns":4}],"seed_played":"-7416698696240632126","potions_obtained":[{"floor":1,"key":"Poison Potion"},{"floor":7,"key":"Fire Potion"},{"floor":11,"key":"FearPotion"},{"floor":14,"key":"Explosive Potion"},{"floor":16,"key":"Weak Potion"},{"floor":18,"key":"Block Potion"},{"floor":20,"key":"Fire Potion"}],"is_trial":false,"path_per_floor":["M","?","M","?","M","R","E","M","T","E","M","$","?","M","R","B",null,"M","?","M","$","M","E","$"],"character_chosen":"DEFECT","items_purchased":["Defragment","Bag of Preparation"],"campfire_rested":0,"item_purchase_floors":[12,21],"current_hp_per_floor":[73,73,72,72,75,75,57,42,42,27,37,37,37,37,37,19,75,75,69,46,46,48,10,10,0],"gold":13,"neow_bonus":"","is_prod":false,"is_daily":false,"chose_seed":false,"campfire_upgraded":2,"win_rate":0,"timestamp":1531688808,"path_taken":["M","?","?","?","?","R","E","M","T","E","M","$","?","M","R","BOSS","M","?","?","$","M","E","$","E"],"build_version":"2018-07-12","purchased_purges":3,"victory":false,"max_hp_per_floor":[75,75,75,75,75,75,75,75,75,75,75,75,75,75,75,75,75,75,75,75,75,75,75,75,75],"card_choices":[{"not_picked":["Go for the Eyes","Hologram"],"picked":"BootSequence","floor":1},{"not_picked":["Leap","Steam"],"picked":"Self Repair","floor":3},{"not_picked":["Sweeping Beam","Darkness"],"picked":"Coolheaded","floor":5},{"not_picked":["Barrage","Rainbow"],"picked":"Self Repair","floor":7},{"not_picked":["Double Energy","Beam Cell","Steam"],"picked":"SKIP","floor":8},{"not_picked":["Leap","Lockon","Beam Cell"],"picked":"SKIP","floor":10},{"not_picked":["Leap","Lockon","Beam Cell"],"picked":"SKIP","floor":10},{"not_picked":["Ball Lightning","Conserve Battery","Sweeping Beam"],"picked":"SKIP","floor":11},{"not_picked":["Steam Power","Buffer"],"picked":"Defragment","floor":14},{"not_picked":["Meteor Strike","Machine Learning"],"picked":"Echo Form","floor":16},{"not_picked":["Doom and Gloom","Cold Snap"],"picked":"Compile Driver+1","floor":18},{"not_picked":["Coolheaded+1","Turbo"],"picked":"Capacitor","floor":20},{"not_picked":["Redo","Steam","Turbo"],"picked":"SKIP","floor":22},{"not_picked":["Thunder Strike","Stack"],"picked":"Redo+1","floor":23}],"player_experience":283043,"relics_obtained":[{"floor":7,"key":"Ornamental Fan"},{"floor":9,"key":"The Courier"},{"floor":10,"key":"War Paint"},{"floor":23,"key":"Juzu Bracelet"}],"event_choices":[{"event_name":"Purifier","player_choice":"One Purge","floor":2,"damage_taken":0},{"event_name":"Upgrade Shrine","player_choice":"Upgraded","floor":4,"damage_taken":0},{"event_name":"FaceTrader","player_choice":"Trade","floor":13,"damage_taken":0},{"event_name":"Nest","player_choice":"Joined the Cult","floor":19,"damage_taken":0}],"boss_relics":[{"not_picked":["Fusion Hammer","Lizard Tail"],"picked":"Pandora\u0027s Box"}],"items_purged_floors":[12,21,24],"is_endless":false,"potions_floor_spawned":[1,7,11,14,16,18,20],"killed_by":"Book of Stabbing","ascension_level":2}