{"gold_per_floor":[119,134,134,59,79,79,79,104,180,204,217,241,256,279,279,403,403,424,74,90,111,111,111,33,33],"floor_reached":25,"playtime":838,"items_purged":["Strike_B","Strike_B"],"score":307,"play_id":"8a43e840-f6f1-430f-bc52-ca3f5b6dd0b5","local_time":"20180819233656","is_ascension_mode":true,"campfire_choices":[{"floor":15,"key":"REST"}],"neow_cost":"TEN_PERCENT_HP_LOSS","seed_source_timestamp":34802582249559,"circlet_count":0,"master_deck":["Strike_B","Defend_B","Defend_B","Defend_B","Defend_B","Zap+1","Dualcast","Electrodynamics","Storm","BootSequence","Storm","Conserve Battery","Echo Form","Conserve Battery","Defragment"],"relics":["Cracked Core","Golden Idol","Pantograph","Nuclear Battery","Bottled Tornado"],"potions_floor_usage":[16,23,23,25],"damage_taken":[{"damage":1,"enemies":"Cultist","floor":1,"turns":3},{"damage":4,"enemies":"Jaw Worm","floor":2,"turns":3},{"damage":0,"enemies":"2 Louse","floor":5,"turns":3},{"damage":12,"enemies":"Looter","floor":8,"turns":3},{"damage":3,"enemies":"Large Slime","floor":10,"turns":4},{"damage":14,"enemies":"3 Louse","floor":11,"turns":3},{"damage":4,"enemies":"Exordium Wildlife","floor":12,"turns":3},{"damage":4,"enemies":"Red Slaver","floor":13,"turns":3},{"damage":1,"enemies":"Looter","floor":14,"turns":3},{"damage":33,"enemies":"Slime Boss","floor":16,"turns":7},{"damage":0,"enemies":"3 Byrds","floor":18,"turns":2},{"damage":0,"enemies":"Chosen","floor":20,"turns":3},{"damage":29,"enemies":"Snake Plant","floor":21,"turns":5},{"damage":0,"enemies":"Slavers","floor":23,"turns":1},{"damage":27,"enemies":"Book of Stabbing","floor":25,"turns":5}],"seed_played":"-7328704525774254881","potions_obtained":[{"floor":1,"key":"Ancient Potion"},{"floor":2,"key":"Swift Potion"},{"floor":13,"key":"FearPotion"},{"floor":14,"key":"SmokeBomb"},{"floor":16,"key":"Explosive Potion"},{"floor":20,"key":"Fire Potion"}],"is_trial":false,"path_per_floor":["M","M","?","$","M","?","?","M","T","M","M","M","M","M","R","B",null,"M","$","M","M","$","E","$"],"character_chosen":"DEFECT","items_purchased":["Bottled Tornado","Defragment"],"campfire_rested":1,"item_purchase_floors":[19,24],"current_hp_per_floor":[67,63,46,46,46,46,39,27,27,24,10,6,2,1,21,13,54,54,54,54,25,25,25,25,0],"gold":33,"neow_bonus":"THREE_RARE_CARDS","is_prod":false,"is_daily":false,"chose_seed":false,"campfire_upgraded":0,"win_rate":0,"timestamp":1534714616,"path_taken":["M","?","?","$","M","?","?","M","T","M","M","?","M","M","R","BOSS","M","$","M","M","$","E","?","E"],"build_version":"2018-08-16","purchased_purges":2,"victory":false,"max_hp_per_floor":[68,68,68,68,68,68,68,68,68,68,68,68,68,68,68,68,68,68,68,68,68,68,68,68,68],"card_choices":[{"not_picked":["Thunder Strike","Buffer"],"picked":"Electrodynamics","floor":0},{"not_picked":["Sweeping Beam","Cold Snap"],"picked":"Storm","floor":1},{"not_picked":["Redo","Melter","Barrage"],"picked":"SKIP","floor":2},{"not_picked":["Stack","Gash"],"picked":"BootSequence","floor":5},{"not_picked":["Cold Snap","Undo"],"picked":"Storm","floor":8},{"not_picked":["Hologram","Cold Snap","Steam Power"],"picked":"SKIP","floor":10},{"not_picked":["Undo","Ball Lightning","Rip and Tear"],"picked":"SKIP","floor":11},{"not_picked":["Fission","FTL","Barrage"],"picked":"SKIP","floor":12},{"not_picked":["Leap","Coolheaded"],"picked":"Conserve Battery","floor":13},{"not_picked":["Beam Cell","Steam","All For One"],"picked":"SKIP","floor":14},{"not_picked":["Reboot","Electrodynamics"],"picked":"Echo Form","floor":16},{"not_picked":["Hologram","Beam Cell","Sweeping Beam"],"picked":"SKIP","floor":18},{"not_picked":["Stack+1","Beam Cell+1","Compile Driver"],"picked":"SKIP","floor":20},{"not_picked":["Coolheaded","Cold Snap"],"picked":"Conserve Battery","floor":21}],"player_experience":478789,"relics_obtained":[{"floor":9,"key":"Pantograph"}],"event_choices":[{"event_name":"Golden Idol","player_choice":"Take Damage","floor":3,"damage_taken":0},{"event_name":"Living Wall","player_choice":"Grow","floor":6,"damage_taken":0},{"event_name":"Golden Wing","player_choice":"Card Removal","floor":7,"damage_taken":0}],"is_beta":false,"boss_relics":[{"not_picked":["Philosopher\u0027s Stone","Velvet Choker"],"picked":"Nuclear Battery"}],"items_purged_floors":[4,19],"is_endless":false,"potions_floor_spawned":[1,2,13,14,16,18,20,23],"killed_by":"Book of Stabbing","ascension_level":8}