{"gold_per_floor":[110,121,121,121,140,169,186,215,287,306,321,339,352,380,380,480,480,496,508,256,286,286,321,321,353,380,398,408,159,159,176,176,272,272,288,288,301,301,301,332,332,348,348,364,377,452,28,39,39,39],"floor_reached":51,"playtime":3858,"items_purged":[],"score":793,"play_id":"62ff17c5-2b87-424f-abc2-ac0035b60931","local_time":"20180729015327","is_ascension_mode":false,"campfire_choices":[{"data":"Fire Breathing","floor":15,"key":"SMITH"},{"floor":24,"key":"REST"},{"floor":30,"key":"REST"},{"floor":32,"key":"REST"},{"floor":41,"key":"REST"},{"data":"Flex","floor":49,"key":"SMITH"}],"neow_cost":"NONE","seed_source_timestamp":298032479083226,"circlet_count":0,"master_deck":["Strike_R","Strike_R","Strike_R","Strike_R","Strike_R","Defend_R","Defend_R","Defend_R","Bash","Flex","Headbutt","Perfected Strike","Flex+1","True Grit","Clothesline","Feed","Pommel Strike","Fire Breathing+1","Reaper","Double Tap","Perfected Strike","Rupture+1","Spot Weakness","Inflame+1","Cleave+1","Perfected Strike+1","Perfected Strike+1","Intimidate","Uppercut+1","Impervious","Inflame+1","Dropkick+1","Whirlwind+1","Spot Weakness+1","Shrug It Off","Panache+1","Dramatic Entrance+1","Iron Wave+1"],"relics":["Burning Blood","Bag of Marbles","Dodecahedron","Ice Cream","Matryoshka","Boot","Lizard Tail","Frozen Egg 2","Red Mask","Nilry\u0027s Codex","Molten Egg 2","Thread and Needle","Dream Catcher","Happy Flower","Mummified Hand","Eternal Feather","Letter Opener","Bottled Lightning","Singing Bowl","Anchor"],"potions_floor_usage":[8,14,16,21,23,23,25,25,40,44,48,50],"damage_taken":[{"damage":6,"enemies":"Cultist","floor":1,"turns":3},{"damage":8,"enemies":"Jaw Worm","floor":2,"turns":3},{"damage":0,"enemies":"Small Slimes","floor":5,"turns":2},{"damage":16,"enemies":"Gremlin Nob","floor":6,"turns":3},{"damage":10,"enemies":"Looter","floor":7,"turns":2},{"damage":13,"enemies":"3 Sentries","floor":8,"turns":6},{"damage":11,"enemies":"Exordium Wildlife","floor":10,"turns":2},{"damage":0,"enemies":"2 Fungi Beasts","floor":11,"turns":2},{"damage":7,"enemies":"Blue Slaver","floor":12,"turns":2},{"damage":0,"enemies":"Large Slime","floor":13,"turns":4},{"damage":0,"enemies":"Gremlin Nob","floor":14,"turns":2},{"damage":76,"enemies":"Hexaghost","floor":16,"turns":10},{"damage":5,"enemies":"Chosen","floor":18,"turns":4},{"damage":5,"enemies":"Spheric Guardian","floor":19,"turns":3},{"damage":16,"floor":21,"turns":3},{"damage":73,"enemies":"Gremlin Leader","floor":23,"turns":7},{"damage":61,"enemies":"Slavers","floor":25,"turns":6},{"damage":11,"enemies":"Snake Plant","floor":27,"turns":4},{"damage":13,"enemies":"3 Cultists","floor":28,"turns":4},{"damage":0,"enemies":"Snecko","floor":31,"turns":1},{"damage":60,"enemies":"Champ","floor":33,"turns":7},{"damage":2,"enemies":"Orb Walker","floor":35,"turns":2},{"damage":20,"enemies":"3 Darklings","floor":37,"turns":4},{"damage":65,"enemies":"Giant Head","floor":40,"turns":8},{"damage":12,"enemies":"Spire Growth","floor":42,"turns":3},{"damage":1,"enemies":"Flame Bruiser 2 Orb","floor":44,"turns":5},{"damage":12,"enemies":"4 Shapes","floor":45,"turns":4},{"damage":0,"enemies":"Transient","floor":48,"turns":5},{"damage":70,"enemies":"Donu and Deca","floor":50,"turns":7}],"seed_played":"-6208032546007408223","potions_obtained":[{"floor":7,"key":"Dexterity Potion"},{"floor":11,"key":"SkillPotion"},{"floor":12,"key":"Fire Potion"},{"floor":13,"key":"Weak Potion"},{"floor":14,"key":"Energy Potion"},{"floor":16,"key":"Fire Potion"},{"floor":21,"key":"FairyPotion"},{"floor":23,"key":"EntropicBrew"},{"floor":31,"key":"BloodPotion"},{"floor":33,"key":"Fire Potion"},{"floor":37,"key":"Explosive Potion"},{"floor":40,"key":"FearPotion"},{"floor":44,"key":"Block Potion"}],"is_trial":false,"path_per_floor":["M","M","?","?","M","E","M","E","T","M","M","M","M","E","R","B",null,"M","M","$","?","?","E","R","E","T","M","M","$","R","M","R","B",null,"M","?","M","?","?","E","R","M","T","M","M","?","$","M","R","B"],"character_chosen":"IRONCLAD","items_purchased":["Frozen Egg 2","Mummified Hand","Anchor","Panache+1","Dramatic Entrance+1"],"campfire_rested":4,"item_purchase_floors":[20,29,47,47,47],"current_hp_per_floor":[80,78,78,78,80,70,66,59,59,54,60,59,68,74,74,10,83,83,83,83,82,66,15,40,14,14,9,30,30,56,62,88,37,92,95,95,81,81,95,45,91,89,89,95,91,82,82,94,97,33],"gold":39,"neow_bonus":"RANDOM_COMMON_RELIC","is_prod":false,"is_daily":false,"chose_seed":false,"campfire_upgraded":2,"win_rate":0,"timestamp":1532822007,"path_taken":["M","M","?","?","M","E","M","E","T","M","M","M","M","E","R","BOSS","M","M","$","?","?","E","R","E","T","M","M","$","R","M","R","BOSS","M","?","M","?","?","E","R","M","T","M","?","?","$","M","R","BOSS"],"build_version":"2018-07-26","purchased_purges":0,"victory":true,"max_hp_per_floor":[80,80,80,80,80,80,80,80,80,80,80,80,83,83,83,83,83,83,83,83,86,86,86,86,89,89,89,89,89,89,89,89,92,92,95,95,95,95,95,95,95,95,95,95,97,97,97,97,97,97],"card_choices":[{"not_picked":["Twin Strike","Iron Wave"],"picked":"Perfected Strike","floor":1},{"not_picked":["Anger","Pommel Strike"],"picked":"Flex","floor":2},{"not_picked":["Sever Soul","Reckless Charge"],"picked":"Headbutt","floor":5},{"not_picked":["Iron Wave","Berserk"],"picked":"Perfected Strike","floor":6},{"not_picked":["Headbutt","Dual Wield"],"picked":"Flex","floor":7},{"not_picked":["Disarm","Power Through"],"picked":"True Grit","floor":8},{"not_picked":["Iron Wave","Clash"],"picked":"Clothesline","floor":10},{"not_picked":["Clothesline","Sever Soul"],"picked":"Feed","floor":11},{"not_picked":["Headbutt","Havoc"],"picked":"Pommel Strike","floor":12},{"not_picked":["Inflame","Wild Strike"],"picked":"Fire Breathing","floor":13},{"not_picked":["Iron Wave","Rage"],"picked":"Reaper","floor":14},{"not_picked":["Offering","Feed"],"picked":"Double Tap","floor":16},{"not_picked":["Twin Strike","Seeing Red"],"picked":"Evolve+1","floor":18},{"not_picked":["Headbutt+1","Havoc"],"picked":"Perfected Strike","floor":19},{"not_picked":["Clash","Headbutt"],"picked":"Rupture+1","floor":21},{"not_picked":["Battle Trance+1","Carnage"],"picked":"Spot Weakness","floor":23},{"not_picked":["Iron Wave+1","Second Wind"],"picked":"Inflame+1","floor":25},{"not_picked":["Battle Trance+1","Twin Strike+1"],"picked":"Cleave+1","floor":27},{"not_picked":["Pommel Strike+1","Burning Pact"],"picked":"Perfected Strike+1","floor":28},{"not_picked":["Wild Strike+1","Dropkick+1"],"picked":"Perfected Strike+1","floor":30},{"not_picked":["Seeing Red","Infernal Blade"],"picked":"Intimidate","floor":31},{"not_picked":["Second Wind","Perfected Strike+1"],"picked":"Uppercut+1","floor":32},{"not_picked":["Berserk+1","Demon Form+1"],"picked":"Impervious","floor":33},{"not_picked":["Headbutt+1","Fire Breathing+1"],"picked":"Inflame+1","floor":35},{"not_picked":["Shrug It Off","Headbutt+1"],"picked":"Dropkick+1","floor":37},{"not_picked":["Reaper+1","Metallicize+1"],"picked":"Whirlwind+1","floor":40},{"not_picked":["Havoc+1","Armaments"],"picked":"Spot Weakness+1","floor":41},{"not_picked":["Feel No Pain+1","Intimidate","Body Slam+1"],"picked":"SKIP","floor":42},{"not_picked":["Twin Strike+1","Wild Strike+1"],"picked":"Shrug It Off","floor":44},{"not_picked":["Shrug It Off+1","Clothesline+1","Pommel Strike+1"],"picked":"Singing Bowl","floor":45},{"not_picked":["Anger+1","Shrug It Off"],"picked":"Iron Wave+1","floor":48}],"player_experience":114481,"relics_obtained":[{"floor":6,"key":"Dodecahedron"},{"floor":8,"key":"Ice Cream"},{"floor":9,"key":"Matryoshka"},{"floor":14,"key":"Boot"},{"floor":21,"key":"Red Mask"},{"floor":22,"key":"Nilry\u0027s Codex"},{"floor":23,"key":"Molten Egg 2"},{"floor":25,"key":"Thread and Needle"},{"floor":26,"key":"Dream Catcher"},{"floor":26,"key":"Happy Flower"},{"floor":40,"key":"Letter Opener"},{"floor":43,"key":"Bottled Lightning"},{"floor":43,"key":"Singing Bowl"}],"event_choices":[{"event_name":"Golden Wing","player_choice":"Ignored","floor":3,"damage_taken":0},{"event_name":"Purifier","player_choice":"One Purge","floor":4,"damage_taken":0},{"event_name":"Masked Bandits","player_choice":"Fought over 256 gold","floor":21,"damage_taken":0},{"event_name":"Cursed Tome","player_choice":"Obtained Book","floor":22,"damage_taken":0},{"event_name":"Wheel of Change","player_choice":"Card Removal","floor":36,"damage_taken":0},{"event_name":"Transmorgrifier","player_choice":"Transform","floor":38,"damage_taken":0},{"event_name":"Bonfire Elementals","player_choice":"UNCOMMON","floor":39,"damage_taken":0},{"event_name":"FaceTrader","player_choice":"Touch","floor":46,"damage_taken":0}],"is_beta":false,"boss_relics":[{"not_picked":["Snecko Eye","Ectoplasm"],"picked":"Lizard Tail"},{"not_picked":["Empty Cage","Runic Cube"],"picked":"Eternal Feather"}],"items_purged_floors":[],"is_endless":false,"potions_floor_spawned":[7,11,12,13,14,16,21,23,31,33,37,40,44],"ascension_level":0}