{"gold_per_floor":[110,110,124,139,89,89,118,140,215,233,233,250,250,293,305,414,426,456,487,499,156,156,156,191,191,267,292,303,323,323,35,35,139,139,154,168,183,200,218,243,243,253,253,253,253,273,26,42,42,42],"floor_reached":51,"playtime":3895,"items_purged":[],"score":954,"play_id":"b893c562-8353-4960-bffb-7349ddb7011c","local_time":"20190118171121","is_ascension_mode":true,"campfire_choices":[{"data":"Shrug It Off","floor":6,"key":"SMITH"},{"floor":11,"key":"REST"},{"floor":15,"key":"REST"},{"floor":23,"key":"REST"},{"data":"Armaments","floor":25,"key":"SMITH"},{"floor":30,"key":"REST"},{"data":"Body Slam","floor":32,"key":"SMITH"},{"data":"Demon Form","floor":41,"key":"SMITH"},{"data":"Heavy Blade","floor":44,"key":"SMITH"},{"data":"Double Tap","floor":49,"key":"SMITH"}],"neow_cost":"NONE","seed_source_timestamp":750420152726973,"circlet_count":0,"master_deck":["Strike_R","Strike_R","Strike_R","Strike_R","Defend_R","Defend_R","Defend_R","Defend_R","Bash","Shrug It Off+1","Heavy Blade+1","Clothesline","Demon Form+1","Disarm","Ghostly Armor","Flex","Armaments+1","Double Tap+1","Sword Boomerang","True Grit+1","Necronomicurse","Battle Trance","Body Slam+1","Uppercut+1","Heavy Blade+1","Bludgeon","Inflame+1","Power Through+1","Shrug It Off","Metallicize+1","Fire Breathing+1","Pummel+1"],"relics":["Burning Blood","NeowsBlessing","Ancient Tea Set","Odd Mushroom","Matryoshka","MawBank","Gambling Chip","Cursed Key","Necronomicon","Nunchaku","Happy Flower","Omamori","Pear","Bottled Lightning","Sundial","Empty Cage","Darkstone Periapt","Centennial Puzzle","Question Card","Bronze Scales"],"potions_floor_usage":[7,8,14,14,27,33,37,40,45,46,48,50,50],"damage_taken":[{"damage":0,"enemies":"Jaw Worm","floor":1,"turns":1},{"damage":0,"enemies":"Small Slimes","floor":3,"turns":1},{"damage":0,"enemies":"2 Louse","floor":4,"turns":1},{"damage":37,"enemies":"Lagavulin","floor":7,"turns":8},{"damage":30,"enemies":"The Mushroom Lair","floor":8,"turns":7},{"damage":12,"enemies":"Large Slime","floor":10,"turns":7},{"damage":0,"enemies":"2 Fungi Beasts","floor":12,"turns":4},{"damage":5,"enemies":"3 Sentries","floor":14,"turns":6},{"damage":32,"enemies":"The Guardian","floor":16,"turns":9},{"damage":6,"enemies":"Shell Parasite","floor":18,"turns":4},{"damage":6,"enemies":"3 Byrds","floor":19,"turns":5},{"damage":7,"enemies":"Book of Stabbing","floor":24,"turns":5},{"damage":54,"enemies":"Gremlin Leader","floor":27,"turns":7},{"damage":0,"enemies":"Snake Plant","floor":28,"turns":3},{"damage":0,"enemies":"Snecko","floor":29,"turns":4},{"damage":14,"enemies":"Collector","floor":33,"turns":7},{"damage":7,"enemies":"3 Shapes","floor":35,"turns":4},{"damage":0,"enemies":"Orb Walker","floor":36,"turns":3},{"damage":29,"enemies":"3 Darklings","floor":37,"turns":5},{"damage":0,"enemies":"Transient","floor":38,"turns":5},{"damage":0,"enemies":"Spire Growth","floor":39,"turns":2},{"damage":5,"enemies":"Giant Head","floor":40,"turns":6},{"damage":7,"enemies":"4 Shapes","floor":42,"turns":8},{"damage":0,"enemies":"Reptomancer","floor":45,"turns":2},{"damage":9,"enemies":"3 Darklings","floor":46,"turns":5},{"damage":6,"enemies":"Writhing Mass","floor":48,"turns":6},{"damage":30,"enemies":"Donu and Deca","floor":50,"turns":5}],"seed_played":"943305637752161028","potions_obtained":[{"floor":7,"key":"EssenceOfSteel"},{"floor":10,"key":"Energy Potion"},{"floor":12,"key":"Energy Potion"},{"floor":18,"key":"SmokeBomb"},{"floor":29,"key":"Swift Potion"},{"floor":33,"key":"LiquidBronze"},{"floor":36,"key":"FearPotion"},{"floor":38,"key":"Energy Potion"},{"floor":42,"key":"Swift Potion"}],"is_trial":false,"path_per_floor":["M","?","M","M","$","R","E","?","T","M","R","M","?","E","R","B",null,"M","M","?","$","?","R","E","R","T","E","M","M","R","$","R","B",null,"M","M","M","M","M","E","R","M","T","R","E","M","$","M","R","B",null],"character_chosen":"IRONCLAD","items_purchased":["FearPotion","Nunchaku","Block Potion","Sundial","Dexterity Potion","Bronze Scales","Block Potion","Block Potion"],"campfire_rested":4,"item_purchase_floors":[5,21,21,31,31,47,47,47],"current_hp_per_floor":[78,78,80,80,80,80,49,25,25,19,43,49,37,38,62,36,69,69,69,53,53,53,77,76,76,86,38,44,50,77,77,77,69,85,84,90,67,73,79,80,80,79,79,79,85,82,82,82,82,58],"gold":42,"neow_bonus":"THREE_ENEMY_KILL","is_prod":false,"is_daily":false,"chose_seed":false,"campfire_upgraded":6,"win_rate":0,"timestamp":1547827881,"path_taken":["M","?","M","M","$","R","E","?","T","M","R","M","?","E","R","BOSS","M","M","?","$","?","R","E","R","T","E","M","M","R","$","R","BOSS","M","?","M","M","M","E","R","M","T","R","E","M","$","M","R","BOSS"],"build_version":"2019-01-17v2","purchased_purges":0,"victory":true,"max_hp_per_floor":[80,80,80,80,80,80,80,80,80,80,80,80,80,80,80,80,80,80,80,80,80,80,80,80,80,90,90,90,90,90,90,90,90,90,90,90,90,90,90,90,90,90,90,90,90,90,90,90,90,90],"card_choices":[{"not_picked":["Clash","Thunderclap"],"picked":"Shrug It Off","floor":1},{"not_picked":["Sword Boomerang","Wild Strike"],"picked":"Heavy Blade","floor":3},{"not_picked":["Rampage","Twin Strike"],"picked":"Clothesline","floor":4},{"not_picked":["Bludgeon","Flex"],"picked":"Demon Form","floor":7},{"not_picked":["Anger","Iron Wave"],"picked":"Disarm","floor":8},{"not_picked":["Flex","Pommel Strike"],"picked":"Ghostly Armor","floor":10},{"not_picked":["Twin Strike","Dual Wield"],"picked":"Flex","floor":12},{"not_picked":["Burning Pact","Feel No Pain"],"picked":"Armaments","floor":14},{"not_picked":["Berserk","Brutality"],"picked":"Double Tap","floor":16},{"not_picked":["Perfected Strike","Entrench"],"picked":"Sword Boomerang","floor":18},{"not_picked":["Flex","Armaments"],"picked":"True Grit","floor":19},{"not_picked":["Fiend Fire","Dual Wield"],"picked":"Battle Trance","floor":24},{"not_picked":["Wild Strike","Body Slam","Sever Soul"],"picked":"SKIP","floor":27},{"not_picked":["Wild Strike","Sever Soul"],"picked":"Body Slam","floor":27},{"not_picked":["Blood for Blood","Intimidate+1"],"picked":"Uppercut+1","floor":28},{"not_picked":["Headbutt+1","Warcry"],"picked":"Heavy Blade+1","floor":29},{"not_picked":["Juggernaut","Immolate"],"picked":"Bludgeon","floor":33},{"not_picked":["Clothesline+1","Warcry+1"],"picked":"Inflame+1","floor":35},{"not_picked":["Perfected Strike+1","Sword Boomerang"],"picked":"Power Through+1","floor":36},{"not_picked":["Twin Strike","Blood for Blood"],"picked":"Shrug It Off","floor":37},{"not_picked":["Headbutt","Anger","Havoc+1"],"picked":"SKIP","floor":38},{"not_picked":["Second Wind","Dual Wield"],"picked":"Metallicize+1","floor":39},{"not_picked":["Anger+1","Thunderclap"],"picked":"Fire Breathing+1","floor":40},{"not_picked":["Cleave+1","Body Slam","Second Wind+1"],"picked":"SKIP","floor":42},{"not_picked":["Armaments+1","Sword Boomerang+1","Iron Wave+1"],"picked":"Pummel+1","floor":46},{"not_picked":["Headbutt","Clothesline+1","Dropkick","Dark Embrace"],"picked":"SKIP","floor":48}],"player_experience":321714,"relics_obtained":[{"floor":7,"key":"Ancient Tea Set"},{"floor":8,"key":"Odd Mushroom"},{"floor":9,"key":"Matryoshka"},{"floor":14,"key":"Gambling Chip"},{"floor":20,"key":"Necronomicon"},{"floor":24,"key":"Happy Flower"},{"floor":26,"key":"Omamori"},{"floor":26,"key":"Pear"},{"floor":27,"key":"Bottled Lightning"},{"floor":40,"key":"Darkstone Periapt"},{"floor":43,"key":"Centennial Puzzle"},{"floor":43,"key":"Question Card"}],"event_choices":[{"damage_healed":0,"gold_gain":0,"player_choice":"Leave","damage_taken":0,"max_hp_gain":0,"max_hp_loss":0,"event_name":"The Cleric","floor":2,"gold_loss":0},{"damage_healed":0,"gold_gain":0,"player_choice":"Fought Mushrooms","damage_taken":0,"max_hp_gain":0,"max_hp_loss":0,"event_name":"Mushrooms","floor":8,"gold_loss":0},{"damage_healed":0,"gold_gain":0,"player_choice":"Success","damage_taken":12,"relics_obtained":["MawBank"],"max_hp_gain":0,"max_hp_loss":0,"event_name":"Scrap Ooze","floor":13,"gold_loss":0},{"damage_healed":0,"gold_gain":0,"player_choice":"Obtained Book","damage_taken":16,"max_hp_gain":0,"max_hp_loss":0,"event_name":"Cursed Tome","floor":20,"gold_loss":0},{"damage_healed":0,"gold_gain":0,"player_choice":"Forge","damage_taken":0,"max_hp_gain":0,"max_hp_loss":0,"event_name":"Accursed Blacksmith","floor":22,"gold_loss":0,"cards_upgraded":["True Grit"]}],"is_beta":false,"boss_relics":[{"not_picked":["Busted Crown","Lizard Tail"],"picked":"Cursed Key"},{"not_picked":["Runic Cube","Astrolabe"],"picked":"Empty Cage"}],"items_purged_floors":[],"is_endless":false,"potions_floor_spawned":[7,10,12,18,29,33,36,38,39,42],"ascension_level":6}