{"gold_per_floor":[10,10,22,22,32,32,60,33,101,119,131,166,166,180,180,180],"floor_reached":16,"playtime":753,"items_purged":[],"score":168,"play_id":"661a2e0a-77f0-4144-bbf3-a222b931534a","local_time":"20190409234739","is_ascension_mode":true,"campfire_choices":[{"data":"Reflex","floor":6,"key":"SMITH"},{"floor":13,"key":"REST"},{"data":"Tactician","floor":15,"key":"SMITH"}],"neow_cost":"NO_GOLD","seed_source_timestamp":2386732114544313,"circlet_count":0,"master_deck":["AscendersBane","Defend_G","Defend_G","Defend_G","Defend_G","Defend_G","Strike_G","Strike_G","Strike_G","Strike_G","Strike_G","Survivor","Neutralize","Sucker Punch","Flechettes","Neutralize","Reflex+1","Concentrate","After Image","Dagger Spray","Underhanded Strike","PiercingWail","Tactician+1","Masterful Stab"],"relics":["Ring of the Snake","Gambling Chip","Lantern","Bottled Tornado","Nunchaku"],"potions_floor_usage":[7,11,16,16],"damage_taken":[{"damage":2,"enemies":"Small Slimes","floor":1,"turns":4},{"damage":0,"enemies":"Cultist","floor":3,"turns":4},{"damage":1,"enemies":"Jaw Worm","floor":5,"turns":4},{"damage":37,"enemies":"Lagavulin","floor":7,"turns":10},{"damage":4,"enemies":"Looter","floor":10,"turns":4},{"damage":0,"enemies":"Gremlin Gang","floor":11,"turns":1},{"damage":6,"enemies":"3 Sentries","floor":12,"turns":9},{"damage":0,"enemies":"Blue Slaver","floor":14,"turns":3},{"damage":30,"enemies":"Hexaghost","floor":16,"turns":9}],"seed_played":"-8247438395103403601","potions_obtained":[{"floor":3,"key":"Strength Potion"},{"floor":10,"key":"Explosive Potion"},{"floor":11,"key":"AttackPotion"},{"floor":12,"key":"SpeedPotion"}],"is_trial":false,"path_per_floor":["M","?","M","$","M","R","E","$","T","M","M","E","R","M","R","B"],"character_chosen":"THE_SILENT","items_purchased":["Dagger Spray"],"campfire_rested":1,"item_purchase_floors":[8],"current_hp_per_floor":[61,61,61,61,60,60,23,23,23,19,19,13,34,34,34,4],"gold":180,"neow_bonus":"ONE_RARE_RELIC","is_prod":false,"is_daily":false,"chose_seed":false,"campfire_upgraded":2,"win_rate":0,"timestamp":1554878859,"path_taken":["M","?","?","$","M","R","E","?","T","M","M","E","R","?","R","BOSS"],"build_version":"2019-01-23","purchased_purges":0,"victory":false,"max_hp_per_floor":[70,70,70,70,70,70,70,70,70,70,70,70,70,70,70,70],"card_choices":[{"not_picked":["Flying Knee","Acrobatics"],"picked":"Sucker Punch","floor":1},{"not_picked":["Dagger Spray","Finisher"],"picked":"Reflex","floor":3},{"not_picked":["Deadly Poison","Caltrops"],"picked":"Concentrate","floor":5},{"not_picked":["Choke","Grand Finale"],"picked":"After Image","floor":7},{"not_picked":["Dagger Throw","Masterful Stab"],"picked":"Underhanded Strike","floor":10},{"not_picked":["Reflex","Poisoned Stab"],"picked":"PiercingWail","floor":11},{"not_picked":["Underhanded Strike","Escape Plan"],"picked":"Tactician","floor":12},{"not_picked":["Finisher","Bane"],"picked":"Masterful Stab","floor":14}],"player_experience":537307,"relics_obtained":[{"floor":7,"key":"Lantern"},{"floor":9,"key":"Bottled Tornado"},{"floor":12,"key":"Nunchaku"}],"event_choices":[{"damage_healed":0,"gold_gain":0,"player_choice":"2 cards matched","damage_taken":0,"max_hp_gain":0,"max_hp_loss":0,"event_name":"Match and Keep!","floor":2,"gold_loss":0,"cards_obtained":["Flechettes","Neutralize"]}],"is_beta":false,"boss_relics":[],"items_purged_floors":[],"is_endless":false,"potions_floor_spawned":[3,10,11,12],"killed_by":"Hexaghost","ascension_level":10}