{"gold_per_floor":[110,285,285,285,303,364,314,5,32,32,66,87,87,103,103,222,222,243,261,18,42,42,42,42,57,57,82,82,82],"floor_reached":29,"playtime":1309,"items_purged":[],"score":293,"play_id":"3fce66d8-4e15-4b75-b209-65047049ce91","local_time":"20190318163019","is_ascension_mode":true,"campfire_choices":[{"data":"Neutralize","floor":10,"key":"SMITH"},{"floor":15,"key":"REST"},{"data":"Envenom","floor":23,"key":"SMITH"}],"neow_cost":"NONE","seed_source_timestamp":459158493221882,"circlet_count":0,"master_deck":["Defend_G","Defend_G","Defend_G","Defend_G","Defend_G","Strike_G","Strike_G","Strike_G","Strike_G","Survivor","Neutralize+1","Deadly Poison","Terror","Dagger Throw","Calculated Gamble","Poisoned Stab","Deflect","Corpse Explosion","Eviscerate+1","Underhanded Strike","Envenom+1","Predator","Heel Hook","Writhe"],"relics":["Ring of the Snake","NeowsBlessing","Golden Idol","Tiny Chest","Incense Burner","Blood Vial","Odd Mushroom","The Courier","HoveringKite","Bronze Scales","Oddly Smooth Stone","Sundial","Bag of Preparation"],"potions_floor_usage":[16,16,24,24],"damage_taken":[{"damage":0,"enemies":"2 Louse","floor":1,"turns":1},{"damage":0,"enemies":"Jaw Worm","floor":5,"turns":1},{"damage":0,"enemies":"3 Sentries","floor":6,"turns":2},{"damage":28,"enemies":"The Mushroom Lair","floor":11,"turns":5},{"damage":1,"enemies":"Small Slimes","floor":12,"turns":4},{"damage":7,"enemies":"2 Fungi Beasts","floor":14,"turns":3},{"damage":29,"enemies":"Hexaghost","floor":16,"turns":10},{"damage":9,"enemies":"3 Byrds","floor":18,"turns":4},{"damage":7,"enemies":"Chosen","floor":19,"turns":4},{"damage":31,"enemies":"Gremlin Leader","floor":24,"turns":5},{"damage":17,"enemies":"Snecko","floor":25,"turns":4},{"damage":12,"enemies":"Chosen and Byrds","floor":27,"turns":3},{"damage":10,"enemies":"Snake Plant","floor":29,"turns":2}],"seed_played":"-5862894207313904656","potions_obtained":[{"floor":1,"key":"Swift Potion"},{"floor":6,"key":"SmokeBomb"},{"floor":14,"key":"Fruit Juice"},{"floor":19,"key":"Poison Potion"}],"is_trial":false,"path_per_floor":["M","?","?","?","M","E","?","$","T","R","?","M","T","M","R","B",null,"M","M","$","T","?","R","E","M","T","M","?","M"],"character_chosen":"THE_SILENT","items_purchased":["Incense Burner","Envenom","Bronze Scales"],"campfire_rested":1,"item_purchase_floors":[8,20,20],"current_hp_per_floor":[70,70,70,70,70,70,70,70,70,70,42,43,43,38,59,37,75,66,61,61,61,61,61,32,17,17,7,7,0],"gold":82,"neow_bonus":"THREE_ENEMY_KILL","is_prod":false,"is_daily":false,"chose_seed":false,"campfire_upgraded":2,"win_rate":0,"timestamp":1552951819,"path_taken":["M","?","?","?","M","E","?","$","T","R","?","M","?","?","R","BOSS","M","M","$","?","?","R","E","?","T","M","?","M"],"build_version":"2019-01-23","purchased_purges":0,"victory":false,"max_hp_per_floor":[70,70,70,70,70,70,70,70,70,70,70,70,70,70,70,75,75,75,75,75,75,75,75,75,75,75,75,75,75],"card_choices":[{"not_picked":["Dodge and Roll","Dagger Throw"],"picked":"Deadly Poison","floor":1},{"not_picked":["Prepared","Escape Plan"],"picked":"Terror","floor":5},{"not_picked":["Prepared","Calculated Gamble"],"picked":"Dagger Throw","floor":6},{"not_picked":["PiercingWail","Sucker Punch"],"picked":"Calculated Gamble","floor":11},{"not_picked":["Infinite Blades","Well Laid Plans"],"picked":"Poisoned Stab","floor":12},{"not_picked":["Prepared","Underhanded Strike"],"picked":"Deflect","floor":14},{"not_picked":["Malaise","A Thousand Cuts"],"picked":"Corpse Explosion","floor":16},{"not_picked":["Calculated Gamble+1","Predator"],"picked":"Eviscerate+1","floor":18},{"not_picked":["Backflip","Deflect+1"],"picked":"Underhanded Strike","floor":19},{"not_picked":["Flying Knee","Finisher"],"picked":"Predator","floor":25},{"not_picked":["PiercingWail","Blade Dance"],"picked":"Heel Hook","floor":27}],"player_experience":289924,"relics_obtained":[{"floor":6,"key":"Tiny Chest"},{"floor":9,"key":"Blood Vial"},{"floor":11,"key":"Odd Mushroom"},{"floor":13,"key":"The Courier"},{"floor":21,"key":"Oddly Smooth Stone"},{"floor":26,"key":"Sundial"}],"event_choices":[{"damage_healed":0,"gold_gain":175,"player_choice":"AGREE","damage_taken":0,"max_hp_gain":0,"max_hp_loss":0,"event_name":"Liars Game","floor":2,"gold_loss":0,"cards_obtained":["Doubt"]},{"damage_healed":0,"gold_gain":0,"player_choice":"Take Wound","damage_taken":0,"relics_obtained":["Golden Idol"],"max_hp_gain":0,"max_hp_loss":0,"event_name":"Golden Idol","floor":3,"gold_loss":0,"cards_obtained":["Injury"]},{"cards_removed":["Doubt"],"damage_healed":0,"gold_gain":0,"player_choice":"Forget","damage_taken":0,"max_hp_gain":0,"max_hp_loss":0,"event_name":"Living Wall","floor":4,"gold_loss":0},{"cards_removed":["Injury"],"damage_healed":0,"gold_gain":0,"player_choice":"Card Removal","damage_taken":0,"max_hp_gain":0,"max_hp_loss":0,"event_name":"The Cleric","floor":7,"gold_loss":50},{"damage_healed":0,"gold_gain":0,"player_choice":"Fought Mushrooms","damage_taken":0,"max_hp_gain":0,"max_hp_loss":0,"event_name":"Mushrooms","floor":11,"gold_loss":0},{"cards_removed":["Strike_G"],"damage_healed":0,"gold_gain":0,"player_choice":"Purged","damage_taken":0,"max_hp_gain":0,"max_hp_loss":0,"event_name":"Purifier","floor":22,"gold_loss":0},{"damage_healed":0,"gold_gain":0,"player_choice":"Opened","damage_taken":0,"relics_obtained":["Bag of Preparation"],"max_hp_gain":0,"max_hp_loss":0,"event_name":"The Mausoleum","floor":28,"gold_loss":0,"cards_obtained":["Writhe"]}],"is_beta":false,"boss_relics":[{"not_picked":["Tiny House","Eternal Feather"],"picked":"HoveringKite"}],"items_purged_floors":[],"is_endless":false,"potions_floor_spawned":[1,6,14,19,24],"killed_by":"Snake Plant","ascension_level":2}