{"gold_per_floor":[118,193,208,208,96,130,130,149,172,190,190,219,219,235,235,333,333,347,360,124,135,135,135,135,148,148,148,166,166,186,196,196,299,299,318,318,21,40,53,78,78,94,94,111,111,128,128,0,0,0],"floor_reached":51,"playtime":4936,"items_purged":["Defend_G"],"score":716,"play_id":"0ee03bd3-f410-4a18-b4ba-d85b57fef80f","local_time":"20181225185658","is_ascension_mode":false,"campfire_choices":[{"data":"Infinite Blades","floor":7.0,"key":"SMITH"},{"data":"Crippling Poison","floor":11.0,"key":"SMITH"},{"floor":13.0,"key":"REST"},{"data":"Sucker Punch","floor":15.0,"key":"SMITH"},{"data":"Noxious Fumes","floor":23.0,"key":"SMITH"},{"floor":27.0,"key":"REST"},{"floor":32.0,"key":"REST"},{"data":"Malaise","floor":41.0,"key":"SMITH"},{"data":"Terror","floor":45,"key":"SMITH"},{"floor":49,"key":"REST"}],"neow_cost":"NONE","seed_source_timestamp":0,"circlet_count":0,"master_deck":["Defend_G","Defend_G","Defend_G","Defend_G","Survivor","Neutralize","Deflect","Dagger Throw","Infinite Blades+1","Terror+1","Backflip","Crippling Poison+1","Sucker Punch+1","Die Die Die","Tactician","PiercingWail+1","Noxious Fumes+1","Sucker Punch+1","Poisoned Stab+1","Backflip","Bite","Bite","Bite","Bite","Dagger Throw","Flying Knee","Malaise+1","Dash+1","Slice","Adrenaline","Deadly Poison+1","Leg Sweep+1","Slice","Blade Dance+1"],"special_seed":0,"relics":["Ring of the Serpent","NeowsBlessing","Strawberry","Vajra","Kunai","Medical Kit","MutagenicStrength","Shuriken","Paper Crane","Sozu","Orichalcum","Lantern","Pantograph","Letter Opener","Red Mask"],"potions_floor_usage":[],"damage_taken":[{"damage":0.0,"enemies":"Jaw Worm","floor":1.0,"turns":1.0},{"damage":0.0,"enemies":"Small Slimes","floor":3.0,"turns":1.0},{"damage":0.0,"enemies":"Lagavulin","floor":6.0,"turns":1.0},{"damage":3.0,"enemies":"2 Louse","floor":8.0,"turns":3.0},{"damage":2.0,"enemies":"Lots of Slimes","floor":10.0,"turns":4.0},{"damage":13.0,"enemies":"Gremlin Nob","floor":12.0,"turns":4.0},{"damage":9.0,"enemies":"Blue Slaver","floor":14.0,"turns":3.0},{"damage":19.0,"enemies":"Hexaghost","floor":16.0,"turns":8.0},{"damage":14.0,"enemies":"2 Thieves","floor":18.0,"turns":4.0},{"damage":0.0,"enemies":"3 Byrds","floor":19.0,"turns":3.0},{"damage":5.0,"enemies":"3 Cultists","floor":21.0,"turns":4.0},{"damage":25.0,"enemies":"Cultist and Chosen","floor":25.0,"turns":5.0},{"damage":4.0,"enemies":"Snecko","floor":28.0,"turns":4.0},{"damage":16.0,"enemies":"Snake Plant","floor":30.0,"turns":5.0},{"damage":20.0,"enemies":"3 Cultists","floor":31.0,"turns":4.0},{"damage":36.0,"enemies":"Automaton","floor":33.0,"turns":7.0},{"damage":19.0,"enemies":"3 Darklings","floor":35.0,"turns":3.0},{"damage":8.0,"enemies":"3 Shapes","floor":38.0,"turns":4.0},{"damage":10.0,"enemies":"Sphere and 2 Shapes","floor":39.0,"turns":4.0},{"damage":0.0,"enemies":"Nemesis","floor":40.0,"turns":7.0},{"damage":14.0,"enemies":"4 Shapes","floor":42.0,"turns":6.0},{"damage":3.0,"enemies":"Maw","floor":44.0,"turns":6.0},{"damage":13,"enemies":"Spire Growth","floor":46,"turns":5},{"damage":30,"enemies":"Awakened One","floor":50,"turns":11}],"seed_played":"1467626196701156461","potions_obtained":[{"floor":1.0,"key":"Dexterity Potion"},{"floor":10.0,"key":"GamblersBrew"},{"floor":14.0,"key":"SmokeBomb"},{"floor":16.0,"key":"GhostInAJar"},{"floor":18.0,"key":"PowerPotion"}],"is_trial":false,"path_per_floor":["M","?","M","?","$","E","R","M","T","M","M","R","E","R","M","R","B",null,"M","M","$","M","?","R","?","M","T","R","M","?","M","M","R","B",null,"M","?","$","M","M","E","R","M","T","M","R","M","?","?","R","B",null],"character_chosen":"THE_SILENT","items_purchased":["Infinite Blades","Noxious Fumes","Medical Kit","Orichalcum","Lantern"],"campfire_rested":4,"item_purchase_floors":[5,20,20,37,37],"current_hp_per_floor":[70,59,59,64,64,71,71,68,68,66,66,53,77,68,68,49,82,68,68,68,63,63,63,63,38,38,62,58,57,47,31,48,20,57,38,43,43,37,33,41,41,31,31,36,36,25,25,25,42,37],"gold":0,"neow_bonus":"THREE_ENEMY_KILL","is_prod":false,"is_daily":false,"chose_seed":false,"campfire_upgraded":6,"win_rate":0.0,"timestamp":1545782218,"path_taken":["M","?","M","?","$","E","R","M","T","M","R","E","R","M","R","BOSS","M","M","$","M","?","R","?","M","T","R","M","?","M","M","R","BOSS","M","?","$","M","?","E","R","M","T","M","R","M","?","?","R","BOSS"],"build_version":"2018-12-20","purchased_purges":1,"victory":true,"max_hp_per_floor":[70,70,70,75,75,82,82,82,82,82,82,82,82,82,82,82,82,82,82,82,82,82,82,82,82,82,82,82,57,57,57,57,57,57,57,57,57,57,57,57,57,57,57,57,57,57,57,57,57,57],"card_choices":[{"not_picked":["Blur","Leg Sweep"],"picked":"Deflect","floor":1.0},{"not_picked":["Backflip","Deflect"],"picked":"Dagger Throw","floor":3.0},{"not_picked":["Blur","Adrenaline"],"picked":"Terror","floor":6.0},{"not_picked":["Acrobatics","Footwork"],"picked":"Backflip","floor":8.0},{"not_picked":["Dagger Throw","Sucker Punch"],"picked":"Crippling Poison","floor":10.0},{"not_picked":["Blade Dance","Tools of the Trade"],"picked":"Flying Knee","floor":12.0},{"not_picked":["Dodge and Roll","Prepared"],"picked":"Sucker Punch","floor":14.0},{"not_picked":["Bullet Time","Venomology"],"picked":"Die Die Die","floor":16.0},{"not_picked":["Quick Slash","Footwork+1"],"picked":"Tactician","floor":18.0},{"not_picked":["Terror","Dagger Throw+1"],"picked":"PiercingWail+1","floor":19.0},{"not_picked":["Prepared","Backflip"],"picked":"Sucker Punch+1","floor":21.0},{"not_picked":["Dodge and Roll","Acrobatics+1"],"picked":"Poisoned Stab+1","floor":25.0},{"not_picked":["Sucker Punch","Night Terror"],"picked":"Backflip","floor":28.0},{"not_picked":["Acrobatics+1","PiercingWail"],"picked":"Dagger Throw","floor":30.0},{"not_picked":["Outmaneuver+1","Escape Plan"],"picked":"Flying Knee","floor":31.0},{"not_picked":["Unload","Glass Knife"],"picked":"Malaise","floor":33.0},{"not_picked":["Flying Knee+1","Deadly Poison+1"],"picked":"Dash+1","floor":35.0},{"not_picked":["All Out Attack+1","Deflect"],"picked":"Slice","floor":38.0},{"not_picked":["Well Laid Plans","All Out Attack"],"picked":"Adrenaline","floor":39.0},{"not_picked":["Deflect+1","Dodge and Roll+1"],"picked":"Deadly Poison+1","floor":40.0},{"not_picked":["Underhanded Strike","Quick Slash"],"picked":"Leg Sweep+1","floor":42.0},{"not_picked":["Dodge and Roll+1","Tactician"],"picked":"Slice","floor":44.0},{"not_picked":["Quick Slash+1","Skewer"],"picked":"Blade Dance+1","floor":46}],"player_experience":6817,"relics_obtained":[{"floor":6.0,"key":"Strawberry"},{"floor":9.0,"key":"Vajra"},{"floor":12.0,"key":"Kunai"},{"floor":26.0,"key":"Paper Crane"},{"floor":40.0,"key":"Pantograph"},{"floor":43.0,"key":"Letter Opener"}],"event_choices":[{"damage_healed":0.0,"max_hp_gain":0.0,"max_hp_loss":0.0,"gold_gain":75.0,"event_name":"World of Goop","player_choice":"Gather Gold","floor":2.0,"gold_loss":0.0,"damage_taken":11.0},{"damage_healed":0.0,"max_hp_gain":5.0,"max_hp_loss":0.0,"gold_gain":0.0,"event_name":"Big Fish","player_choice":"Donut","floor":4.0,"gold_loss":0.0,"damage_taken":0.0},{"damage_healed":0.0,"max_hp_gain":0.0,"max_hp_loss":0.0,"gold_gain":0.0,"event_name":"Drug Dealer","player_choice":"Inject Mutagens","floor":22.0,"gold_loss":0.0,"damage_taken":0.0,"relics_obtained":["MutagenicStrength"]},{"damage_healed":0.0,"max_hp_gain":0.0,"max_hp_loss":0.0,"gold_gain":0.0,"event_name":"The Mausoleum","player_choice":"Opened","floor":24.0,"gold_loss":0.0,"damage_taken":0.0,"relics_obtained":["Shuriken"]},{"damage_healed":0.0,"max_hp_gain":0.0,"max_hp_loss":25.0,"gold_gain":0.0,"event_name":"Vampires","player_choice":"Became a vampire","floor":29.0,"gold_loss":0.0,"damage_taken":0.0,"cards_obtained":["Bite","Bite","Bite","Bite","Bite"]},{"cards_removed":["Bite"],"damage_healed":5.0,"max_hp_gain":0.0,"max_hp_loss":0.0,"gold_gain":0.0,"event_name":"Bonfire Elementals","player_choice":"Offered Special","floor":36.0,"gold_loss":0.0,"damage_taken":0.0},{"cards_removed":["Flying Knee"],"damage_healed":0,"gold_gain":0,"player_choice":"Removed Attack","damage_taken":0,"max_hp_gain":0,"max_hp_loss":0,"event_name":"Falling","floor":47,"gold_loss":0},{"damage_healed":0,"gold_gain":0,"player_choice":"Paid","damage_taken":0,"relics_obtained":["Red Mask"],"max_hp_gain":0,"max_hp_loss":0,"event_name":"Tomb of Lord Red Mask","floor":48,"gold_loss":128}],"is_beta":false,"boss_relics":[{"not_picked":["White Beast Statue","Lizard Tail"],"picked":"Ring of the Serpent"},{"not_picked":["Astrolabe","Coffee Dripper"],"picked":"Sozu"}],"items_purged_floors":[5],"is_endless":false,"potions_floor_spawned":[1,10,14,16,18,21,28,30,35,39,40,44],"ascension_level":0}