{"path_per_floor":["M","M","?","$","M","R","M","R","T","$","M","?","M","M","R","B",null,"M","?","M","M","?","E","R","M","T","E","M","M","M","M","R","B",null,"M","$","M","M","M","R","E","R","T","M","?","?","$","M","R"],"character_chosen":"THE_SILENT","items_purchased":["Medical Kit","Footwork"],"gold_per_floor":[112,123,123,48,67,67,83,83,107,7,19,19,30,42,42,143,143,132,47,57,69,69,96,96,110,135,164,181,194,212,228,228,330,330,340,17,28,46,65,65,98,98,98,114,114,114,43,53,53],"floor_reached":50,"campfire_rested":1,"playtime":9842,"current_hp_per_floor":[70,70,63,63,63,63,58,58,65,65,61,46,46,46,46,29,77,73,73,64,64,64,48,48,48,48,44,44,48,48,48,48,35,87,86,86,74,60,59,59,30,30,30,30,30,30,30,10,36],"items_purged":["Strike_G","Strike_G","Defend_G"],"gold":53,"play_id":"df4c94c0-7696-48b9-bee6-d2e33937d131","is_prod":false,"is_daily":false,"campfire_rituals":0,"campfire_upgraded":7,"is_hardmode":false,"path_taken":["M","M","?","$","M","R","M","R","T","$","M","?","M","M","R","BOSS","M","?","?","M","?","E","R","?","T","E","M","M","M","M","R","BOSS","M","$","M","M","?","R","E","R","T","M","?","?","?","?","R","BOSS"],"build_version":"2018-01-11-PROD2","purchased_purges":3,"victory":false,"master_deck":["Defend_G","Defend_G","Defend_G","Strike_G","Strike_G","Survivor","Neutralize","Wraith Form","PiercingWail","Dagger Throw","Blur","Prepared","Deflect","Poisoned Stab","Adrenaline","Acrobatics","Flechettes","Backflip","Calculated Gamble","Leg Sweep","Blade Dance","Eviscerate","Bouncing Flask","Deflect","Adrenaline","Decay","Regret","Normality","Endless Agony","Deadly Poison","Flechettes","Crippling Poison","Quick Slash","Venomology","Eviscerate","Footwork","Heel Hook"],"max_hp_per_floor":[70,70,70,70,70,70,70,70,77,77,77,77,77,77,77,77,77,77,77,77,77,77,77,77,77,77,77,77,77,77,77,77,77,87,87,87,87,87,87,87,87,87,87,87,87,87,87,87,87],"relics":["Ring of the Snake","Strawberry","Runic Pyramid","Bronze Scales","Happy Flower","Orichalcum","Tough Bandages","Calling Bell","Pear","Prayer Wheel","Ancient Tea Set","Medical Kit","Dodecahedron","Thread and Needle"],"campfire_meditates":0,"card_choices":[{"not_picked":["Backflip","Acrobatics"],"picked":"Wraith Form"},{"not_picked":["Dagger Spray","Slice"],"picked":"PiercingWail"},{"not_picked":["Flechettes","All Out Attack"],"picked":"Dagger Throw"},{"not_picked":["Deflect","Dash"],"picked":"Blur"},{"not_picked":["PiercingWail","Choke"],"picked":"Prepared"},{"not_picked":["Outmaneuver","Sucker Punch"],"picked":"Deflect"},{"not_picked":["Dagger Spray","Terror"],"picked":"Poisoned Stab"},{"not_picked":["Phantasmal Killer","Envenom"],"picked":"Adrenaline"},{"not_picked":["All Out Attack","Endless Agony"],"picked":"Acrobatics"},{"not_picked":["Flying Knee","Prepared"],"picked":"Flechettes"},{"not_picked":["Flying Knee","Distraction"],"picked":"Backflip"},{"not_picked":["Dagger Spray","Crippling Poison"],"picked":"Calculated Gamble"},{"not_picked":["Flying Knee","Endless Agony"],"picked":"Leg Sweep"},{"not_picked":["PiercingWail","Flying Knee"],"picked":"Blade Dance"},{"not_picked":["Well Laid Plans","Distraction"],"picked":"Eviscerate"},{"not_picked":["Endless Agony","Deadly Poison"],"picked":"Bouncing Flask"},{"not_picked":["Finisher","Dodge and Roll"],"picked":"Eviscerate"},{"not_picked":["Slice","Crippling Poison"],"picked":"Deflect"},{"not_picked":["Glass Knife","Burst"],"picked":"Adrenaline"},{"not_picked":["Leg Sweep","Blade Dance"],"picked":"Endless Agony"},{"not_picked":["Blade Dance","Dagger Spray"],"picked":"Deadly Poison"},{"not_picked":["Riddle With Holes","Blade Dance"],"picked":"Flechettes"},{"not_picked":["Deflect","Flying Knee"],"picked":"Crippling Poison"},{"not_picked":["Deflect","Crippling Poison"],"picked":"Quick Slash"},{"not_picked":["Outmaneuver","Blade Dance"],"picked":"Venomology"},{"not_picked":["Infinite Blades","Blade Dance"],"picked":"Eviscerate"},{"not_picked":["Deflect","Slice"],"picked":"Heel Hook"}],"player_experience":55561,"potions_floor_usage":[13,13,21,23,23,29,33,38,41,41,44,48,48,50,50],"damage_taken":[{"damage":0,"enemies":"Jaw Worm","floor":1,"turns":3},{"damage":0,"enemies":"Small Slimes","floor":2,"turns":5},{"damage":0,"enemies":"Blue Slaver","floor":5,"turns":6},{"damage":5,"enemies":"2 Fungi Beasts","floor":7,"turns":4},{"damage":4,"enemies":"Exordium Wildlife","floor":11,"turns":4},{"damage":0,"enemies":"Gremlin Gang","floor":13,"turns":4},{"damage":0,"enemies":"Large Slime","floor":14,"turns":5},{"damage":17,"enemies":"Slime Boss","floor":16,"turns":12},{"damage":4,"enemies":"2 Thieves","floor":18,"turns":5},{"damage":9,"enemies":"3 Byrds","floor":20,"turns":3},{"damage":0,"enemies":"Centurion and Healer","floor":21,"turns":5},{"damage":16,"enemies":"Slavers","floor":23,"turns":5},{"damage":0,"enemies":"Snecko","floor":25,"turns":4},{"damage":4,"enemies":"Book of Stabbing","floor":27,"turns":5},{"damage":0,"enemies":"Sentry and Sphere","floor":28,"turns":4},{"damage":11,"enemies":"Centurion and Healer","floor":29,"turns":8},{"damage":0,"enemies":"Chosen and Byrds","floor":30,"turns":5},{"damage":0,"enemies":"Snecko","floor":31,"turns":5},{"damage":13,"enemies":"Champ","floor":33,"turns":9},{"damage":1,"enemies":"3 Shapes","floor":35,"turns":5},{"damage":12,"enemies":"3 Darklings","floor":37,"turns":5},{"damage":14,"enemies":"Sphere and 2 Shapes","floor":38,"turns":6},{"damage":1,"enemies":"Maw","floor":39,"turns":8},{"damage":29,"enemies":"Giant Head","floor":41,"turns":8},{"damage":0,"enemies":"4 Shapes","floor":44,"turns":5},{"damage":20,"enemies":"3 Darklings","floor":48,"turns":5},{"damage":36,"enemies":"Time Eater","floor":50,"turns":7}],"event_choices":[{"event_name":"Golden Wing","player_choice":"Card Removal","floor":3,"damage_taken":0},{"event_name":"Shining Light","player_choice":"Entered Light","floor":12,"damage_taken":0},{"event_name":"Addict","player_choice":"Obtained Relic","floor":19,"damage_taken":0},{"event_name":"Back to Basics","player_choice":"Elegance","floor":22,"damage_taken":0},{"event_name":"The Woman in Blue","player_choice":"Bought 0 Potions","floor":46,"damage_taken":0}],"boss_relics":[{"not_picked":["Philosopher\u0027s Stone","Snecko Eye"],"picked":"Runic Pyramid"},{"not_picked":["Cursed Key","Runic Dome"],"picked":"Calling Bell"}],"potions_floor_spawned":[2,11,13,16,18,20,21,25,28,33,37,39,41],"seed_played":"5225617312080136687","killed_by":"Time Eater","is_trial":false}