{"gold_per_floor":[115,40,52,52,2,30,30,55,55,90,142,158,158,171,171,275,275,290,290,69,69,69,69,86,100,100,100,113,113,113,113,113,213,213,231,231,181,181,181],"floor_reached":39,"playtime":1425,"items_purged":["Strike_B","Hello World","White Noise"],"score":485,"play_id":"a5818d6b-eb77-455a-b063-30eff55209d1","local_time":"20180701212025","is_ascension_mode":true,"campfire_choices":[{"data":"Gash","floor":13,"key":"SMITH"},{"data":"Zap","floor":15,"key":"SMITH"},{"data":"Dualcast","floor":23,"key":"SMITH"},{"floor":27,"key":"REST"},{"floor":29,"key":"REST"},{"data":"Leap","floor":32,"key":"SMITH"}],"neow_cost":"TEN_PERCENT_HP_LOSS","seed_source_timestamp":24132881754159,"circlet_count":0,"master_deck":["Zap+1","Dualcast+1","Tempest","Creative AI","Electrodynamics","Hologram","Leap+1","Thunder Strike","Recycle+1","Coolheaded+1"],"relics":["Cracked Core","Letter Opener","Vajra","Art of War","Potion Belt","Singing Bowl","Pandora\u0027s Box","Tiny Chest","Smiling Mask","Shuriken","Cables","Astrolabe"],"potions_floor_usage":[6,16,33,33,39],"damage_taken":[{"damage":0,"enemies":"Small Slimes","floor":1,"turns":3},{"damage":3,"enemies":"2 Louse","floor":3,"turns":2},{"damage":35,"enemies":"Lagavulin","floor":6,"turns":5},{"damage":22,"enemies":"3 Sentries","floor":10,"turns":5},{"damage":2,"enemies":"Jaw Worm","floor":12,"turns":3},{"damage":21,"enemies":"Blue Slaver","floor":14,"turns":3},{"damage":35,"enemies":"Hexaghost","floor":16,"turns":8},{"damage":41,"enemies":"2 Thieves","floor":18,"turns":3},{"damage":17,"enemies":"Shell Parasite","floor":24,"turns":4},{"damage":24,"enemies":"Snecko","floor":25,"turns":4},{"damage":23,"enemies":"Centurion and Healer","floor":28,"turns":4},{"damage":34,"enemies":"Champ","floor":33,"turns":8},{"damage":30,"enemies":"Orb Walker","floor":35,"turns":4},{"damage":79,"enemies":"Donu and Deca","floor":39,"turns":4}],"seed_played":"6566719081726459735","potions_obtained":[{"floor":1,"key":"SkillPotion"},{"floor":3,"key":"SkillPotion"},{"floor":16,"key":"FearPotion"},{"floor":24,"key":"GamblersBrew"},{"floor":28,"key":"Explosive Potion"}],"is_trial":false,"path_per_floor":["M","$","M","?","?","E","?","T","T","E","T","M","R","M","R","B",null,"M","?","$","?","?","R","M","M","T","R","M","R","T","?","R","B",null,"M","?","$","?"],"character_chosen":"DEFECT","items_purchased":["Tiny Chest"],"campfire_rested":2,"item_purchase_floors":[20],"current_hp_per_floor":[68,68,65,58,58,23,78,78,78,56,56,56,56,37,37,2,82,50,50,50,50,50,50,35,13,13,39,18,45,45,45,45,11,90,69,69,69,69,0],"gold":181,"neow_bonus":"THREE_RARE_CARDS","is_prod":false,"is_daily":false,"chose_seed":false,"campfire_upgraded":4,"win_rate":0,"timestamp":1530451225,"path_taken":["M","$","M","?","?","E","?","?","T","E","?","M","R","?","R","BOSS","M","?","$","?","?","R","?","M","T","R","M","R","?","?","R","BOSS","M","?","$","?","BOSS"],"build_version":"2018-06-28","purchased_purges":3,"victory":false,"max_hp_per_floor":[68,68,68,68,68,68,78,78,78,78,78,80,80,82,82,82,82,84,84,84,84,84,84,86,88,88,88,90,90,90,90,90,90,90,92,92,92,92,92],"card_choices":[{"not_picked":["Biased Cognition","Buffer"],"picked":"Reboot","floor":0},{"not_picked":["Redo","Genetic Algorithm"],"picked":"White Noise","floor":1},{"not_picked":["Sweeping Beam","Steam"],"picked":"Tempest","floor":3},{"not_picked":["Reinforced Body","Streamline"],"picked":"Gash","floor":6},{"not_picked":["Hologram","Multi-Cast"],"picked":"Creative AI","floor":10},{"not_picked":["Hologram","Barrage","Auto Shields"],"picked":"Singing Bowl","floor":12},{"not_picked":["Genetic Algorithm","Consume","Compile Driver"],"picked":"Singing Bowl","floor":14},{"not_picked":["Reboot","Biased Cognition"],"picked":"Electrodynamics","floor":16},{"not_picked":["Barrage","Stack","Blizzard+1"],"picked":"Singing Bowl","floor":18},{"not_picked":["Steam Power","Sweeping Beam","Turbo"],"picked":"Singing Bowl","floor":24},{"not_picked":["Barrage","Blizzard","Turbo+1"],"picked":"Singing Bowl","floor":25},{"not_picked":["Tempest","Doom and Gloom","Turbo"],"picked":"Singing Bowl","floor":28},{"not_picked":["Rainbow","Fission"],"picked":"Thunder Strike","floor":33},{"not_picked":["Conserve Battery","Glacier","Melter"],"picked":"Singing Bowl","floor":35}],"player_experience":269697,"relics_obtained":[{"floor":6,"key":"Letter Opener"},{"floor":8,"key":"Vajra"},{"floor":9,"key":"Art of War"},{"floor":10,"key":"Potion Belt"},{"floor":11,"key":"Singing Bowl"},{"floor":26,"key":"Shuriken"},{"floor":30,"key":"Cables"}],"event_choices":[{"event_name":"Golden Wing","player_choice":"Card Removal","floor":4,"damage_taken":0},{"event_name":"The Cleric","player_choice":"Card Removal","floor":5,"damage_taken":0},{"event_name":"Bonfire Elementals","player_choice":"RARE","floor":7,"damage_taken":0},{"event_name":"Drug Dealer","player_choice":"Ignored","floor":19,"damage_taken":0},{"event_name":"The Mausoleum","player_choice":"Yes","floor":21,"damage_taken":0},{"event_name":"Purifier","player_choice":"One Purge","floor":22,"damage_taken":0},{"event_name":"Ghosts","player_choice":"Ignored","floor":31,"damage_taken":0},{"event_name":"Falling","player_choice":"Removed Attack","floor":36,"damage_taken":0},{"event_name":"SecretPortal","player_choice":"Took Portal.","floor":38,"damage_taken":0}],"boss_relics":[{"not_picked":["Ectoplasm","Orrery"],"picked":"Pandora\u0027s Box"},{"not_picked":["Sozu","Philosopher\u0027s Stone"],"picked":"Astrolabe"}],"items_purged_floors":[2,20,37],"is_endless":false,"potions_floor_spawned":[1,3,16,24,28],"killed_by":"Donu and Deca","ascension_level":4}