{"gold_per_floor":[15,15,29,43,55,80,80,91,116,143,143,168,168,168,168,271,271,287,312,312],"floor_reached":20,"playtime":814,"items_purged":[],"score":230,"play_id":"9115bccf-1d93-4f7e-b54f-004e6db57ec5","local_time":"20180815174104","is_ascension_mode":true,"campfire_choices":[{"floor":7,"key":"REST"},{"floor":11,"key":"REST"},{"floor":13,"key":"REST"},{"floor":15,"key":"REST"}],"neow_cost":"NO_GOLD","seed_source_timestamp":328415365538791,"circlet_count":0,"master_deck":["Strike_B","Strike_B","Strike_B","Defend_B","Defend_B","Defend_B","Defend_B","Zap","Dualcast","Tempest","Fusion+1","Undo+1","Rainbow","Self Repair","Echo Form","Auto Shields","Meteor Strike","Reinforced Body"],"relics":["Cracked Core","Incense Burner","Mango","Dream Catcher","Vajra","War Paint","Anchor","Inserter","Red Mask"],"potions_floor_usage":[6,12,12,19,20],"damage_taken":[{"damage":8,"enemies":"Small Slimes","floor":1,"turns":3},{"damage":7,"enemies":"Jaw Worm","floor":3,"turns":4},{"damage":1,"enemies":"Cultist","floor":4,"turns":4},{"damage":12,"enemies":"Large Slime","floor":5,"turns":3},{"damage":30,"enemies":"3 Sentries","floor":6,"turns":6},{"damage":7,"enemies":"Exordium Wildlife","floor":8,"turns":3},{"damage":40,"enemies":"Lagavulin","floor":10,"turns":7},{"damage":14,"enemies":"Gremlin Nob","floor":12,"turns":4},{"damage":16,"enemies":"The Guardian","floor":16,"turns":12},{"damage":3,"enemies":"2 Thieves","floor":18,"turns":5},{"damage":63,"floor":19,"turns":7},{"damage":45,"enemies":"Spheric Guardian","floor":20,"turns":7}],"seed_played":"6268318583547076607","potions_obtained":[{"floor":4,"key":"AttackPotion"},{"floor":6,"key":"SteroidPotion"},{"floor":10,"key":"PowerPotion"},{"floor":16,"key":"Ancient Potion"},{"floor":18,"key":"SkillPotion"},{"floor":19,"key":"Regen Potion"}],"is_trial":false,"path_per_floor":["M","?","M","M","M","E","R","M","T","E","R","E","R","?","R","B",null,"M","?"],"character_chosen":"DEFECT","items_purchased":[],"campfire_rested":4,"item_purchase_floors":[],"current_hp_per_floor":[67,60,53,52,40,24,50,43,43,3,29,22,48,45,71,69,89,86,30,0],"gold":312,"neow_bonus":"ONE_RARE_RELIC","is_prod":false,"is_daily":false,"chose_seed":false,"campfire_upgraded":0,"win_rate":0,"timestamp":1534347664,"path_taken":["M","?","M","M","M","E","R","M","T","E","R","E","R","?","R","BOSS","M","?","M"],"build_version":"2018-08-14","purchased_purges":0,"victory":false,"max_hp_per_floor":[75,75,75,75,75,89,89,89,89,89,89,89,89,89,89,89,89,89,89,89],"card_choices":[{"not_picked":["Hologram","Compile Driver"],"picked":"Tempest","floor":1},{"not_picked":["Steam","Turbo"],"picked":"Fusion","floor":3},{"not_picked":["Fusion","Sweeping Beam"],"picked":"Undo","floor":4},{"not_picked":["Rip and Tear","Gash","Stack"],"picked":"SKIP","floor":5},{"not_picked":["Conserve Battery","Go for the Eyes"],"picked":"Rainbow","floor":6},{"not_picked":["Scrape","Steam Power","Rip and Tear"],"picked":"SKIP","floor":8},{"not_picked":["Redo","Steam Power"],"picked":"Self Repair","floor":10},{"not_picked":["Sweeping Beam","Chaos"],"picked":"Echo Form","floor":12},{"not_picked":["Turbo","Static Discharge"],"picked":"Auto Shields","floor":13},{"not_picked":["Rainbow","Machine Learning"],"picked":"Meteor Strike","floor":16},{"not_picked":["Glacier","Go for the Eyes+1","Streamline"],"picked":"SKIP","floor":18},{"not_picked":["Melter","Loop"],"picked":"Reinforced Body","floor":19}],"player_experience":68163,"relics_obtained":[{"floor":6,"key":"Mango"},{"floor":9,"key":"Dream Catcher"},{"floor":10,"key":"Vajra"},{"floor":12,"key":"War Paint"},{"floor":19,"key":"Red Mask"}],"event_choices":[{"event_name":"Golden Wing","player_choice":"Card Removal","floor":2,"damage_taken":0},{"event_name":"Scrap Ooze","player_choice":"success","floor":14,"damage_taken":3},{"event_name":"Masked Bandits","player_choice":"Fought Bandits","floor":19,"damage_taken":0}],"is_beta":true,"boss_relics":[{"not_picked":["Philosopher\u0027s Stone","Orrery"],"picked":"Inserter"}],"items_purged_floors":[],"is_endless":false,"potions_floor_spawned":[4,6,10,16,18,19],"killed_by":"Spheric Guardian","ascension_level":4}