{"gold_per_floor":[109,109,11,11,11,40,52,94,106,148,180,46,8,18,18,117,117,128,138,154,154,10,10,21,21,46,60,159,159,179,191,191,292,292,304,304,304,304,315,315,315,315,367,367,367,193,193,0,0,0],"floor_reached":50,"playtime":2016,"items_purged":[],"score":781,"play_id":"8cf02b07-cb01-40b4-9045-7c0bce6c2689","local_time":"20190402145050","is_ascension_mode":true,"campfire_choices":[{"data":"Eviscerate","floor":7,"key":"SMITH"},{"floor":15,"key":"REST"},{"data":"Envenom","floor":23,"key":"SMITH"},{"data":"Adrenaline","floor":25,"key":"SMITH"},{"floor":32,"key":"REST"},{"floor":40,"key":"REST"},{"data":"Blade Dance","floor":41,"key":"SMITH"},{"data":"Prepared","floor":42,"key":"SMITH"},{"floor":45,"key":"RECALL"},{"data":"Neutralize","floor":49,"key":"SMITH"}],"neow_cost":"NONE","seed_source_timestamp":1748469780711669,"circlet_count":0,"master_deck":["Defend_G+1","Defend_G+1","Defend_G+1","Defend_G+1","Strike_G+1","Strike_G+1","Survivor+1","Neutralize+1","Poisoned Stab+1","Dramatic Entrance","Eviscerate+1","Infinite Blades","Underhanded Strike","Blade Dance+1","Envenom+1","Infinite Blades","Dash+1","Adrenaline+1","Outmaneuver+1","Tactician+1","Eviscerate+1","Crippling Poison","Finisher+1","Escape Plan+1","Flying Knee+1","Prepared+1","Terror+1","Bullet Time","Cloak And Dagger+1","Madness+1","Madness","Skewer+1","Dodge and Roll","Madness","Dark Shackles","Tactician"],"relics":["Ring of the Snake","NeowsBlessing","Gambling Chip","MawBank","Ninja Scroll","Letter Opener","Meat on the Bone","Astrolabe","Snake Skull","Whetstone","Sozu","WingedGreaves","Orichalcum","War Paint"],"potions_floor_usage":[10,10,16,16,16,18,33,50,50],"damage_taken":[{"damage":0,"enemies":"2 Louse","floor":1,"turns":1},{"damage":0,"enemies":"Gremlin Nob","floor":6,"turns":1},{"damage":0,"enemies":"3 Sentries","floor":8,"turns":1},{"damage":17,"enemies":"Lagavulin","floor":10,"turns":5},{"damage":0,"enemies":"Cultist","floor":11,"turns":2},{"damage":0,"enemies":"Small Slimes","floor":14,"turns":1},{"damage":41,"enemies":"The Guardian","floor":16,"turns":9},{"damage":17,"enemies":"Chosen","floor":18,"turns":5},{"damage":0,"enemies":"Spheric Guardian","floor":19,"turns":1},{"damage":15,"enemies":"Snecko","floor":20,"turns":4},{"damage":0,"enemies":"Shelled Parasite and Fungi","floor":24,"turns":3},{"damage":0,"enemies":"Snake Plant","floor":27,"turns":2},{"damage":0,"enemies":"Cultist and Chosen","floor":30,"turns":2},{"damage":12,"enemies":"3 Cultists","floor":31,"turns":3},{"damage":56,"enemies":"Champ","floor":33,"turns":8},{"damage":0,"enemies":"Orb Walker","floor":35,"turns":3},{"damage":0,"enemies":"3 Darklings","floor":39,"turns":2},{"damage":85,"enemies":"Donu and Deca","floor":50,"turns":7}],"seed_played":"-3415572330465075477","potions_obtained":[{"floor":8,"key":"EntropicBrew"},{"floor":10,"key":"AttackPotion"},{"floor":16,"key":"SkillPotion"},{"floor":18,"key":"Poison Potion"},{"floor":30,"key":"GamblersBrew"},{"floor":33,"key":"Regen Potion"}],"is_trial":false,"path_per_floor":["M","?","$","?","?","E","R","E","T","E","M","$","$","M","R","B",null,"M","M","M","?","$","R","M","R","T","M","?","?","M","M","R","B",null,"M","?","T","?","M","R","R","R","T","?","R","$","?","$","R","B"],"character_chosen":"THE_SILENT","items_purchased":["Dramatic Entrance","Envenom","Infinite Blades","Snake Skull","Dodge and Roll","Orichalcum","War Paint","Tactician"],"campfire_rested":3,"item_purchase_floors":[3,12,13,22,46,46,48,48],"current_hp_per_floor":[63,63,63,45,45,45,45,45,45,28,40,40,40,40,61,32,61,44,44,41,41,41,41,41,41,41,41,41,41,41,41,62,18,57,57,48,48,48,48,69,69,69,69,69,69,69,64,64,64,0],"gold":0,"neow_bonus":"THREE_ENEMY_KILL","is_prod":false,"is_daily":false,"chose_seed":false,"campfire_upgraded":6,"win_rate":0,"timestamp":1554241850,"path_taken":["M","?","$","?","?","E","R","E","T","E","M","?","$","M","R","BOSS","M","M","M","?","$","R","M","R","T","M","?","?","?","M","R","BOSS","M","?","?","?","?","R","R","R","T","?","R","?","?","$","R","BOSS"],"build_version":"2019-01-23","purchased_purges":0,"victory":false,"max_hp_per_floor":[70,70,70,70,70,70,70,70,70,70,70,70,70,70,70,70,70,70,70,70,70,70,70,70,70,70,70,70,70,70,70,70,70,70,70,70,70,70,70,70,70,70,70,70,70,70,70,70,70,70],"card_choices":[{"not_picked":["Acrobatics","Cloak And Dagger"],"picked":"Poisoned Stab","floor":1},{"not_picked":["Finisher","Dagger Throw"],"picked":"Eviscerate","floor":6},{"not_picked":["Poisoned Stab","Backflip"],"picked":"Infinite Blades","floor":8},{"not_picked":["Acrobatics","Dagger Spray"],"picked":"Underhanded Strike","floor":10},{"not_picked":["Bouncing Flask","Outmaneuver"],"picked":"Blade Dance","floor":11},{"not_picked":["Caltrops","Reflex"],"picked":"Dash","floor":14},{"not_picked":["Wraith Form v2","Grand Finale"],"picked":"Adrenaline","floor":16},{"not_picked":["Poisoned Stab","Escape Plan"],"picked":"Crippling Poison","floor":18},{"not_picked":["Outmaneuver","Deflect+1"],"picked":"Finisher","floor":19},{"not_picked":["Underhanded Strike","Wraith Form v2"],"picked":"Escape Plan+1","floor":20},{"not_picked":["Skewer","Blade Dance"],"picked":"Flying Knee","floor":24},{"not_picked":["Dagger Throw","Underhanded Strike+1"],"picked":"Terror","floor":27},{"not_picked":["Escape Plan","Eviscerate+1"],"picked":"Prepared","floor":30},{"not_picked":["Heel Hook","Deadly Poison"],"picked":"Terror+1","floor":31},{"not_picked":["Unload","Storm of Steel"],"picked":"Bullet Time","floor":33},{"not_picked":["Distraction+1","Eviscerate"],"picked":"Cloak And Dagger+1","floor":35},{"not_picked":["Outmaneuver","Poisoned Stab"],"picked":"Skewer+1","floor":39},{"not_picked":["Dramatic Entrance","Master of Strategy"],"picked":"Madness","floor":47},{"not_picked":["PanicButton","Discovery"],"picked":"Dark Shackles","floor":47}],"player_experience":473960,"relics_obtained":[{"floor":6,"key":"MawBank"},{"floor":8,"key":"Ninja Scroll"},{"floor":9,"key":"Letter Opener"},{"floor":10,"key":"Meat on the Bone"},{"floor":26,"key":"Whetstone"},{"floor":37,"key":"WingedGreaves"}],"event_choices":[{"cards_removed":["Defend_G"],"damage_healed":0,"gold_gain":0,"player_choice":"Purged","damage_taken":0,"max_hp_gain":0,"max_hp_loss":0,"event_name":"Purifier","floor":2,"gold_loss":0},{"damage_healed":0,"gold_gain":0,"player_choice":"Success","damage_taken":18,"relics_obtained":["Gambling Chip"],"max_hp_gain":0,"max_hp_loss":0,"event_name":"Scrap Ooze","floor":4,"gold_loss":0},{"damage_healed":0,"gold_gain":0,"player_choice":"Grow","damage_taken":0,"max_hp_gain":0,"max_hp_loss":0,"event_name":"Living Wall","floor":5,"gold_loss":0,"cards_upgraded":["Poisoned Stab"]},{"damage_healed":0,"gold_gain":0,"player_choice":"Simplicity","damage_taken":0,"max_hp_gain":0,"max_hp_loss":0,"event_name":"Back to Basics","floor":21,"gold_loss":0,"cards_upgraded":["Defend_G","Defend_G","Defend_G","Defend_G","Strike_G","Strike_G"]},{"damage_healed":0,"gold_gain":99,"player_choice":"Stole From Cult","damage_taken":0,"max_hp_gain":0,"max_hp_loss":0,"event_name":"Nest","floor":28,"gold_loss":0},{"damage_healed":0,"gold_gain":0,"player_choice":"Ignored","damage_taken":0,"max_hp_gain":0,"max_hp_loss":0,"event_name":"Beggar","floor":29,"gold_loss":0},{"damage_healed":0,"gold_gain":0,"player_choice":"Embrace Madness","damage_taken":9,"max_hp_gain":0,"max_hp_loss":0,"event_name":"Winding Halls","floor":36,"gold_loss":0,"cards_obtained":["Madness","Madness"]},{"damage_healed":0,"gold_gain":0,"player_choice":"Forge","damage_taken":0,"max_hp_gain":0,"max_hp_loss":0,"event_name":"Accursed Blacksmith","floor":38,"gold_loss":0,"cards_upgraded":["Dash"]},{"cards_removed":["Terror"],"damage_healed":0,"gold_gain":0,"player_choice":"Card Removal","damage_taken":0,"max_hp_gain":0,"max_hp_loss":0,"event_name":"Wheel of Change","floor":44,"gold_loss":0},{"damage_healed":0,"gold_gain":0,"player_choice":"Memory 2","damage_taken":5,"max_hp_gain":0,"max_hp_loss":0,"event_name":"SensoryStone","floor":47,"gold_loss":0}],"is_beta":false,"boss_relics":[{"not_picked":["Orrery","Cursed Key"],"picked":"Astrolabe"},{"not_picked":["Pandora\u0027s Box","Runic Dome"],"picked":"Sozu"}],"items_purged_floors":[],"is_endless":false,"potions_floor_spawned":[8,10,11,16,18,30,33,35],"killed_by":"Donu and Deca","ascension_level":9}