{"gold_per_floor":[118,118,7,26,26,26,42,42,67,67,141,172,172,187,187,317,317,333,351,301,179,213,244,42,65,65,109,35,49,49,68,68,187,187,210,210,40,59,77,113,138,138,138,138,157,157,157,175,175,175],"floor_reached":50,"playtime":2334,"items_purged":["Strike_B","Strike_B","Defend_B"],"score":765,"play_id":"3b0711e2-d1df-44ff-b6c5-0524edfe2226","local_time":"20180824232645","is_ascension_mode":true,"campfire_choices":[{"data":"Zap","floor":6,"key":"SMITH"},{"data":"Dualcast","floor":8,"key":"SMITH"},{"floor":15,"key":"REST"},{"data":"Buffer","floor":30,"key":"SMITH"},{"floor":32,"key":"REST"},{"data":"Coolheaded","floor":47,"key":"SMITH"},{"data":"Gash","floor":49,"key":"PURGE"}],"neow_cost":"PERCENT_DAMAGE","seed_source_timestamp":435207509652110,"circlet_count":0,"master_deck":["Defend_B","Defend_B","Zap+1","Dualcast+1","Electrodynamics","Self Repair","Storm","Auto Shields","Glacier","Defragment","Buffer+1","Ball Lightning","Capacitor","White Noise","Defragment","Capacitor+1","Thunder Strike","Coolheaded+1","Fission"],"relics":["Cracked Core","Strawberry","Potion Belt","Letter Opener","Dream Catcher","Golden Idol","Empty Cage","Red Mask","Omamori","Lee\u0027s Waffle","Art of War","Turnip","Coffee Dripper","Bird Faced Urn","Peace Pipe"],"potions_floor_usage":[19,22,27,29,29,29,40,48,48,48,48,48,50,50],"damage_taken":[{"damage":0,"enemies":"2 Louse","floor":1,"turns":1},{"damage":11,"enemies":"Cultist","floor":4,"turns":4},{"damage":9,"enemies":"Jaw Worm","floor":7,"turns":3},{"damage":29,"enemies":"Lagavulin","floor":12,"turns":5},{"damage":18,"enemies":"Exordium Thugs","floor":14,"turns":3},{"damage":13,"enemies":"Slime Boss","floor":16,"turns":6},{"damage":22,"enemies":"2 Thieves","floor":18,"turns":2},{"damage":2,"enemies":"Chosen","floor":19,"turns":5},{"damage":13,"enemies":"Masked Bandits","floor":22,"turns":3},{"damage":41,"enemies":"Gremlin Leader","floor":23,"turns":6},{"damage":0,"enemies":"Sentry and Sphere","floor":25,"turns":3},{"damage":45,"enemies":"Slavers","floor":27,"turns":4},{"damage":11,"enemies":"Snecko","floor":29,"turns":4},{"damage":9,"enemies":"Shelled Parasite and Fungi","floor":31,"turns":4},{"damage":12,"enemies":"Automaton","floor":33,"turns":9},{"damage":51,"enemies":"3 Darklings","floor":35,"turns":3},{"damage":0,"enemies":"3 Shapes","floor":38,"turns":4},{"damage":20,"enemies":"Flame Bruiser 2 Orb","floor":39,"turns":4},{"damage":11,"enemies":"Nemesis","floor":40,"turns":7},{"damage":31,"enemies":"4 Shapes","floor":41,"turns":5},{"damage":31,"enemies":"Sphere and 2 Shapes","floor":45,"turns":5},{"damage":22,"enemies":"Flame Bruiser 2 Orb","floor":48,"turns":5},{"damage":69,"enemies":"Awakened One","floor":50,"turns":3}],"seed_played":"8162888643036791194","potions_obtained":[{"floor":1,"key":"Poison Potion"},{"floor":7,"key":"Explosive Potion"},{"floor":16,"key":"Ancient Potion"},{"floor":18,"key":"Poison Potion"},{"floor":22,"key":"Dexterity Potion"},{"floor":23,"key":"Swift Potion"},{"floor":27,"key":"EssenceOfSteel"},{"floor":33,"key":"Swift Potion"},{"floor":38,"key":"Poison Potion"},{"floor":41,"key":"LiquidBronze"},{"floor":45,"key":"EntropicBrew"}],"is_trial":false,"path_per_floor":["M","?","$","M","T","R","M","R","T","$","T","E","?","M","R","B",null,"M","M","?","$","?","E","$","M","T","E","$","M","R","M","R","B",null,"M","?","$","M","M","E","M","?","T","?","M","?","R","M","R"],"character_chosen":"DEFECT","items_purchased":["Storm","Gash","Lee\u0027s Waffle","Defragment","Coolheaded"],"campfire_rested":2,"item_purchase_floors":[3,21,24,28,37],"current_hp_per_floor":[50,50,50,46,53,53,51,51,51,51,51,29,29,18,40,34,66,44,49,49,49,43,9,83,83,83,38,38,41,41,39,63,58,77,33,54,54,61,48,44,42,42,42,42,36,36,36,39,39,0],"gold":175,"neow_bonus":"THREE_RARE_CARDS","is_prod":false,"is_daily":false,"chose_seed":false,"campfire_upgraded":4,"win_rate":0,"timestamp":1535124405,"path_taken":["M","?","$","M","?","R","M","R","T","?","?","E","?","?","R","BOSS","M","M","?","$","?","E","$","M","T","E","?","M","R","M","R","BOSS","M","?","$","M","?","E","M","?","T","?","?","?","R","M","R","BOSS"],"build_version":"2018-08-23v2","purchased_purges":3,"victory":false,"max_hp_per_floor":[75,75,75,75,82,82,82,82,82,82,82,82,76,76,76,76,76,76,76,76,76,76,76,83,83,83,83,83,83,83,83,83,83,83,83,83,83,83,83,83,83,83,83,83,83,83,83,83,83,83],"card_choices":[{"not_picked":["Multi-Cast","Fission"],"picked":"Electrodynamics","floor":0},{"not_picked":["Streamline","Coolheaded"],"picked":"Self Repair","floor":1},{"not_picked":["Consume","Reprogram","Hello World"],"picked":"SKIP","floor":4},{"not_picked":["Gash","Steam"],"picked":"Auto Shields","floor":7},{"not_picked":["Hello World","Rip and Tear"],"picked":"Glacier","floor":12},{"not_picked":["Steam Power","Tempest","Rebound"],"picked":"SKIP","floor":14},{"not_picked":["Beam Cell","Reprogram"],"picked":"Defragment","floor":15},{"not_picked":["Core Surge","Rainbow"],"picked":"Buffer","floor":16},{"not_picked":["Hologram","Stack"],"picked":"Ball Lightning","floor":18},{"not_picked":["Stack","Redo+1"],"picked":"Capacitor","floor":19},{"not_picked":["Barrage","Compile Driver"],"picked":"White Noise","floor":22},{"not_picked":["Double Energy+1","Darkness","Doom and Gloom"],"picked":"SKIP","floor":23},{"not_picked":["Sweeping Beam+1","Go for the Eyes","Rebound"],"picked":"SKIP","floor":25},{"not_picked":["Turbo","Doom and Gloom","Fusion"],"picked":"SKIP","floor":27},{"not_picked":["Defragment","Double Energy","Stack"],"picked":"SKIP","floor":29},{"not_picked":["Fusion","Loop"],"picked":"Capacitor+1","floor":31},{"not_picked":["Electrodynamics","Core Surge"],"picked":"Thunder Strike","floor":33},{"not_picked":["Leap+1","Beam Cell+1","Sweeping Beam"],"picked":"SKIP","floor":35},{"not_picked":["White Noise","Scrape+1","Defragment"],"picked":"SKIP","floor":38},{"not_picked":["Conserve Battery+1","Rebound+1","Stack"],"picked":"SKIP","floor":39},{"not_picked":["Sunder+1","Rip and Tear+1","Hologram"],"picked":"SKIP","floor":40},{"not_picked":["Beam Cell+1","Conserve Battery","Coolheaded"],"picked":"SKIP","floor":41},{"not_picked":["Conserve Battery","Cold Snap","Sunder"],"picked":"SKIP","floor":45},{"not_picked":["Static Discharge+1","Undo+1","Hologram"],"picked":"SKIP","floor":48}],"player_experience":360013,"relics_obtained":[{"floor":5,"key":"Strawberry"},{"floor":9,"key":"Potion Belt"},{"floor":11,"key":"Letter Opener"},{"floor":12,"key":"Dream Catcher"},{"floor":22,"key":"Red Mask"},{"floor":23,"key":"Omamori"},{"floor":26,"key":"Art of War"},{"floor":27,"key":"Turnip"},{"floor":40,"key":"Bird Faced Urn"},{"floor":43,"key":"Peace Pipe"}],"event_choices":[{"event_name":"Bonfire Elementals","player_choice":"BASIC","floor":2,"damage_taken":0},{"event_name":"Golden Idol","player_choice":"Lose Max HP","floor":13,"damage_taken":0},{"event_name":"The Joust","player_choice":"Bet on Murderer","floor":20,"damage_taken":0},{"event_name":"Masked Bandits","player_choice":"Fought Bandits","floor":22,"damage_taken":0},{"event_name":"Winding Halls","player_choice":"Writhe","floor":36,"damage_taken":0},{"event_name":"Mysterious Sphere","player_choice":"Ignore","floor":42,"damage_taken":0},{"event_name":"SensoryStone","player_choice":"Memory 1","floor":44,"damage_taken":0},{"event_name":"Match and Keep!","player_choice":"1 cards matched","floor":46,"damage_taken":0}],"is_beta":false,"boss_relics":[{"not_picked":["Nuclear Battery","Ectoplasm"],"picked":"Empty Cage"},{"not_picked":["Snecko Eye","Fusion Hammer"],"picked":"Coffee Dripper"}],"items_purged_floors":[3,21,37],"is_endless":false,"potions_floor_spawned":[1,7,16,18,22,23,27,33,38,41,45],"killed_by":"Awakened One","ascension_level":9}