{"gold_per_floor":[15,27,27,102,113,113,143,143,167,167,195,215,230,249,249,351,351,364,381,381,28,47,47,77,95,95,111,111,123,123,138,138,236,236,252,252,252,252,270,270,298,298,350,450,56,74,74,74,74,74],"floor_reached":50,"playtime":3283,"items_purged":[],"score":628,"play_id":"1e29815d-de01-4548-8ade-f9768027ddb0","local_time":"20190319214059","is_ascension_mode":true,"campfire_choices":[{"floor":6,"key":"REST"},{"floor":10,"key":"REST"},{"floor":15,"key":"REST"},{"data":"Apotheosis","floor":23,"key":"SMITH"},{"floor":32,"key":"REST"},{"floor":40,"key":"REST"},{"floor":42,"key":"REST"},{"floor":47,"key":"RECALL"},{"floor":49,"key":"REST"}],"neow_cost":"NO_GOLD","seed_source_timestamp":562222250881308,"circlet_count":0,"master_deck":["Defend_G","Defend_G","Defend_G","Defend_G","Defend_G","Strike_G","Strike_G","Strike_G+1","Strike_G","Strike_G","Survivor+1","Adrenaline+1","Choke","Underhanded Strike","Deflect+1","Unload","Escape Plan","Footwork","Underhanded Strike","Flying Knee","Corpse Explosion","Dagger Throw","Acrobatics","Apotheosis+1","Flying Knee","Dodge and Roll+1","Tactician","Burst","Cloak And Dagger+1","Violence","Discovery+1","Dark Shackles","Madness","Madness","Deadly Poison","Predator"],"relics":["Ring of the Snake","Centennial Puzzle","Bag of Preparation","Busted Crown","Omamori","Red Mask","Gremlin Horn","MutagenicStrength","Fusion Hammer","Singing Bowl","Blood Vial","Tough Bandages","War Paint","Toolbox"],"potions_floor_usage":[2,11,16,16,24,33,33,50,50,50,50,50],"damage_taken":[{"damage":5,"enemies":"2 Louse","floor":1,"turns":3},{"damage":2,"enemies":"Jaw Worm","floor":2,"turns":3},{"damage":0,"enemies":"Small Slimes","floor":5,"turns":2},{"damage":43,"enemies":"3 Sentries","floor":7,"turns":10},{"damage":16,"enemies":"Gremlin Nob","floor":11,"turns":3},{"damage":2,"enemies":"Exordium Wildlife","floor":12,"turns":3},{"damage":1,"enemies":"Blue Slaver","floor":13,"turns":2},{"damage":3,"enemies":"3 Louse","floor":14,"turns":3},{"damage":21,"enemies":"Slime Boss","floor":16,"turns":12},{"damage":0,"enemies":"3 Byrds","floor":18,"turns":2},{"damage":1,"enemies":"Chosen","floor":19,"turns":2},{"damage":4,"enemies":"Snake Plant","floor":22,"turns":2},{"damage":4,"enemies":"Masked Bandits","floor":24,"turns":2},{"damage":0,"enemies":"Cultist and Chosen","floor":25,"turns":3},{"damage":5,"enemies":"Sentry and Sphere","floor":27,"turns":3},{"damage":6,"enemies":"Centurion and Healer","floor":29,"turns":4},{"damage":5,"enemies":"Snecko","floor":31,"turns":4},{"damage":6,"enemies":"Collector","floor":33,"turns":4},{"damage":0,"enemies":"Orb Walker","floor":35,"turns":2},{"damage":0,"enemies":"3 Darklings","floor":39,"turns":1},{"damage":24,"enemies":"Giant Head","floor":41,"turns":8},{"damage":38,"enemies":"Mind Bloom Boss Battle","floor":44,"turns":7},{"damage":4,"enemies":"4 Shapes","floor":46,"turns":2},{"damage":79,"enemies":"Time Eater","floor":50,"turns":11}],"seed_played":"-7619515384291040967","potions_obtained":[{"floor":1,"key":"Fruit Juice"},{"floor":7,"key":"Regen Potion"},{"floor":12,"key":"Dexterity Potion"},{"floor":13,"key":"SpeedPotion"},{"floor":19,"key":"Ancient Potion"},{"floor":22,"key":"Swift Potion"},{"floor":27,"key":"GhostInAJar"},{"floor":29,"key":"FearPotion"},{"floor":35,"key":"EntropicBrew"},{"floor":41,"key":"Fire Potion"}],"is_trial":false,"path_per_floor":["M","M","?","?","M","R","E","?","T","R","E","M","M","M","R","B",null,"M","M","?","$","M","R","?","M","T","M","$","M","?","M","R","B",null,"M","?","?","?","M","R","E","R","T","?","$","M","R","?","R","B"],"character_chosen":"THE_SILENT","items_purchased":["Apotheosis","Omamori","Flying Knee","War Paint","Toolbox","Predator"],"campfire_rested":7,"item_purchase_floors":[21,21,21,45,45,45],"current_hp_per_floor":[65,68,53,42,42,64,21,21,21,43,36,34,33,30,52,31,64,64,63,63,63,59,59,55,55,55,50,50,44,44,39,61,55,70,70,60,60,51,51,73,51,74,74,38,38,38,38,38,61,0],"gold":74,"neow_bonus":"THREE_RARE_CARDS","is_prod":false,"is_daily":false,"chose_seed":false,"campfire_upgraded":1,"win_rate":0,"timestamp":1553056859,"path_taken":["M","M","?","?","M","R","E","?","T","R","E","M","M","M","R","BOSS","M","M","?","$","M","R","?","M","T","M","?","?","?","M","R","BOSS","M","?","?","?","M","R","E","R","T","?","$","?","R","?","R","BOSS"],"build_version":"2019-01-23","purchased_purges":0,"victory":false,"max_hp_per_floor":[70,75,75,75,75,75,75,75,75,75,75,75,75,75,75,75,75,75,75,75,75,75,75,75,75,75,75,75,75,75,75,75,75,75,75,75,75,75,75,75,77,77,77,77,77,79,79,79,79,79],"card_choices":[{"not_picked":["Night Terror","Tools of the Trade"],"picked":"Adrenaline","floor":0},{"not_picked":["Escape Plan","Bouncing Flask"],"picked":"Choke","floor":1},{"not_picked":["Endless Agony","Prepared"],"picked":"Underhanded Strike","floor":2},{"not_picked":["Setup","Endless Agony"],"picked":"Deflect","floor":5},{"not_picked":["Concentrate","Terror"],"picked":"Unload","floor":7},{"not_picked":["Dodge and Roll","Quick Slash"],"picked":"Escape Plan","floor":11},{"not_picked":["Acrobatics","Concentrate"],"picked":"Footwork","floor":12},{"not_picked":["All Out Attack","Acrobatics"],"picked":"Underhanded Strike","floor":13},{"not_picked":["Deadly Poison","Underhanded Strike"],"picked":"Flying Knee","floor":14},{"not_picked":["Unload","Storm of Steel"],"picked":"Corpse Explosion","floor":16},{"not_picked":[],"picked":"Dagger Throw","floor":18},{"not_picked":[],"picked":"Acrobatics","floor":19},{"not_picked":[],"picked":"Dodge and Roll+1","floor":22},{"not_picked":["Dagger Throw"],"picked":"SKIP","floor":25},{"not_picked":["Blade Dance"],"picked":"SKIP","floor":27},{"not_picked":["Cloak And Dagger+1"],"picked":"SKIP","floor":29},{"not_picked":[],"picked":"Tactician","floor":31},{"not_picked":[],"picked":"Burst","floor":33},{"not_picked":[],"picked":"Cloak And Dagger+1","floor":35},{"not_picked":[],"picked":"Violence","floor":36},{"not_picked":[],"picked":"Discovery","floor":36},{"not_picked":[],"picked":"Dark Shackles","floor":36},{"not_picked":["Flying Knee+1"],"picked":"SKIP","floor":39},{"not_picked":["Predator"],"picked":"Singing Bowl","floor":41},{"not_picked":[],"picked":"Deadly Poison","floor":44},{"not_picked":["Quick Slash+1"],"picked":"Singing Bowl","floor":46}],"player_experience":339239,"relics_obtained":[{"floor":7,"key":"Centennial Puzzle"},{"floor":11,"key":"Bag of Preparation"},{"floor":24,"key":"Red Mask"},{"floor":26,"key":"Gremlin Horn"},{"floor":41,"key":"Singing Bowl"},{"floor":43,"key":"Blood Vial"},{"floor":44,"key":"Tough Bandages"}],"event_choices":[{"damage_healed":0,"gold_gain":0,"player_choice":"Entered Light","damage_taken":15,"max_hp_gain":0,"max_hp_loss":0,"event_name":"Shining Light","floor":3,"gold_loss":0,"cards_upgraded":["Strike_G","Survivor"]},{"damage_healed":0,"gold_gain":75,"player_choice":"Gather Gold","damage_taken":11,"max_hp_gain":0,"max_hp_loss":0,"event_name":"World of Goop","floor":4,"gold_loss":0},{"damage_healed":0,"gold_gain":0,"player_choice":"Grow","damage_taken":0,"max_hp_gain":0,"max_hp_loss":0,"event_name":"Living Wall","floor":8,"gold_loss":0,"cards_upgraded":["Adrenaline"]},{"damage_healed":0,"gold_gain":0,"player_choice":"Ignored","damage_taken":0,"max_hp_gain":0,"max_hp_loss":0,"event_name":"Ghosts","floor":20,"gold_loss":0},{"damage_healed":0,"gold_gain":0,"player_choice":"Fought Bandits","damage_taken":0,"max_hp_gain":0,"max_hp_loss":0,"event_name":"Masked Bandits","floor":24,"gold_loss":0},{"damage_healed":0,"gold_gain":0,"player_choice":"Inject Mutagens","damage_taken":0,"relics_obtained":["MutagenicStrength"],"max_hp_gain":0,"max_hp_loss":0,"event_name":"Drug Dealer","floor":30,"gold_loss":0},{"damage_healed":0,"gold_gain":0,"player_choice":"Memory 3","damage_taken":10,"max_hp_gain":0,"max_hp_loss":0,"event_name":"SensoryStone","floor":36,"gold_loss":0},{"cards_removed":["Neutralize"],"damage_healed":0,"gold_gain":0,"player_choice":"Removed Attack","damage_taken":0,"max_hp_gain":0,"max_hp_loss":0,"event_name":"Falling","floor":37,"gold_loss":0},{"damage_healed":0,"gold_gain":0,"player_choice":"Embrace Madness","damage_taken":9,"max_hp_gain":0,"max_hp_loss":0,"event_name":"Winding Halls","floor":38,"gold_loss":0,"cards_obtained":["Madness","Madness"]},{"damage_healed":0,"gold_gain":0,"player_choice":"Fight","damage_taken":0,"max_hp_gain":0,"max_hp_loss":0,"event_name":"MindBloom","floor":44,"gold_loss":0},{"damage_healed":0,"gold_gain":0,"player_choice":"Ignored","damage_taken":0,"max_hp_gain":0,"max_hp_loss":0,"event_name":"The Moai Head","floor":48,"gold_loss":0}],"is_beta":false,"boss_relics":[{"not_picked":["Ectoplasm","Runic Dome"],"picked":"Busted Crown"},{"not_picked":["HoveringKite","Empty Cage"],"picked":"Fusion Hammer"}],"items_purged_floors":[],"is_endless":false,"potions_floor_spawned":[1,7,12,13,19,22,27,29,31,35,41,46],"killed_by":"Time Eater","ascension_level":5}