{"gold_per_floor":[115,115,40,40,54,54,83,83,83,83,83,110,126,141,141,215,215,231,249,299,319,134,134,148,159,183,194,194,212,247,263,263,334,334,345,345,359,21,35,69,81,109,121,163,191,203,227,252,264,276],"floor_reached":51,"playtime":1755,"items_purged":["Strike_R","Strike_R","Clash"],"score":1432,"play_id":"c7ba8a84-83f9-4912-b6e8-84aa0ada3e71","local_time":"20190508224015","is_ascension_mode":true,"campfire_choices":[{"data":"Flex","floor":6.0,"key":"SMITH"},{"floor":8.0,"key":"REST"},{"data":"Defend_R","floor":11.0,"key":"SMITH"},{"data":"Pommel Strike","floor":15.0,"key":"SMITH"},{"data":"Flex","floor":23.0,"key":"SMITH"},{"data":"Sword Boomerang","floor":28.0,"key":"SMITH"},{"data":"Double Tap","floor":32.0,"key":"SMITH"},{"data":"Flex","floor":41.0,"key":"SMITH"},{"data":"Whirlwind","floor":46.0,"key":"SMITH"},{"floor":49.0,"key":"REST"}],"neow_cost":"PERCENT_DAMAGE","seed_source_timestamp":99071619942100,"circlet_count":0,"master_deck":["AscendersBane","Strike_R+1","Strike_R","Defend_R+1","Defend_R+1","Defend_R","Flex+1","Shockwave","Offering","Pommel Strike+1","Double Tap+1","Flex+1","Sword Boomerang+1","Whirlwind+1","Offering","Flex+1"],"special_seed":0,"relics":["Burning Blood","Mango","Boot","Blood Vial","Lantern","Busted Crown","Anchor","Molten Egg 2","Cursed Key","Bag of Preparation","MawBank","Bag of Marbles"],"potions_floor_usage":[50,50],"damage_taken":[{"damage":4.0,"enemies":"2 Louse","floor":1.0,"turns":3.0},{"damage":8.0,"enemies":"Small Slimes","floor":5.0,"turns":4.0},{"damage":32.0,"enemies":"Gremlin Nob","floor":7.0,"turns":4.0},{"damage":11.0,"enemies":"Lagavulin","floor":12.0,"turns":6.0},{"damage":6.0,"enemies":"Cultist","floor":13.0,"turns":2.0},{"damage":5.0,"enemies":"Large Slime","floor":14.0,"turns":5.0},{"damage":42.0,"enemies":"The Guardian","floor":16.0,"turns":14.0},{"damage":6.0,"enemies":"Chosen","floor":18.0,"turns":3.0},{"damage":6.0,"enemies":"3 Byrds","floor":19.0,"turns":3.0},{"damage":17.0,"enemies":"Snake Plant","floor":21.0,"turns":3.0},{"damage":2.0,"enemies":"Centurion and Healer","floor":24.0,"turns":3.0},{"damage":6.0,"enemies":"3 Cultists","floor":25.0,"turns":3.0},{"damage":0.0,"enemies":"Cultist and Chosen","floor":27.0,"turns":3.0},{"damage":6.0,"enemies":"Sentry and Sphere","floor":29.0,"turns":3.0},{"damage":6.0,"enemies":"Book of Stabbing","floor":30.0,"turns":2.0},{"damage":6.0,"enemies":"Centurion and Healer","floor":31.0,"turns":1.0},{"damage":69.0,"enemies":"Champ","floor":33.0,"turns":7.0},{"damage":6.0,"enemies":"Orb Walker","floor":35.0,"turns":2.0},{"damage":39.0,"enemies":"3 Shapes","floor":37.0,"turns":3.0},{"damage":12.0,"enemies":"Writhing Mass","floor":39.0,"turns":2.0},{"damage":12.0,"enemies":"Reptomancer","floor":40.0,"turns":3.0},{"damage":12.0,"enemies":"Spire Growth","floor":42.0,"turns":1.0},{"damage":12.0,"enemies":"Giant Head","floor":44.0,"turns":2.0},{"damage":6.0,"enemies":"Maw","floor":45.0,"turns":4.0},{"damage":12.0,"enemies":"Transient","floor":47.0,"turns":5.0},{"damage":12.0,"enemies":"Spire Growth","floor":48.0,"turns":1.0},{"damage":39,"enemies":"Awakened One","floor":50,"turns":5}],"seed_played":"7071920900297255772","potions_obtained":[{"floor":7.0,"key":"Dexterity Potion"},{"floor":12.0,"key":"SteroidPotion"},{"floor":16.0,"key":"Dexterity Potion"},{"floor":18.0,"key":"SpeedPotion"},{"floor":21.0,"key":"EssenceOfSteel"},{"floor":27.0,"key":"Regen Potion"},{"floor":29.0,"key":"BloodPotion"},{"floor":33.0,"key":"SpeedPotion"},{"floor":37.0,"key":"Explosive Potion"},{"floor":40.0,"key":"Energy Potion"},{"floor":48.0,"key":"GamblersBrew"}],"is_trial":false,"path_per_floor":["M","?","$","?","M","R","E","R","T","?","R","E","M","M","R","B",null,"M","M","?","M","$","R","M","M","T","M","R","M","E","M","R","B",null,"M","?","M","$","M","E","R","M","T","E","M","R","M","M","R","B",null],"character_chosen":"IRONCLAD","items_purchased":["Flex","Sword Boomerang","Bag of Preparation","Flex"],"campfire_rested":2,"item_purchase_floors":[22,22,38,38],"current_hp_per_floor":[52,29,29,43,41,41,15,41,41,41,41,38,40,43,43,9,69,71,73,73,64,64,64,70,72,72,80,80,82,84,86,86,25,73,75,75,52,52,48,44,44,40,40,36,38,38,34,30,56,25],"gold":288,"neow_bonus":"REMOVE_TWO","is_prod":false,"is_daily":false,"chose_seed":false,"campfire_upgraded":8,"win_rate":0,"timestamp":1557326415,"path_taken":["M","?","$","?","?","R","E","R","T","?","R","E","?","M","R","BOSS","M","M","?","M","$","R","M","?","T","M","R","M","E","M","R","BOSS","M","?","M","$","M","E","R","?","T","E","M","R","M","M","R","BOSS"],"build_version":"2019-01-23","purchased_purges":3,"victory":true,"max_hp_per_floor":[75,75,75,89,89,89,89,89,89,89,89,89,89,89,89,89,89,89,89,89,89,89,89,89,89,89,89,89,89,89,89,89,89,89,89,89,89,89,89,89,89,89,89,89,89,89,89,89,89,89],"card_choices":[{"not_picked":["Body Slam","Sever Soul"],"picked":"Twin Strike","floor":1.0},{"not_picked":["Twin Strike","Entrench"],"picked":"Flex","floor":5.0},{"not_picked":["Carnage","Pummel"],"picked":"Shockwave","floor":7.0},{"not_picked":["Feel No Pain","Pummel"],"picked":"Pommel Strike","floor":12.0},{"not_picked":["Clash","Havoc","Warcry"],"picked":"SKIP","floor":13.0},{"not_picked":["Havoc","Warcry"],"picked":"Clash","floor":13.0},{"not_picked":["Uppercut","Clothesline","True Grit"],"picked":"SKIP","floor":14.0},{"not_picked":["Immolate","Impervious"],"picked":"Double Tap","floor":16.0},{"not_picked":["Clash"],"picked":"SKIP","floor":18.0},{"not_picked":["Warcry+1"],"picked":"SKIP","floor":19.0},{"not_picked":["Clothesline"],"picked":"SKIP","floor":21.0},{"not_picked":["Wild Strike"],"picked":"SKIP","floor":24.0},{"not_picked":[],"picked":"Whirlwind","floor":25.0},{"not_picked":["Disarm+1"],"picked":"SKIP","floor":27.0},{"not_picked":["Spot Weakness"],"picked":"SKIP","floor":29.0},{"not_picked":["Heavy Blade+1"],"picked":"SKIP","floor":30.0},{"not_picked":["Metallicize"],"picked":"SKIP","floor":31.0},{"not_picked":[],"picked":"Offering","floor":33.0},{"not_picked":["Body Slam+1"],"picked":"SKIP","floor":35.0},{"not_picked":["True Grit"],"picked":"SKIP","floor":37.0},{"not_picked":["Thunderclap+1"],"picked":"SKIP","floor":39.0},{"not_picked":["Fire Breathing"],"picked":"SKIP","floor":40.0},{"not_picked":["Armaments"],"picked":"SKIP","floor":42.0},{"not_picked":["Sword Boomerang+1"],"picked":"SKIP","floor":44.0},{"not_picked":["Disarm"],"picked":"SKIP","floor":45.0},{"not_picked":["Disarm"],"picked":"SKIP","floor":45.0},{"not_picked":["Ghostly Armor"],"picked":"SKIP","floor":47.0},{"not_picked":["Cleave+1"],"picked":"SKIP","floor":48.0}],"player_experience":582867,"relics_obtained":[{"floor":7.0,"key":"Boot"},{"floor":9.0,"key":"Blood Vial"},{"floor":12.0,"key":"Lantern"},{"floor":26.0,"key":"Anchor"},{"floor":30.0,"key":"Molten Egg 2"},{"floor":40.0,"key":"MawBank"},{"floor":44.0,"key":"Bag of Marbles"}],"event_choices":[{"damage_healed":0.0,"max_hp_gain":0.0,"max_hp_loss":0.0,"gold_gain":0.0,"event_name":"Shining Light","player_choice":"Entered Light","floor":2.0,"gold_loss":0.0,"damage_taken":23.0,"cards_upgraded":["Strike_R","Defend_R"]},{"cards_removed":["Twin Strike"],"damage_healed":0.0,"max_hp_gain":0.0,"max_hp_loss":0.0,"gold_gain":0.0,"event_name":"WeMeetAgain","player_choice":"Gave Card","floor":4.0,"gold_loss":0.0,"damage_taken":0.0,"relics_obtained":["Mango"]},{"damage_healed":0.0,"max_hp_gain":0.0,"max_hp_loss":0.0,"gold_gain":0.0,"cards_transformed":["Bash"],"event_name":"Transmorgrifier","player_choice":"Transformed","floor":10.0,"gold_loss":0.0,"damage_taken":0.0,"cards_obtained":["Offering"]},{"damage_healed":0.0,"max_hp_gain":0.0,"max_hp_loss":0.0,"gold_gain":50.0,"event_name":"Golden Shrine","player_choice":"Pray","floor":20.0,"gold_loss":0.0,"damage_taken":0.0},{"damage_healed":0.0,"max_hp_gain":0.0,"max_hp_loss":0.0,"gold_gain":0.0,"event_name":"SecretPortal","player_choice":"Ignored","floor":36.0,"gold_loss":0.0,"damage_taken":0.0}],"is_beta":false,"boss_relics":[{"not_picked":["White Beast Statue","Tiny House"],"picked":"Busted Crown"},{"not_picked":["Empty Cage","Snecko Eye"],"picked":"Cursed Key"}],"items_purged_floors":[3,22,38],"is_endless":false,"potions_floor_spawned":[7,12,16,18,21,27,29,33,37,40,45,48],"ascension_level":16}