{"gold_per_floor":[113,127,22,97,372,372,402,417,417,417,449,48,106,135,135,206,206,223,223,223,138,338,338],"floor_reached":23,"playtime":693,"items_purged":["Regret"],"score":456,"play_id":"89e1120e-35fc-4a00-bc86-6f2208287d93","local_time":"20190330100019","is_ascension_mode":true,"campfire_choices":[{"data":"Bouncing Flask","floor":6.0,"key":"SMITH"},{"data":"Glass Knife","floor":10.0,"key":"SMITH"},{"floor":15.0,"key":"REST"}],"neow_cost":"NONE","seed_source_timestamp":0,"circlet_count":0,"master_deck":["AscendersBane","Defend_G","Defend_G","Defend_G","Defend_G","Defend_G","Strike_G","Strike_G","Strike_G","Strike_G","Strike_G","Survivor","Neutralize","Terror","Dagger Throw","Quick Slash","Bouncing Flask+1","Glass Knife+1","Riddle With Holes","Acrobatics+1","Footwork","Panacea+1","Prepared+1","Burst+1","Blade Dance+1"],"special_seed":0,"relics":["Ring of the Snake","NeowsBlessing","The Courier","Toxic Egg 2","Lantern","Ninja Scroll","Regal Pillow","Tough Bandages","Eternal Feather","Enchiridion","Molten Egg 2"],"potions_floor_usage":[23],"damage_taken":[{"damage":0.0,"enemies":"Small Slimes","floor":1.0,"turns":1.0},{"damage":0.0,"enemies":"Cultist","floor":2.0,"turns":1.0},{"damage":0.0,"enemies":"Lagavulin","floor":7.0,"turns":1.0},{"damage":0.0,"enemies":"2 Louse","floor":8.0,"turns":2.0},{"damage":8.0,"enemies":"Gremlin Nob","floor":11.0,"turns":3.0},{"damage":8.0,"enemies":"3 Sentries","floor":13.0,"turns":5.0},{"damage":15.0,"enemies":"Lagavulin","floor":14.0,"turns":3.0},{"damage":32.0,"enemies":"Slime Boss","floor":16.0,"turns":11.0},{"damage":0.0,"enemies":"Chosen","floor":18.0,"turns":3.0},{"damage":60,"enemies":"Gremlin Leader","floor":23,"turns":5}],"seed_played":"-1141683562029395594","potions_obtained":[{"floor":8.0,"key":"PowerPotion"},{"floor":14.0,"key":"Block Potion"}],"is_trial":false,"path_per_floor":["M","M","$","?","?","R","E","M","T","R","E","$","?","E","R","B",null,"M","?","?","?","?","E"],"character_chosen":"THE_SILENT","items_purchased":["Quick Slash","Bouncing Flask","Footwork","Ninja Scroll","Panacea+1"],"campfire_rested":1,"item_purchase_floors":[3,3,12,12,12],"current_hp_per_floor":[59,59,59,48,48,48,48,48,48,48,40,40,32,17,51,19,54,54,33,46,46,46,0],"gold":338,"neow_bonus":"THREE_ENEMY_KILL","is_prod":false,"is_daily":false,"chose_seed":false,"campfire_upgraded":2,"win_rate":0,"timestamp":1553954419,"path_taken":["M","M","$","?","?","R","E","?","T","R","E","?","?","E","R","BOSS","M","?","?","?","?","E"],"build_version":"2019-01-23","purchased_purges":1,"victory":false,"max_hp_per_floor":[66,66,66,66,66,66,66,66,66,66,66,66,66,66,66,66,66,66,66,66,66,66,66],"card_choices":[{"not_picked":["Deflect","Slice"],"picked":"Terror","floor":1.0},{"not_picked":["PiercingWail","Backflip"],"picked":"Dagger Throw","floor":2.0},{"not_picked":["Eviscerate","Blur"],"picked":"Glass Knife","floor":7.0},{"not_picked":["Dagger Throw","Dagger Spray"],"picked":"Riddle With Holes","floor":8.0},{"not_picked":["Quick Slash","Dash"],"picked":"Acrobatics+1","floor":11.0},{"not_picked":["Flying Knee","Dagger Throw"],"picked":"Prepared+1","floor":13.0},{"not_picked":["Dagger Spray","Prepared+1","Poisoned Stab"],"picked":"SKIP","floor":14.0},{"not_picked":["After Image","A Thousand Cuts"],"picked":"Burst+1","floor":16.0},{"not_picked":["Sucker Punch","Backflip+1"],"picked":"Blade Dance+1","floor":18.0}],"player_experience":882381,"relics_obtained":[{"floor":7.0,"key":"The Courier"},{"floor":9.0,"key":"Toxic Egg 2"},{"floor":11.0,"key":"Lantern"},{"floor":13.0,"key":"Regal Pillow"},{"floor":14.0,"key":"Tough Bandages"},{"floor":19.0,"key":"Enchiridion"}],"event_choices":[{"damage_healed":0.0,"max_hp_gain":0.0,"max_hp_loss":0.0,"gold_gain":75.0,"event_name":"World of Goop","player_choice":"Gather Gold","floor":4.0,"gold_loss":0.0,"damage_taken":11.0},{"damage_healed":0.0,"max_hp_gain":0.0,"max_hp_loss":0.0,"gold_gain":275.0,"event_name":"Golden Shrine","player_choice":"Desecrate","floor":5.0,"gold_loss":0.0,"damage_taken":0.0,"cards_obtained":["Regret"]},{"damage_healed":0.0,"max_hp_gain":0.0,"max_hp_loss":0.0,"gold_gain":0.0,"event_name":"Dead Adventurer","player_choice":"Searched \u00271\u0027 times","floor":13.0,"gold_loss":0.0,"damage_taken":0.0},{"damage_healed":0.0,"max_hp_gain":0.0,"max_hp_loss":0.0,"gold_gain":0.0,"event_name":"Cursed Tome","player_choice":"Obtained Book","floor":19.0,"gold_loss":0.0,"damage_taken":21.0},{"damage_healed":13.0,"max_hp_gain":0.0,"max_hp_loss":0.0,"gold_gain":0.0,"event_name":"The Library","player_choice":"Heal","floor":20.0,"gold_loss":0.0,"damage_taken":0.0},{"damage_healed":0.0,"max_hp_gain":0.0,"max_hp_loss":0.0,"gold_gain":0.0,"event_name":"Addict","player_choice":"Obtained Relic","floor":21.0,"gold_loss":85.0,"damage_taken":0.0,"relics_obtained":["Molten Egg 2"]},{"damage_healed":0.0,"max_hp_gain":0.0,"max_hp_loss":0.0,"gold_gain":200.0,"event_name":"Wheel of Change","player_choice":"Gold","floor":22.0,"gold_loss":0.0,"damage_taken":0.0}],"is_beta":false,"boss_relics":[{"not_picked":["Fusion Hammer","Orrery"],"picked":"Eternal Feather"}],"items_purged_floors":[12],"is_endless":false,"potions_floor_spawned":[8,14],"killed_by":"Gremlin Leader","ascension_level":20}