{"gold_per_floor":[114,129,144,144,163,163,201,201,201,220,239,81,100,100,100,225,288,307,307,307,307,307,345,345,157,207,245,245,264,302,321,321,446,446,465,196,196,146,165,165,265,265,265,303,322,341,341,43,43,43],"floor_reached":51,"playtime":3526,"items_purged":["Defend_G","Defend_R"],"score":783,"play_id":"88b9b48d-124b-4ffc-9f20-46026a594959","local_time":"20190402204026","daily_mods":["Chimera","Vintage","Binary"],"is_ascension_mode":false,"campfire_choices":[{"floor":6.0,"key":"REST"},{"floor":8.0,"key":"REST"},{"floor":15.0,"key":"REST"},{"data":"Footwork","floor":24.0,"key":"SMITH"},{"data":"Footwork","floor":28.0,"key":"SMITH"},{"data":"Bash","floor":32.0,"key":"SMITH"},{"data":"Infinite Blades","floor":40.0,"key":"SMITH"},{"data":"Dodge and Roll","floor":42.0,"key":"SMITH"},{"data":"Panacea","floor":47.0,"key":"SMITH"},{"data":"Blade Dance","floor":49,"key":"SMITH"}],"neow_cost":"","seed_source_timestamp":0,"circlet_count":0,"master_deck":["Bash+1","Survivor","Zap+1","Defend_B","Dagger Throw+1","Footwork+1","Crippling Poison","Blade Dance+1","Bullet Time","Necronomicurse","Bite+1","Bite+1","Bite+1","Bite+1","Bite+1","Dodge and Roll+1","Footwork+1","Deflect","Quick Slash+1","Infinite Blades+1","Dodge and Roll+1","Sucker Punch+1","Jack Of All Trades","Madness","Panacea+1","Quick Slash+1","Infinite Blades+1","Blade Dance"],"special_seed":17988,"relics":["Ring of the Snake","Prayer Wheel","Strawberry","Shuriken","Golden Idol","Smiling Mask","Torii","Dodecahedron","Mango","Art of War","Happy Flower","Tiny House","Molten Egg 2","Necronomicon","Snake Skull","Bag of Marbles","Du-Vu Doll","Mummified Hand","PreservedInsect","Pen Nib","Sozu","Orichalcum","Bronze Scales","Ornamental Fan","Pocketwatch","Incense Burner","Unceasing Top","Centennial Puzzle","Kunai"],"potions_floor_usage":[],"damage_taken":[{"damage":1.0,"enemies":"Cultist","floor":1.0,"turns":4.0},{"damage":2.0,"enemies":"Small Slimes","floor":2.0,"turns":3.0},{"damage":5.0,"enemies":"Jaw Worm","floor":3.0,"turns":6.0},{"damage":11.0,"enemies":"Looter","floor":5.0,"turns":4.0},{"damage":41.0,"enemies":"3 Sentries","floor":7.0,"turns":13.0},{"damage":0.0,"enemies":"Blue Slaver","floor":10.0,"turns":4.0},{"damage":1.0,"enemies":"3 Louse","floor":11.0,"turns":5.0},{"damage":1.0,"enemies":"Large Slime","floor":13.0,"turns":7.0},{"damage":22.0,"enemies":"Slime Boss","floor":16.0,"turns":10.0},{"damage":2.0,"enemies":"2 Thieves","floor":18.0,"turns":3.0},{"damage":14.0,"enemies":"Colosseum Slavers","floor":21.0,"turns":4.0},{"damage":37.0,"enemies":"Slavers","floor":23.0,"turns":6.0},{"damage":2.0,"enemies":"Book of Stabbing","floor":27.0,"turns":5.0},{"damage":11.0,"enemies":"Shell Parasite","floor":29.0,"turns":5.0},{"damage":13.0,"enemies":"Gremlin Leader","floor":30.0,"turns":5.0},{"damage":11.0,"enemies":"Snecko","floor":31.0,"turns":4.0},{"damage":15.0,"enemies":"Collector","floor":33.0,"turns":9.0},{"damage":12.0,"enemies":"3 Darklings","floor":35.0,"turns":5.0},{"damage":2.0,"enemies":"3 Shapes","floor":39.0,"turns":2.0},{"damage":1.0,"enemies":"Giant Head","floor":44.0,"turns":4.0},{"damage":1.0,"enemies":"Spire Growth","floor":45.0,"turns":3.0},{"damage":0.0,"enemies":"4 Shapes","floor":46.0,"turns":2.0},{"damage":10,"enemies":"Awakened One","floor":50,"turns":8}],"seed_played":"1331452613733458112","potions_obtained":[{"floor":2.0,"key":"Dexterity Potion"},{"floor":7.0,"key":"GamblersBrew"},{"floor":13.0,"key":"SpeedPotion"},{"floor":16.0,"key":"Dexterity Potion"},{"floor":31.0,"key":"GhostInAJar"},{"floor":33.0,"key":"Swift Potion"}],"is_trial":false,"path_per_floor":["M","M","M","?","M","R","E","R","T","M","M","$","M","?","R","B",null,"M","?","?","?","?","E","R","$","T","E","R","M","E","M","R","B",null,"M","$","?","$","M","R","?","R","T","E","M","M","R","$","R","B",null],"character_chosen":"THE_SILENT","items_purchased":["Footwork","Crippling Poison","Blade Dance","Footwork","Deflect","Quick Slash+1","Dodge and Roll","Sucker Punch+1","Bronze Scales","Quick Slash+1","Kunai","Blade Dance"],"campfire_rested":3,"item_purchase_floors":[12,12,12,25,25,25,36,36,36,38,48,48],"current_hp_per_floor":[69,74,69,50,39,62,21,44,44,58,57,57,56,38,65,43,96,94,94,78,64,64,48,48,48,48,52,52,50,58,59,59,65,67,67,67,57,57,64,64,64,64,64,67,67,67,67,67,67,67],"gold":43,"neow_bonus":"","is_prod":false,"is_daily":true,"chose_seed":false,"campfire_upgraded":7,"win_rate":0,"timestamp":1554252026,"path_taken":["M","?","M","?","M","R","E","R","T","M","M","?","M","?","R","BOSS","M","?","?","?","?","E","R","$","T","E","R","M","E","M","R","BOSS","M","$","?","$","M","R","?","R","T","E","M","?","R","$","R","BOSS"],"build_version":"2019-01-23","purchased_purges":2,"victory":true,"max_hp_per_floor":[70,77,77,77,77,77,77,77,77,91,91,91,91,91,91,91,96,96,96,96,96,67,67,67,67,67,67,67,67,67,67,67,67,67,67,67,67,67,67,67,67,67,67,67,67,67,67,67,67,67],"card_choices":[{"not_picked":["Underhanded Strike"],"picked":"Dagger Throw","floor":7.0},{"not_picked":["Burst"],"picked":"Bullet Time","floor":16.0},{"not_picked":["Skewer+1"],"picked":"Dodge and Roll+1","floor":23.0},{"not_picked":["Heel Hook+1","Noxious Fumes"],"picked":"SKIP","floor":27.0},{"not_picked":["Choke+1"],"picked":"Infinite Blades","floor":30.0},{"not_picked":["Trip"],"picked":"Jack Of All Trades","floor":37.0},{"not_picked":["PanicButton"],"picked":"Madness","floor":37.0},{"not_picked":["Blind"],"picked":"Panacea","floor":37.0},{"not_picked":["Blade Dance"],"picked":"Infinite Blades+1","floor":44.0}],"player_experience":251329,"relics_obtained":[{"floor":1.0,"key":"Prayer Wheel"},{"floor":2.0,"key":"Strawberry"},{"floor":3.0,"key":"Shuriken"},{"floor":5.0,"key":"Smiling Mask"},{"floor":7.0,"key":"Torii"},{"floor":9.0,"key":"Dodecahedron"},{"floor":10.0,"key":"Mango"},{"floor":11.0,"key":"Art of War"},{"floor":13.0,"key":"Happy Flower"},{"floor":18.0,"key":"Molten Egg 2"},{"floor":20.0,"key":"Necronomicon"},{"floor":23.0,"key":"Snake Skull"},{"floor":26.0,"key":"Bag of Marbles"},{"floor":27.0,"key":"Du-Vu Doll"},{"floor":29.0,"key":"Mummified Hand"},{"floor":30.0,"key":"PreservedInsect"},{"floor":31.0,"key":"Pen Nib"},{"floor":35.0,"key":"Orichalcum"},{"floor":39.0,"key":"Ornamental Fan"},{"floor":43.0,"key":"Pocketwatch"},{"floor":44.0,"key":"Incense Burner"},{"floor":45.0,"key":"Unceasing Top"},{"floor":46.0,"key":"Centennial Puzzle"}],"event_choices":[{"damage_healed":0.0,"max_hp_gain":0.0,"max_hp_loss":0.0,"gold_gain":0.0,"event_name":"Golden Idol","player_choice":"Take Damage","floor":4.0,"gold_loss":0.0,"damage_taken":19.0,"relics_obtained":["Golden Idol"]},{"damage_healed":0.0,"max_hp_gain":0.0,"max_hp_loss":0.0,"gold_gain":0.0,"event_name":"Shining Light","player_choice":"Entered Light","floor":14.0,"gold_loss":0.0,"damage_taken":18.0,"cards_upgraded":["Strike_R","Dagger Throw"]},{"damage_healed":0.0,"max_hp_gain":0.0,"max_hp_loss":0.0,"gold_gain":0.0,"event_name":"Cursed Tome","player_choice":"Obtained Book","floor":20.0,"gold_loss":0.0,"damage_taken":16.0},{"damage_healed":0.0,"max_hp_gain":0.0,"max_hp_loss":0.0,"gold_gain":0.0,"event_name":"Colosseum","player_choice":"Fight","floor":21.0,"gold_loss":0.0,"damage_taken":0.0},{"damage_healed":0.0,"max_hp_gain":0.0,"max_hp_loss":0.0,"gold_gain":0.0,"event_name":"Colosseum","player_choice":"Fled From Nobs","floor":21.0,"gold_loss":0.0,"damage_taken":0.0},{"damage_healed":0.0,"max_hp_gain":0.0,"max_hp_loss":29.0,"gold_gain":0.0,"event_name":"Vampires","player_choice":"Became a vampire","floor":22.0,"gold_loss":0.0,"damage_taken":0.0,"cards_obtained":["Bite","Bite","Bite","Bite","Bite"]},{"damage_healed":0.0,"max_hp_gain":0.0,"max_hp_loss":0.0,"gold_gain":0.0,"event_name":"SensoryStone","player_choice":"Memory 3","floor":37.0,"gold_loss":0.0,"damage_taken":10.0},{"damage_healed":0.0,"max_hp_gain":0.0,"max_hp_loss":0.0,"gold_gain":100.0,"event_name":"Golden Shrine","player_choice":"Pray","floor":41.0,"gold_loss":0.0,"damage_taken":0.0}],"is_beta":false,"boss_relics":[{"not_picked":["Calling Bell","Astrolabe"],"picked":"Tiny House"},{"not_picked":["Runic Dome","HoveringKite"],"picked":"Sozu"}],"items_purged_floors":[25,36],"is_endless":false,"potions_floor_spawned":[2,7,13,16,27,31,33,45],"ascension_level":0}