{"gold_per_floor":[367,377,390,410,420,420,420,420,468,468,468,487,505,128,128,223,223,236,94,114,139,158,158,183,183,210,110,110,110,110,134,134,134],"floor_reached":33,"playtime":1123,"items_purged":["Strike_B","Strike_B"],"score":482,"play_id":"d8f056d9-d8eb-49ad-a2ef-7e9520c8b218","local_time":"20190424213841","is_ascension_mode":true,"campfire_choices":[{"data":"Zap","floor":6,"key":"SMITH"},{"data":"Dualcast","floor":8,"key":"SMITH"},{"data":"Sunder","floor":15,"key":"SMITH"},{"data":"Defragment","floor":23,"key":"SMITH"},{"data":"Turbo","floor":25,"key":"SMITH"},{"data":"Fission","floor":30,"key":"SMITH"},{"data":"Coolheaded","floor":32,"key":"SMITH"}],"neow_cost":"PERCENT_DAMAGE","seed_source_timestamp":108808592386921,"circlet_count":0,"master_deck":["AscendersBane","Strike_B","Defend_B","Defend_B","Defend_B","Defend_B","Zap+1","Dualcast+1","Coolheaded","Undo","Compile Driver","Conserve Battery","Coolheaded+1","Gash","Sunder+1","Fission+1","Turbo+1","Defragment+1","Steam","Beam Cell","BootSequence","Hologram","Heatsinks"],"relics":["Cracked Core","Golden Idol","Centennial Puzzle","Bag of Preparation","Runic Pyramid","Vajra"],"potions_floor_usage":[4,16],"damage_taken":[{"damage":1,"enemies":"2 Louse","floor":1,"turns":3},{"damage":15,"enemies":"Jaw Worm","floor":2,"turns":4},{"damage":3,"enemies":"Small Slimes","floor":3,"turns":4},{"damage":4,"enemies":"Red Slaver","floor":4,"turns":3},{"damage":8,"enemies":"3 Louse","floor":5,"turns":2},{"damage":18,"enemies":"Exordium Wildlife","floor":12,"turns":4},{"damage":0,"enemies":"Blue Slaver","floor":13,"turns":4},{"damage":41,"enemies":"Hexaghost","floor":16,"turns":12},{"damage":0,"enemies":"Chosen","floor":18,"turns":5},{"damage":0,"enemies":"3 Byrds","floor":20,"turns":5},{"damage":12,"enemies":"Snake Plant","floor":21,"turns":3},{"damage":1,"enemies":"Sentry and Sphere","floor":22,"turns":6},{"damage":0,"enemies":"Centurion and Healer","floor":24,"turns":7},{"damage":1,"enemies":"Snake Plant","floor":31,"turns":3},{"damage":58,"enemies":"Champ","floor":33,"turns":14}],"seed_played":"2643437686030296238","potions_obtained":[{"floor":1,"key":"Ancient Potion"},{"floor":3,"key":"Fire Potion"},{"floor":12,"key":"FairyPotion"},{"floor":16,"key":"Poison Potion"}],"is_trial":false,"path_per_floor":["M","M","M","M","M","R","?","R","T","?","?","M","M","$","R","B",null,"M","$","M","M","M","R","M","R","T","$","?","$","R","M","R","B"],"character_chosen":"DEFECT","items_purchased":["Bag of Preparation","Sunder","PowerPotion","Turbo","Defragment"],"campfire_rested":0,"item_purchase_floors":[14,14,14,19,19],"current_hp_per_floor":[45,30,27,23,15,15,15,15,15,8,64,46,46,46,46,5,49,49,49,49,37,36,36,36,36,36,36,36,36,36,35,35,0],"gold":134,"neow_bonus":"TWO_FIFTY_GOLD","is_prod":false,"is_daily":false,"chose_seed":false,"campfire_upgraded":7,"win_rate":0,"timestamp":1556113121,"path_taken":["M","M","M","M","M","R","?","R","T","?","?","M","?","$","R","BOSS","M","$","M","?","M","R","M","R","T","$","?","$","R","M","R","BOSS"],"build_version":"2019-01-23","purchased_purges":2,"victory":false,"max_hp_per_floor":[71,71,71,71,71,71,64,64,64,64,64,64,64,64,64,64,64,64,64,64,64,64,64,64,64,64,64,64,64,64,64,64,64],"card_choices":[{"not_picked":["Static Discharge","Hologram"],"picked":"Coolheaded","floor":1},{"not_picked":["Hologram","Sweeping Beam"],"picked":"Doom and Gloom","floor":2},{"not_picked":["FTL","Doom and Gloom"],"picked":"Undo","floor":3},{"not_picked":["Steam Power","Reprogram"],"picked":"Compile Driver","floor":4},{"not_picked":["Redo","Reboot"],"picked":"Conserve Battery","floor":5},{"not_picked":["Conserve Battery","Auto Shields"],"picked":"Coolheaded","floor":12},{"not_picked":["Steam","Rebound"],"picked":"Gash","floor":13},{"not_picked":["Multi-Cast","Amplify"],"picked":"Fission","floor":16},{"not_picked":["Compile Driver+1","Aggregate","Rebound"],"picked":"SKIP","floor":18},{"not_picked":["Conserve Battery","Steam","Rip and Tear+1"],"picked":"SKIP","floor":20},{"not_picked":["Conserve Battery","Rip and Tear+1"],"picked":"Steam","floor":20},{"not_picked":["Reprogram+1","Sweeping Beam"],"picked":"Beam Cell","floor":21},{"not_picked":["Loop","Leap"],"picked":"BootSequence","floor":22},{"not_picked":["Go for the Eyes","Leap"],"picked":"Hologram","floor":24},{"not_picked":["Rebound","Lockon"],"picked":"Heatsinks","floor":31}],"player_experience":1466368,"relics_obtained":[{"floor":9,"key":"Centennial Puzzle"},{"floor":26,"key":"Vajra"}],"event_choices":[{"damage_healed":0,"gold_gain":0,"player_choice":"Lose Max HP","damage_taken":0,"relics_obtained":["Golden Idol"],"max_hp_gain":0,"max_hp_loss":7,"event_name":"Golden Idol","floor":7,"gold_loss":0},{"cards_removed":["Strike_B"],"damage_healed":0,"gold_gain":0,"player_choice":"Card Removal","damage_taken":7,"max_hp_gain":0,"max_hp_loss":0,"event_name":"Golden Wing","floor":10,"gold_loss":0},{"cards_removed":["Doom and Gloom"],"damage_healed":56,"gold_gain":0,"player_choice":"Offered Uncommon","damage_taken":0,"max_hp_gain":0,"max_hp_loss":0,"event_name":"Bonfire Elementals","floor":11,"gold_loss":0},{"damage_healed":0,"gold_gain":0,"player_choice":"Ignored","damage_taken":0,"max_hp_gain":0,"max_hp_loss":0,"event_name":"Vampires","floor":28,"gold_loss":0}],"is_beta":false,"boss_relics":[{"not_picked":["Coffee Dripper","Fusion Hammer"],"picked":"Runic Pyramid"}],"items_purged_floors":[14,27],"is_endless":false,"potions_floor_spawned":[1,3,12,13,16,22,31],"killed_by":"Champ","ascension_level":20}