{"gold_per_floor":[110,110,185,335,335,335,370,370,370,401,414,37,80,80,80,170,170,193,208,208,208,222,222,272,272,272,272,311,327,327,242,242,333,333,353,353,270,285,285],"floor_reached":39,"playtime":1350,"items_purged":["Doubt"],"score":922,"play_id":"7ee11e2c-4a36-4c5e-92c6-e31062d7e83c","local_time":"20190417150356","is_ascension_mode":true,"campfire_choices":[{"data":"Zap","floor":6.0,"key":"SMITH"},{"data":"Dualcast","floor":8.0,"key":"SMITH"},{"floor":15,"key":"REST"},{"data":"Buffer","floor":23,"key":"SMITH"},{"data":"Seek","floor":25,"key":"SMITH"},{"data":"Go for the Eyes","floor":27,"key":"SMITH"},{"floor":30,"key":"REST"},{"floor":32,"key":"REST"}],"neow_cost":"NONE","seed_source_timestamp":0,"circlet_count":0,"master_deck":["AscendersBane","Zap+1","Dualcast+1","Compile Driver+1","Injury","Electrodynamics","Machine Learning","Gash","Reboot","Beam Cell","Buffer+1","Meteor Strike+1","All For One","Storm","Beam Cell","Seek+1","Chaos","Skim","Glacier","Go for the Eyes+1","Conserve Battery","Capacitor","Turbo","Thunder Strike","Glacier","Barrage"],"special_seed":0,"relics":["Cracked Core","NeowsBlessing","Golden Idol","Sundial","Pantograph","Mercury Hourglass","Membership Card","Anchor","Smiling Mask","Pandora\u0027s Box","Emotion Chip","Bottled Flame","Strawberry","Inserter","Whetstone"],"potions_floor_usage":[16,29,29,33,38],"damage_taken":[{"damage":0.0,"enemies":"Jaw Worm","floor":1.0,"turns":1.0},{"damage":0.0,"enemies":"Lagavulin","floor":7.0,"turns":1.0},{"damage":0.0,"enemies":"Gremlin Nob","floor":10.0,"turns":1.0},{"damage":0.0,"enemies":"Small Slimes","floor":11.0,"turns":2.0},{"damage":15,"enemies":"3 Sentries","floor":13,"turns":3},{"damage":39,"enemies":"The Guardian","floor":16,"turns":9},{"damage":12,"enemies":"2 Thieves","floor":18,"turns":2},{"damage":0,"enemies":"3 Byrds","floor":19,"turns":2},{"damage":5,"enemies":"Centurion and Healer","floor":22,"turns":5},{"damage":32,"enemies":"Gremlin Leader","floor":28,"turns":6},{"damage":11,"enemies":"Chosen and Byrds","floor":29,"turns":5},{"damage":8,"enemies":"Collector","floor":33,"turns":6},{"damage":0,"enemies":"Orb Walker","floor":35,"turns":3},{"damage":24,"enemies":"3 Darklings","floor":38,"turns":3},{"damage":54,"enemies":"Jaw Worm Horde","floor":39,"turns":4}],"seed_played":"-8338448817736516695","potions_obtained":[{"floor":7.0,"key":"Poison Potion"},{"floor":10.0,"key":"Ancient Potion"},{"floor":16,"key":"EssenceOfSteel"},{"floor":22,"key":"EntropicBrew"},{"floor":33,"key":"LiquidBronze"}],"is_trial":false,"path_per_floor":["M","?","?","?","?","R","E","R","T","E","M","$","E","T","R","B",null,"M","M","?","?","M","R","?","R","T","R","E","M","R","?","R","B",null,"M","?","$","M","M"],"character_chosen":"DEFECT","items_purchased":["Membership Card","Reboot","Whetstone"],"campfire_rested":3,"item_purchase_floors":[12,12,37],"current_hp_per_floor":[64,64,53,53,53,53,53,53,53,53,53,53,38,38,59,32,61,49,49,49,49,44,44,44,44,44,44,12,1,22,29,52,69,76,76,74,74,50,0],"gold":285,"neow_bonus":"THREE_ENEMY_KILL","is_prod":false,"is_daily":false,"chose_seed":false,"campfire_upgraded":5,"win_rate":0,"timestamp":1555527836,"path_taken":["M","?","?","?","?","R","E","R","T","E","M","$","E","?","R","BOSS","M","M","?","?","M","R","?","R","T","R","E","M","R","?","R","BOSS","M","?","$","M","M"],"build_version":"2019-01-23","purchased_purges":1,"victory":false,"max_hp_per_floor":[71,71,71,71,71,71,71,71,71,71,71,71,71,71,71,71,71,71,71,71,71,71,71,71,71,71,71,71,71,71,78,78,78,78,78,74,74,74,74],"card_choices":[{"not_picked":["Streamline","Auto Shields"],"picked":"Compile Driver","floor":1.0},{"not_picked":["Rebound","Hologram"],"picked":"Electrodynamics","floor":7.0},{"not_picked":["Coolheaded","Turbo"],"picked":"Machine Learning","floor":10.0},{"not_picked":["Streamline","Go for the Eyes"],"picked":"Gash","floor":11.0},{"not_picked":["Sweeping Beam","Darkness"],"picked":"Beam Cell","floor":13},{"not_picked":["Electrodynamics","Seek"],"picked":"Buffer","floor":16},{"not_picked":["Sweeping Beam","Streamline"],"picked":"Go for the Eyes","floor":18},{"not_picked":["Rebound","Doom and Gloom"],"picked":"Conserve Battery","floor":19},{"not_picked":["Hologram","Sunder"],"picked":"Capacitor","floor":22},{"not_picked":["Doom and Gloom","Skim+1"],"picked":"Turbo","floor":28},{"not_picked":["Fusion","Genetic Algorithm","Cold Snap"],"picked":"SKIP","floor":29},{"not_picked":["All For One","Buffer"],"picked":"Thunder Strike","floor":33},{"not_picked":["Cold Snap","Conserve Battery+1"],"picked":"Glacier","floor":35},{"not_picked":["Sweeping Beam","Compile Driver"],"picked":"Barrage","floor":38}],"player_experience":907211,"relics_obtained":[{"floor":7.0,"key":"Sundial"},{"floor":9.0,"key":"Pantograph"},{"floor":10.0,"key":"Mercury Hourglass"},{"floor":13,"key":"Anchor"},{"floor":14,"key":"Smiling Mask"},{"floor":26,"key":"Emotion Chip"},{"floor":28,"key":"Bottled Flame"}],"event_choices":[{"damage_healed":0.0,"max_hp_gain":0.0,"max_hp_loss":0.0,"gold_gain":0.0,"event_name":"Scrap Ooze","player_choice":"Fled","floor":2.0,"gold_loss":0.0,"damage_taken":0.0},{"damage_healed":0.0,"max_hp_gain":0.0,"max_hp_loss":0.0,"gold_gain":75.0,"event_name":"World of Goop","player_choice":"Gather Gold","floor":3.0,"gold_loss":0.0,"damage_taken":11.0},{"damage_healed":0.0,"max_hp_gain":0.0,"max_hp_loss":0.0,"gold_gain":150.0,"event_name":"Liars Game","player_choice":"AGREE","floor":4.0,"gold_loss":0.0,"damage_taken":0.0,"cards_obtained":["Doubt"]},{"damage_healed":0.0,"max_hp_gain":0.0,"max_hp_loss":0.0,"gold_gain":0.0,"event_name":"Golden Idol","player_choice":"Take Wound","floor":5.0,"gold_loss":0.0,"damage_taken":0.0,"relics_obtained":["Golden Idol"],"cards_obtained":["Injury"]},{"damage_healed":0,"gold_gain":0,"player_choice":"Ignored","damage_taken":0,"max_hp_gain":0,"max_hp_loss":0,"event_name":"Vampires","floor":20,"gold_loss":0},{"damage_healed":0,"gold_gain":0,"player_choice":"Ignored","damage_taken":0,"max_hp_gain":0,"max_hp_loss":0,"event_name":"Ghosts","floor":21,"gold_loss":0},{"damage_healed":0,"gold_gain":50,"player_choice":"Stole From Cult","damage_taken":0,"max_hp_gain":0,"max_hp_loss":0,"event_name":"Nest","floor":24,"gold_loss":0},{"damage_healed":0,"gold_gain":0,"player_choice":"Obtained Relic","damage_taken":0,"relics_obtained":["Strawberry"],"max_hp_gain":0,"max_hp_loss":0,"event_name":"Addict","floor":31,"gold_loss":85},{"damage_healed":0,"gold_gain":0,"player_choice":"Max HP","damage_taken":0,"max_hp_gain":0,"max_hp_loss":4,"event_name":"Winding Halls","floor":36,"gold_loss":0}],"is_beta":false,"boss_relics":[{"not_picked":["Orrery","Astrolabe"],"picked":"Pandora\u0027s Box"},{"not_picked":["Philosopher\u0027s Stone","Fusion Hammer"],"picked":"Inserter"}],"items_purged_floors":[12],"is_endless":false,"potions_floor_spawned":[7,10,11,16,19,22,33],"killed_by":"Jaw Worm Horde","ascension_level":20}