{"gold_per_floor":[111,127,142,317,317,352,352,60,86,86,122,77],"floor_reached":12,"playtime":577,"items_purged":[],"score":90,"play_id":"3ecb5866-db94-4e70-843b-32071ac4fdbb","local_time":"20181231152859","is_ascension_mode":true,"campfire_choices":[{"floor":10,"key":"REST"}],"neow_cost":"NONE","seed_source_timestamp":261258579086500,"circlet_count":0,"master_deck":["Strike_B","Strike_B","Strike_B","Strike_B","Defend_B","Defend_B","Defend_B","Defend_B","Zap","Dualcast","Hologram","Double Energy","Cold Snap","Doubt","Regret","Melter","Injury","Conserve Battery"],"relics":["Cracked Core","Art of War","Matryoshka","Golden Idol","Ice Cream","Juzu Bracelet","Oddly Smooth Stone","Question Card"],"potions_floor_usage":[],"damage_taken":[{"damage":1,"enemies":"Cultist","floor":1,"turns":3},{"damage":0,"enemies":"Small Slimes","floor":2,"turns":3},{"damage":8,"enemies":"2 Louse","floor":3,"turns":2},{"damage":40,"enemies":"Lagavulin","floor":6,"turns":8},{"damage":53,"enemies":"Gremlin Nob","floor":11,"turns":5},{"damage":5,"enemies":"Looter","floor":12,"turns":3}],"seed_played":"-1645630438770802423","potions_obtained":[{"floor":1,"key":"Block Potion"},{"floor":3,"key":"Dexterity Potion"},{"floor":6,"key":"FocusPotion"}],"is_trial":false,"path_per_floor":["M","M","M","?","?","E","?","$","T","R","E","M"],"character_chosen":"DEFECT","items_purchased":["Ice Cream"],"campfire_rested":1,"item_purchase_floors":[8],"current_hp_per_floor":[81,81,73,73,73,33,33,33,33,57,4,0],"gold":77,"neow_bonus":"TEN_PERCENT_HP_BONUS","is_prod":false,"is_daily":false,"chose_seed":false,"campfire_upgraded":0,"win_rate":0,"timestamp":1546298939,"path_taken":["M","M","?","?","?","E","?","$","T","R","E","M"],"build_version":"2018-12-20","purchased_purges":0,"victory":false,"max_hp_per_floor":[82,82,82,82,82,82,82,82,82,82,82,82],"card_choices":[{"not_picked":["Beam Cell","Scrape"],"picked":"Hologram","floor":1},{"not_picked":["Skim","Cold Snap"],"picked":"Double Energy","floor":2},{"not_picked":["Hologram","Rebound"],"picked":"Cold Snap","floor":3},{"not_picked":["Heatsinks","Gash"],"picked":"Melter","floor":6},{"not_picked":["Streamline","Steam Power"],"picked":"Conserve Battery","floor":11}],"player_experience":188081,"relics_obtained":[{"floor":6,"key":"Matryoshka"},{"floor":9,"key":"Juzu Bracelet"},{"floor":9,"key":"Oddly Smooth Stone"},{"floor":11,"key":"Question Card"}],"event_choices":[{"damage_healed":0,"gold_gain":175,"player_choice":"AGREE","damage_taken":0,"max_hp_gain":0,"max_hp_loss":0,"event_name":"Liars Game","floor":4,"gold_loss":0,"cards_obtained":["Doubt"]},{"damage_healed":0,"gold_gain":0,"player_choice":"Box","damage_taken":0,"relics_obtained":["Art of War"],"max_hp_gain":0,"max_hp_loss":0,"event_name":"Big Fish","floor":5,"gold_loss":0,"cards_obtained":["Regret"]},{"damage_healed":0,"gold_gain":0,"player_choice":"Take Wound","damage_taken":0,"relics_obtained":["Golden Idol"],"max_hp_gain":0,"max_hp_loss":0,"event_name":"Golden Idol","floor":7,"gold_loss":0,"cards_obtained":["Injury"]}],"is_beta":false,"boss_relics":[],"items_purged_floors":[],"is_endless":false,"potions_floor_spawned":[1,3,6],"killed_by":"Looter","ascension_level":1}