{"gold_per_floor":[17,192,207,132,145,172,172,184,231,331,331,331,331,347,347,347],"floor_reached":16,"playtime":663,"items_purged":["Doubt"],"score":110,"play_id":"0eae5f32-91ad-49fd-921b-1b41080af03d","local_time":"20180716000619","is_ascension_mode":true,"campfire_choices":[{"floor":13,"key":"REST"},{"data":"Coolheaded","floor":15,"key":"SMITH"}],"neow_cost":"NO_GOLD","seed_source_timestamp":348102238124521,"circlet_count":0,"master_deck":["Strike_B","Strike_B","Defend_B","Defend_B","Defend_B","Zap","Dualcast","Streamline","Heatsinks","Gash","BootSequence","Coolheaded+1","Gash","Hologram"],"relics":["Cracked Core","Question Card","Regal Pillow","SsserpentHead"],"potions_floor_usage":[16],"damage_taken":[{"damage":0,"enemies":"2 Louse","floor":1,"turns":1},{"damage":1,"enemies":"Cultist","floor":3,"turns":3},{"damage":5,"enemies":"Small Slimes","floor":5,"turns":3},{"damage":26,"enemies":"Lagavulin","floor":6,"turns":5},{"damage":27,"enemies":"Exordium Thugs","floor":8,"turns":4},{"damage":2,"enemies":"Red Slaver","floor":14,"turns":2},{"damage":51,"enemies":"The Guardian","floor":16,"turns":9}],"seed_played":"-6956386562038887136","potions_obtained":[{"floor":3,"key":"Dexterity Potion"},{"floor":7,"key":"SteroidPotion"},{"floor":7,"key":"FocusPotion"},{"floor":7,"key":"Explosive Potion"}],"is_trial":false,"path_per_floor":["M","?","M","$","M","E","?","M","T","?","?","?","R","M","R"],"character_chosen":"DEFECT","items_purchased":[],"campfire_rested":1,"item_purchase_floors":[],"current_hp_per_floor":[75,75,74,74,69,43,43,16,16,16,16,16,53,51,51,0],"gold":347,"neow_bonus":"TRANSFORM_TWO_CARDS","is_prod":false,"is_daily":false,"chose_seed":false,"campfire_upgraded":1,"win_rate":0,"timestamp":1531692379,"path_taken":["M","?","M","$","M","E","?","M","T","?","?","?","R","M","R","BOSS"],"build_version":"2018-07-12","purchased_purges":1,"victory":false,"max_hp_per_floor":[75,75,75,75,75,75,75,75,75,75,75,75,75,75,75,75],"card_choices":[{"not_picked":["Ball Lightning","Lockon","Reprogram"],"picked":"SKIP","floor":1},{"not_picked":["Double Energy","Stack"],"picked":"Gash","floor":3},{"not_picked":["Turbo","Heatsinks"],"picked":"BootSequence","floor":5},{"not_picked":["Storm","Meteor Strike"],"picked":"Coolheaded","floor":6},{"not_picked":["Steam","Ball Lightning","BootSequence"],"picked":"Gash","floor":8},{"not_picked":["Meteor Strike","Go for the Eyes","Blizzard"],"picked":"Hologram","floor":14}],"player_experience":287466,"relics_obtained":[{"floor":6,"key":"Question Card"},{"floor":9,"key":"Regal Pillow"}],"event_choices":[{"event_name":"Liars Game","player_choice":"agreed","floor":2,"damage_taken":0},{"event_name":"The Lab","player_choice":"Got Potions","floor":7,"damage_taken":0},{"event_name":"Wheel of Change","player_choice":"Gold","floor":10,"damage_taken":0},{"event_name":"Bonfire Elementals","player_choice":"BASIC","floor":11,"damage_taken":0},{"event_name":"FaceTrader","player_choice":"Trade","floor":12,"damage_taken":0}],"boss_relics":[],"items_purged_floors":[4],"is_endless":false,"potions_floor_spawned":[3,8],"killed_by":"The Guardian","ascension_level":2}