{"gold_per_floor":[117,132,151,326,206,219,235,235,235,255,268,268,268,288,288,386,386,405,58,76,76,76],"floor_reached":22,"playtime":840,"items_purged":["Doubt","Glacier"],"score":180,"play_id":"18b37918-fdb1-4a32-85ac-95ceeb499531","local_time":"20180804180752","is_ascension_mode":false,"campfire_choices":[{"data":"Hologram","floor":8,"key":"SMITH"},{"data":"Gash","floor":13,"key":"SMITH"},{"data":"Hologram","floor":15,"key":"SMITH"}],"neow_cost":"","seed_source_timestamp":427652798701948,"circlet_count":0,"master_deck":["Strike_B","Strike_B","Strike_B","Strike_B","Defend_B","Defend_B","Defend_B","Defend_B","Zap","Dualcast","Fusion","Gash+1","Hologram+1","Hologram+1","Redo","Rebound","Hyperbeam","Compile Driver","Meteor Strike","Madness","Coolheaded+1"],"relics":["Cracked Core"],"potions_floor_usage":[10,16,16,20,22],"damage_taken":[{"damage":11,"enemies":"Jaw Worm","floor":1,"turns":3},{"damage":0,"enemies":"Cultist","floor":2,"turns":3},{"damage":7,"enemies":"Small Slimes","floor":3,"turns":3},{"damage":9,"enemies":"Exordium Wildlife","floor":6,"turns":5},{"damage":9,"enemies":"Blue Slaver","floor":7,"turns":4},{"damage":10,"enemies":"Lots of Slimes","floor":10,"turns":4},{"damage":5,"enemies":"3 Louse","floor":11,"turns":4},{"damage":23,"enemies":"Large Slime","floor":14,"turns":6},{"damage":12,"enemies":"The Guardian","floor":16,"turns":10},{"damage":39,"enemies":"2 Thieves","floor":18,"turns":4},{"damage":37,"enemies":"Spheric Guardian","floor":20,"turns":5},{"damage":12,"enemies":"Centurion and Healer","floor":22,"turns":1}],"seed_played":"3345320671412860128","potions_obtained":[{"floor":3,"key":"Energy Potion"},{"floor":6,"key":"Swift Potion"},{"floor":14,"key":"PowerPotion"},{"floor":16,"key":"Regen Potion"},{"floor":20,"key":"SneckoOil"}],"is_trial":false,"path_per_floor":["M","M","M","?","$","M","M","R","T","M","M","?","R","M","R","B",null,"M","$","M","?"],"character_chosen":"DEFECT","items_purchased":["Hologram","Meteor Strike","Madness"],"campfire_rested":0,"item_purchase_floors":[5,19,19],"current_hp_per_floor":[64,64,57,57,57,48,39,39,39,29,24,49,49,26,26,14,75,36,36,8,8,0],"gold":76,"neow_bonus":"","is_prod":false,"is_daily":false,"chose_seed":false,"campfire_upgraded":3,"win_rate":0,"timestamp":1533377272,"path_taken":["M","M","M","?","$","M","?","R","T","M","M","?","R","M","R","BOSS","M","$","?","?","M"],"build_version":"2018-08-02","purchased_purges":2,"victory":false,"max_hp_per_floor":[75,75,75,75,75,75,75,75,75,75,75,75,75,75,75,75,75,75,75,75,75,75],"card_choices":[{"not_picked":["Barrage","BootSequence"],"picked":"Glacier","floor":1},{"not_picked":["Compile Driver","Sweeping Beam"],"picked":"Fusion","floor":2},{"not_picked":["Cold Snap","Streamline"],"picked":"Gash","floor":3},{"not_picked":["Redo","Cold Snap"],"picked":"Hologram","floor":6},{"not_picked":["Streamline","Hello World","Redo"],"picked":"SKIP","floor":7},{"not_picked":["Sweeping Beam","Streamline"],"picked":"Redo","floor":10},{"not_picked":["Barrage","Ball Lightning","Hello World"],"picked":"SKIP","floor":11},{"not_picked":["Capacitor","Steam Power"],"picked":"Rebound","floor":14},{"not_picked":["Buffer","Thunder Strike"],"picked":"Hyperbeam","floor":16},{"not_picked":["Conserve Battery","Stack"],"picked":"Compile Driver","floor":18},{"not_picked":["White Noise","Hologram"],"picked":"Coolheaded+1","floor":20}],"player_experience":330138,"relics_obtained":[],"event_choices":[{"event_name":"Liars Game","player_choice":"agreed","floor":4,"damage_taken":0},{"event_name":"Big Fish","player_choice":"Banana","floor":12,"damage_taken":0},{"event_name":"The Mausoleum","player_choice":"No","floor":21,"damage_taken":0}],"is_beta":false,"boss_relics":[{"not_picked":["Sozu","Cursed Key","Lizard Tail"]}],"items_purged_floors":[5,19],"is_endless":false,"potions_floor_spawned":[3,6,14,16,20],"killed_by":"Centurion and Healer","ascension_level":0}