{"gold_per_floor":[111,173,131,131,142,142,176,176,176,176,205,205,222,251,251,251],"floor_reached":16,"playtime":232,"items_purged":[],"score":282,"play_id":"36e0a07f-7737-4896-b205-5ad06b1021fa","local_time":"20190417163833","is_ascension_mode":true,"campfire_choices":[{"data":"Whirlwind","floor":6.0,"key":"SMITH"},{"data":"Infernal Blade","floor":8.0,"key":"SMITH"},{"data":"Clothesline","floor":12.0,"key":"SMITH"},{"data":"Bash","floor":15.0,"key":"SMITH"}],"neow_cost":"NONE","seed_source_timestamp":0,"circlet_count":0,"master_deck":["AscendersBane","Strike_R","Strike_R","Strike_R","Strike_R","Strike_R","Defend_R","Defend_R","Defend_R","Defend_R","Bash+1","Clothesline+1","Whirlwind+1","Infernal Blade+1","Shockwave","Battle Trance"],"special_seed":0,"relics":["Burning Blood","NeowsBlessing","Paper Frog","Bottled Flame","Blue Candle","Pen Nib"],"potions_floor_usage":[],"damage_taken":[{"damage":0.0,"enemies":"2 Louse","floor":1.0,"turns":1.0},{"damage":0.0,"enemies":"Small Slimes","floor":5.0,"turns":1.0},{"damage":0.0,"enemies":"Lagavulin","floor":7.0,"turns":1.0},{"damage":20.0,"enemies":"Gremlin Nob","floor":11.0,"turns":4.0},{"damage":4.0,"enemies":"Cultist","floor":13.0,"turns":3.0},{"damage":35.0,"enemies":"3 Sentries","floor":14.0,"turns":5.0},{"damage":0,"enemies":"The Guardian","floor":16,"turns":1}],"seed_played":"8033732592029961039","potions_obtained":[{"floor":1.0,"key":"Swift Potion"},{"floor":4.0,"key":"Block Potion"},{"floor":11.0,"key":"Regen Potion"}],"is_trial":false,"path_per_floor":["M","?","$","?","M","R","E","R","T","$","E","R","M","E","R","B"],"character_chosen":"IRONCLAD","items_purchased":["Whirlwind"],"campfire_rested":0,"item_purchase_floors":[3],"current_hp_per_floor":[74,74,74,74,75,75,75,75,75,75,61,61,63,48,48,48],"gold":251,"neow_bonus":"THREE_ENEMY_KILL","is_prod":false,"is_daily":false,"chose_seed":false,"campfire_upgraded":4,"win_rate":0,"timestamp":1555533513,"path_taken":["M","?","$","?","?","R","E","R","T","?","E","R","M","E","R","BOSS"],"build_version":"2019-01-23","purchased_purges":0,"victory":false,"max_hp_per_floor":[75,75,75,75,75,75,75,75,75,75,75,75,75,75,75,75],"card_choices":[{"not_picked":["Entrench","Armaments"],"picked":"Clothesline","floor":1.0},{"not_picked":["Warcry","Heavy Blade"],"picked":"Infernal Blade","floor":5.0},{"not_picked":["Twin Strike","Heavy Blade"],"picked":"Shockwave","floor":7.0},{"not_picked":["Entrench","Body Slam","Wild Strike"],"picked":"SKIP","floor":11.0},{"not_picked":["Cleave","Intimidate"],"picked":"Battle Trance","floor":13.0},{"not_picked":["Evolve","Reckless Charge","Wild Strike"],"picked":"SKIP","floor":14.0}],"player_experience":911373,"relics_obtained":[{"floor":7.0,"key":"Paper Frog"},{"floor":9.0,"key":"Bottled Flame"},{"floor":11.0,"key":"Blue Candle"},{"floor":14.0,"key":"Pen Nib"}],"event_choices":[{"damage_healed":0.0,"max_hp_gain":0.0,"max_hp_loss":0.0,"gold_gain":62.0,"event_name":"Golden Wing","player_choice":"Gained Gold","floor":2.0,"gold_loss":0.0,"damage_taken":0.0},{"damage_healed":0.0,"max_hp_gain":0.0,"max_hp_loss":0.0,"gold_gain":0.0,"event_name":"Lab","player_choice":"Got Potions","floor":4.0,"gold_loss":0.0,"damage_taken":0.0}],"is_beta":false,"boss_relics":[],"items_purged_floors":[],"is_endless":false,"potions_floor_spawned":[1,11],"killed_by":"The Guardian","ascension_level":20}