{"gold_per_floor":[110,285,560,578,596,627,627,627,704,704,721,752,378,378,378,378],"floor_reached":16,"playtime":687,"items_purged":["Defend_G"],"score":113,"play_id":"a158d37b-8684-4177-88ce-fcf9bb5a4830","local_time":"20190502214120","is_ascension_mode":true,"campfire_choices":[{"floor":8,"key":"REST"},{"data":"Riddle With Holes","floor":10,"key":"SMITH"},{"floor":15,"key":"REST"}],"neow_cost":"NONE","seed_source_timestamp":451895475752300,"circlet_count":0,"master_deck":["Defend_G","Defend_G","Defend_G","Defend_G","Strike_G","Strike_G","Strike_G","Strike_G","Strike_G","Survivor","Neutralize","Blind","Backflip","Doubt","Regret","Riddle With Holes+1","Slice","Dagger Spray+1","Poisoned Stab","After Image","Acrobatics","Swift Strike"],"relics":["Ring of the Snake","Orichalcum","Gremlin Horn","FossilizedHelix","Membership Card"],"potions_floor_usage":[5,6,11,16],"damage_taken":[{"damage":0,"enemies":"Jaw Worm","floor":1,"turns":3},{"damage":4,"enemies":"Small Slimes","floor":4,"turns":6},{"damage":6,"enemies":"Cultist","floor":5,"turns":3},{"damage":53,"enemies":"Lagavulin","floor":6,"turns":12},{"damage":10,"enemies":"Exordium Wildlife","floor":11,"turns":4},{"damage":10,"enemies":"3 Sentries","floor":12,"turns":8},{"damage":56,"enemies":"Hexaghost","floor":16,"turns":11}],"seed_played":"884709652660657416","potions_obtained":[{"floor":1,"key":"Regen Potion"},{"floor":5,"key":"Fruit Juice"},{"floor":6,"key":"Strength Potion"},{"floor":12,"key":"Fire Potion"}],"is_trial":false,"path_per_floor":["M","?","?","M","M","E","?","R","T","R","M","E","$","?","R","B"],"character_chosen":"THE_SILENT","items_purchased":["Membership Card","After Image","Acrobatics","Swift Strike"],"campfire_rested":2,"item_purchase_floors":[13,13,13,13],"current_hp_per_floor":[70,70,70,66,65,27,27,49,49,49,39,29,29,29,51,0],"gold":378,"neow_bonus":"RANDOM_COLORLESS","is_prod":false,"is_daily":false,"chose_seed":false,"campfire_upgraded":1,"win_rate":0,"timestamp":1556851280,"path_taken":["M","?","?","?","M","E","?","R","T","R","M","E","$","?","R","BOSS"],"build_version":"2019-01-23","purchased_purges":1,"victory":false,"max_hp_per_floor":[70,70,70,70,75,75,75,75,75,75,75,75,75,75,75,75],"card_choices":[{"not_picked":["Sucker Punch","PiercingWail"],"picked":"Backflip","floor":1},{"not_picked":["Infinite Blades","PiercingWail"],"picked":"Riddle With Holes","floor":4},{"not_picked":["Bane","Flechettes"],"picked":"Slice","floor":5},{"not_picked":["Dodge and Roll","Storm of Steel","Bouncing Flask"],"picked":"SKIP","floor":6},{"not_picked":["Blade Dance","Well Laid Plans"],"picked":"Dagger Spray","floor":11},{"not_picked":["Dash","Underhanded Strike"],"picked":"Poisoned Stab","floor":12}],"player_experience":199195,"relics_obtained":[{"floor":6,"key":"Orichalcum"},{"floor":9,"key":"Gremlin Horn"},{"floor":12,"key":"FossilizedHelix"}],"event_choices":[{"damage_healed":0,"gold_gain":175,"player_choice":"AGREE","damage_taken":0,"max_hp_gain":0,"max_hp_loss":0,"event_name":"Liars Game","floor":2,"gold_loss":0,"cards_obtained":["Doubt"]},{"damage_healed":0,"gold_gain":275,"player_choice":"Desecrate","damage_taken":0,"max_hp_gain":0,"max_hp_loss":0,"event_name":"Golden Shrine","floor":3,"gold_loss":0,"cards_obtained":["Regret"]},{"damage_healed":0,"gold_gain":0,"player_choice":"Ignored","damage_taken":0,"max_hp_gain":0,"max_hp_loss":0,"event_name":"Golden Wing","floor":7,"gold_loss":0},{"damage_healed":0,"gold_gain":0,"player_choice":"Upgraded","damage_taken":0,"max_hp_gain":0,"max_hp_loss":0,"event_name":"Upgrade Shrine","floor":14,"gold_loss":0,"cards_upgraded":["Dagger Spray"]}],"is_beta":false,"boss_relics":[],"items_purged_floors":[13],"is_endless":false,"potions_floor_spawned":[1,5,6,12],"killed_by":"Hexaghost","ascension_level":1}