{"gold_per_floor":[118,131,53,71,88,113,113,113,113,124,124,138,138,152,152,248,248,267,285,302,320,333,333,363,363,363,389,389,314,229,18,18,18],"floor_reached":33,"playtime":2160,"items_purged":["Defend_R"],"score":303,"play_id":"4cb99000-3084-4aee-9955-60ace48a0dfa","local_time":"20190508204709","is_ascension_mode":true,"campfire_choices":[{"data":"Spot Weakness","floor":7,"key":"SMITH"},{"floor":15,"key":"REST"},{"floor":23,"key":"RECALL"},{"data":"Pummel","floor":25,"key":"SMITH"},{"floor":28,"key":"REST"},{"floor":32,"key":"REST"}],"neow_cost":"NONE","seed_source_timestamp":75154913769234,"circlet_count":0,"master_deck":["Strike_R","Strike_R","Strike_R","Defend_R+1","Defend_R","Defend_R","Bash+1","Havoc+1","Battle Trance+1","Spot Weakness+1","Pummel+1","Feel No Pain","Pummel","True Grit","Impervious","Pummel","Barricade"],"relics":["Burning Blood","War Paint","Centennial Puzzle","Snecko Eye","Ancient Tea Set","Matryoshka","PreservedInsect","MawBank","Oddly Smooth Stone"],"potions_floor_usage":[6,14,16,18,22,22,24,33],"damage_taken":[{"damage":1,"enemies":"Cultist","floor":1,"turns":3},{"damage":0,"enemies":"Small Slimes","floor":2,"turns":3},{"damage":6,"enemies":"2 Louse","floor":4,"turns":3},{"damage":15,"enemies":"Large Slime","floor":5,"turns":6},{"damage":56,"enemies":"Lagavulin","floor":6,"turns":7},{"damage":2,"enemies":"Looter","floor":10,"turns":3},{"damage":6,"enemies":"Exordium Thugs","floor":12,"turns":3},{"damage":0,"enemies":"Large Slime","floor":14,"turns":5},{"damage":48,"enemies":"Slime Boss","floor":16,"turns":10},{"damage":7,"enemies":"2 Thieves","floor":18,"turns":2},{"damage":0,"enemies":"Chosen","floor":19,"turns":2},{"damage":0,"enemies":"Snecko","floor":20,"turns":3},{"damage":25,"enemies":"Chosen and Byrds","floor":21,"turns":5},{"damage":7,"enemies":"Snake Plant","floor":22,"turns":5},{"damage":28,"enemies":"Book of Stabbing","floor":24,"turns":6},{"damage":34,"enemies":"Slavers","floor":27,"turns":6},{"damage":75,"enemies":"Collector","floor":33,"turns":8}],"seed_played":"2431992525713563579","potions_obtained":[{"floor":1,"key":"Poison Potion"},{"floor":2,"key":"GamblersBrew"},{"floor":12,"key":"Energy Potion"},{"floor":14,"key":"BloodPotion"},{"floor":20,"key":"Poison Potion"},{"floor":21,"key":"PowerPotion"},{"floor":22,"key":"PowerPotion"},{"floor":24,"key":"Ancient Potion"}],"is_trial":false,"path_per_floor":["M","M","$","M","M","E","R","?","T","M","?","M","?","M","R","B",null,"M","M","M","M","M","R","E","R","T","E","R","?","?","$","R","B"],"character_chosen":"IRONCLAD","items_purchased":["Spot Weakness","Oddly Smooth Stone"],"campfire_rested":3,"item_purchase_floors":[3,31],"current_hp_per_floor":[80,80,80,80,71,21,21,21,21,25,18,18,18,24,48,14,80,79,80,80,61,60,60,38,38,38,10,34,34,34,34,58,0],"gold":18,"neow_bonus":"UPGRADE_CARD","is_prod":false,"is_daily":false,"chose_seed":false,"campfire_upgraded":2,"win_rate":0,"timestamp":1557362829,"path_taken":["M","?","$","M","M","E","R","?","T","M","?","M","?","?","R","BOSS","M","M","M","M","M","R","E","R","T","E","R","?","?","$","R","BOSS"],"build_version":"2019-01-23","purchased_purges":1,"victory":false,"max_hp_per_floor":[80,80,80,80,80,80,80,80,80,80,80,80,80,80,80,80,80,80,80,80,80,80,80,80,80,80,80,80,80,80,80,80,80],"card_choices":[{"not_picked":["Burning Pact","Headbutt"],"picked":"Havoc","floor":1},{"not_picked":["Carnage","Shrug It Off"],"picked":"Battle Trance","floor":2},{"not_picked":["Pommel Strike","Brutality"],"picked":"Pummel","floor":4},{"not_picked":["Sword Boomerang","Searing Blow"],"picked":"Feel No Pain","floor":5},{"not_picked":["Thunderclap","Combust"],"picked":"Pummel","floor":6},{"not_picked":["Warcry","Cleave","Thunderclap"],"picked":"SKIP","floor":10},{"not_picked":["Body Slam","Clash","Thunderclap"],"picked":"SKIP","floor":12},{"not_picked":["Headbutt","Flex"],"picked":"True Grit","floor":14},{"not_picked":["Berserk","Brutality"],"picked":"Impervious","floor":16},{"not_picked":["Heavy Blade","Dual Wield","Warcry"],"picked":"SKIP","floor":18},{"not_picked":["Sentinel","Clothesline","Disarm"],"picked":"SKIP","floor":19},{"not_picked":["Armaments","Fiend Fire","Clash"],"picked":"SKIP","floor":20},{"not_picked":["Disarm","Heavy Blade","Twin Strike"],"picked":"SKIP","floor":21},{"not_picked":["Warcry","Armaments"],"picked":"Pummel","floor":22},{"not_picked":["Wild Strike","Pommel Strike","Ghostly Armor"],"picked":"SKIP","floor":24},{"not_picked":["Ghostly Armor+1","Body Slam"],"picked":"Barricade","floor":27}],"player_experience":284189,"relics_obtained":[{"floor":6,"key":"War Paint"},{"floor":24,"key":"Ancient Tea Set"},{"floor":26,"key":"Matryoshka"},{"floor":27,"key":"PreservedInsect"}],"event_choices":[{"damage_healed":0,"gold_gain":0,"player_choice":"Grow","damage_taken":0,"max_hp_gain":0,"max_hp_loss":0,"event_name":"Living Wall","floor":8,"gold_loss":0,"cards_upgraded":["Battle Trance"]},{"damage_healed":0,"gold_gain":0,"player_choice":"Success","damage_taken":7,"relics_obtained":["Centennial Puzzle"],"max_hp_gain":0,"max_hp_loss":0,"event_name":"Scrap Ooze","floor":11,"gold_loss":0},{"cards_removed":["Strike_R"],"damage_healed":0,"gold_gain":0,"player_choice":"Offered Basic","damage_taken":0,"max_hp_gain":0,"max_hp_loss":0,"event_name":"Bonfire Elementals","floor":13,"gold_loss":0},{"cards_removed":["Strike_R"],"damage_healed":0,"gold_gain":0,"player_choice":"Gave Gold","damage_taken":0,"max_hp_gain":0,"max_hp_loss":0,"event_name":"Beggar","floor":29,"gold_loss":75},{"damage_healed":0,"gold_gain":0,"player_choice":"Obtained Relic","damage_taken":0,"relics_obtained":["MawBank"],"max_hp_gain":0,"max_hp_loss":0,"event_name":"Addict","floor":30,"gold_loss":85}],"is_beta":false,"boss_relics":[{"not_picked":["Tiny House","White Beast Statue"],"picked":"Snecko Eye"}],"items_purged_floors":[31],"is_endless":false,"potions_floor_spawned":[1,2,12,14,20,21,22,24],"killed_by":"Collector","ascension_level":1}