{"gold_per_floor":[118,11,76,90,90,90,165,165,165,189,212,251,267,69,69,194,194,217,45,45,66,91,130,130,149,149,173,197,197],"floor_reached":29,"playtime":2925,"items_purged":[],"score":247,"play_id":"322d2988-51cd-48fc-8c45-67e5bc3f02c7","local_time":"20190404173037","is_ascension_mode":false,"campfire_choices":[{"data":"Rampage","floor":6,"key":"SMITH"},{"data":"Cleave","floor":8,"key":"SMITH"},{"floor":15,"key":"REST"},{"floor":24,"key":"REST"}],"neow_cost":"NONE","seed_source_timestamp":0,"circlet_count":0,"master_deck":["Strike_R","Strike_R","Strike_R","Strike_R","Defend_R","Defend_R","Defend_R","Defend_R","Bash+1","Cleave+1","Rampage+1","Inflame","Iron Wave","Thunderclap","Shrug It Off","Dual Wield","Cleave","Pommel Strike","Double Tap","Thunderclap","Apotheosis","Strike_R","Anger","Cleave+1","Flame Barrier","Twin Strike","Shrug It Off","Armaments"],"special_seed":0,"relics":["Burning Blood","Golden Idol","Darkstone Periapt","Potion Belt","Orichalcum","Fusion Hammer","Matryoshka","Red Skull","Ornamental Fan"],"potions_floor_usage":[16,16,22,23,28,29],"damage_taken":[{"damage":4,"enemies":"Small Slimes","floor":1,"turns":5},{"damage":6,"enemies":"Jaw Worm","floor":4,"turns":3},{"damage":0,"enemies":"2 Louse","floor":10,"turns":2},{"damage":13,"enemies":"Lots of Slimes","floor":11,"turns":3},{"damage":29,"enemies":"3 Sentries","floor":12,"turns":5},{"damage":27,"enemies":"Gremlin Gang","floor":13,"turns":6},{"damage":18,"enemies":"Slime Boss","floor":16,"turns":7},{"damage":5,"enemies":"Chosen","floor":18,"turns":4},{"damage":22,"enemies":"Spheric Guardian","floor":21,"turns":6},{"damage":4,"enemies":"Chosen and Byrds","floor":22,"turns":6},{"damage":35,"enemies":"Slavers","floor":23,"turns":3},{"damage":23,"enemies":"3 Cultists","floor":25,"turns":4},{"damage":21,"enemies":"Snake Plant","floor":27,"turns":3},{"damage":18,"enemies":"Centurion and Healer","floor":28,"turns":3},{"damage":11,"enemies":"Shelled Parasite and Fungi","floor":29,"turns":2}],"seed_played":"7201659355668149030","potions_obtained":[{"floor":12,"key":"Energy Potion"},{"floor":13,"key":"AttackPotion"},{"floor":21,"key":"SkillPotion"},{"floor":22,"key":"Ancient Potion"},{"floor":23,"key":"GamblersBrew"},{"floor":28,"key":"Weak Potion"}],"is_trial":false,"path_per_floor":["M","$","?","M","?","R","?","R","T","M","M","E","M","$","R","B",null,"M","$","?","M","M","E","R","M","T","M","M","M"],"character_chosen":"IRONCLAD","items_purchased":["Rampage","Inflame","Orichalcum","Pommel Strike","Apotheosis"],"campfire_rested":2,"item_purchase_floors":[2,2,14,14,19],"current_hp_per_floor":[80,80,80,80,74,74,63,63,63,69,62,39,18,18,40,28,74,74,74,74,58,60,31,53,36,36,21,9,0],"gold":197,"neow_bonus":"UPGRADE_CARD","is_prod":false,"is_daily":false,"chose_seed":false,"campfire_upgraded":2,"win_rate":0.0,"timestamp":1554391837,"path_taken":["M","$","?","M","?","R","?","R","T","M","M","E","M","$","R","BOSS","M","$","?","M","M","E","R","M","T","M","?","?"],"build_version":"2019-01-23","purchased_purges":0,"victory":false,"max_hp_per_floor":[80,80,80,80,74,74,74,74,74,74,74,74,74,74,74,74,74,74,74,74,74,74,74,74,74,74,74,74,74],"card_choices":[{"not_picked":["True Grit","Anger"],"picked":"Cleave","floor":1},{"not_picked":["Flex","Combust"],"picked":"Iron Wave","floor":4},{"not_picked":["True Grit","Cleave"],"picked":"Thunderclap","floor":10},{"not_picked":["Battle Trance","Body Slam"],"picked":"Shrug It Off","floor":11},{"not_picked":["Uppercut","Searing Blow"],"picked":"Dual Wield","floor":12},{"not_picked":["True Grit","Thunderclap"],"picked":"Cleave","floor":13},{"not_picked":["Berserk","Offering"],"picked":"Double Tap","floor":16},{"not_picked":["Clash","Power Through"],"picked":"Thunderclap","floor":18},{"not_picked":["Dropkick","Sword Boomerang"],"picked":"Anger","floor":21},{"not_picked":["Clash+1","Reckless Charge"],"picked":"Cleave+1","floor":22},{"not_picked":["Heavy Blade+1","Demon Form"],"picked":"Flame Barrier","floor":23},{"not_picked":["Thunderclap","Battle Trance+1"],"picked":"Twin Strike","floor":25},{"not_picked":["True Grit+1","Battle Trance+1"],"picked":"Shrug It Off","floor":27},{"not_picked":["Shrug It Off","Warcry"],"picked":"Armaments","floor":28}],"player_experience":13670,"relics_obtained":[{"floor":9,"key":"Darkstone Periapt"},{"floor":12,"key":"Potion Belt"},{"floor":23,"key":"Matryoshka"},{"floor":26,"key":"Red Skull"},{"floor":26,"key":"Ornamental Fan"}],"event_choices":[{"damage_healed":0,"gold_gain":65,"player_choice":"Gained Gold","damage_taken":0,"max_hp_gain":0,"max_hp_loss":0,"event_name":"Golden Wing","floor":3,"gold_loss":0},{"damage_healed":0,"gold_gain":0,"player_choice":"Lose Max HP","damage_taken":0,"relics_obtained":["Golden Idol"],"max_hp_gain":0,"max_hp_loss":6,"event_name":"Golden Idol","floor":5,"gold_loss":0},{"damage_healed":0,"gold_gain":75,"player_choice":"Gather Gold","damage_taken":11,"max_hp_gain":0,"max_hp_loss":0,"event_name":"World of Goop","floor":7,"gold_loss":0},{"cards_removed":["Strike_R"],"damage_healed":0,"gold_gain":0,"player_choice":"Took Card","damage_taken":0,"max_hp_gain":0,"max_hp_loss":0,"event_name":"NoteForYourself","floor":20,"gold_loss":0,"cards_obtained":["Strike_R"]}],"is_beta":false,"boss_relics":[{"not_picked":["Calling Bell","Empty Cage"],"picked":"Fusion Hammer"}],"items_purged_floors":[],"is_endless":false,"potions_floor_spawned":[12,13,21,22,23,28],"killed_by":"Shelled Parasite and Fungi","ascension_level":0}