{"gold_per_floor":[113,63,63,63,78,78,104,104,104,104,120,131,157,157,157,280,280,303,323,81,81,81,125,125,148,230,329,329,254,290,306,306,436,436,451,451,469,488,513,513,556,889,889,659,690,178,178,198,198,198],"floor_reached":51,"playtime":1959,"items_purged":["Defend_B"],"score":890,"play_id":"f90da339-8edc-4426-8c3f-88e572808f20","local_time":"20180924010034","is_ascension_mode":true,"campfire_choices":[{"data":"Multi-Cast","floor":6,"key":"SMITH"},{"floor":8,"key":"REST"},{"data":"Turbo","floor":15,"key":"SMITH"},{"floor":24,"key":"REST"},{"floor":28,"key":"REST"},{"data":"Sunder","floor":32,"key":"SMITH"},{"data":"Reinforced Body","floor":40,"key":"SMITH"},{"data":"1","floor":47,"key":"LIFT"},{"data":"2","floor":49,"key":"LIFT"}],"neow_cost":"NONE","seed_source_timestamp":802341363258633,"circlet_count":0,"master_deck":["Defend_B","Defend_B+1","Defend_B","Zap","Dualcast","Multi-Cast+1","Sweeping Beam","Reinforced Body+1","Meteor Strike+1","Turbo+1","BootSequence","Core Surge+1","Ball Lightning+1","Static Discharge","Multi-Cast+1","Buffer","Force Field+1","Sunder+1","Echo Form","Capacitor+1","Buffer","Storm+1","White Noise+1","Transmutation"],"relics":["Cracked Core","Mercury Hourglass","Question Card","Calipers","Sozu","Chemical X","Enchiridion","Happy Flower","Symbiotic Virus","Ancient Tea Set","Nuclear Battery","Strawberry","Girya","Whetstone","MawBank","Lee\u0027s Waffle","Bronze Scales"],"potions_floor_usage":[13,13,16,33],"damage_taken":[{"damage":2,"enemies":"2 Louse","floor":1,"turns":2},{"damage":0,"enemies":"Small Slimes","floor":5,"turns":4},{"damage":14,"enemies":"Lagavulin","floor":7,"turns":7},{"damage":0,"enemies":"Cultist","floor":11,"turns":3},{"damage":3,"enemies":"Looter","floor":12,"turns":3},{"damage":7,"enemies":"Gremlin Nob","floor":13,"turns":4},{"damage":26,"enemies":"Hexaghost","floor":16,"turns":15},{"damage":0,"enemies":"Chosen","floor":18,"turns":4},{"damage":7,"enemies":"Spheric Guardian","floor":19,"turns":4},{"damage":21,"enemies":"Slavers","floor":23,"turns":5},{"damage":9,"enemies":"Snecko","floor":25,"turns":5},{"damage":8,"enemies":"Gremlin Leader","floor":30,"turns":4},{"damage":0,"enemies":"Chosen and Byrds","floor":31,"turns":3},{"damage":10,"enemies":"Champ","floor":33,"turns":6},{"damage":0,"enemies":"3 Shapes","floor":35,"turns":3},{"damage":0,"enemies":"Orb Walker","floor":37,"turns":4},{"damage":0,"enemies":"4 Shapes","floor":38,"turns":3},{"damage":0,"enemies":"Transient","floor":39,"turns":5},{"damage":0,"enemies":"2 Orb Walkers","floor":41,"turns":3},{"damage":65,"enemies":"Giant Head","floor":45,"turns":10},{"damage":0,"enemies":"Jaw Worm Horde","floor":48,"turns":2},{"damage":0,"enemies":"Awakened One","floor":50,"turns":9}],"seed_played":"6909636169727759975","potions_obtained":[{"floor":1,"key":"Energy Potion"},{"floor":12,"key":"Weak Potion"},{"floor":13,"key":"GamblersBrew"},{"floor":16,"key":"Strength Potion"}],"is_trial":false,"path_per_floor":["M","?","?","?","M","R","E","R","T","?","M","M","E","?","R","B",null,"M","M","$","?","?","E","R","M","T","?","R","?","E","M","R","B",null,"M","?","M","M","M","R","E","?","T","$","E","$","R","M","R","B"],"character_chosen":"DEFECT","items_purchased":["Chemical X","Static Discharge","Whetstone","Lee\u0027s Waffle","Transmutation","Bronze Scales"],"campfire_rested":3,"item_purchase_floors":[20,20,44,46,46,46],"current_hp_per_floor":[73,73,66,51,51,51,37,59,59,59,59,56,49,49,49,23,75,75,68,68,52,52,31,53,44,44,44,66,66,58,65,65,55,75,75,75,75,75,75,75,82,82,82,82,17,89,89,89,89,89],"gold":198,"neow_bonus":"ONE_RANDOM_RARE_CARD","is_prod":false,"is_daily":false,"chose_seed":false,"campfire_upgraded":4,"win_rate":0,"timestamp":1537743634,"path_taken":["M","?","?","?","?","R","E","R","T","?","M","M","E","?","R","BOSS","M","M","$","?","?","E","R","M","T","?","R","?","E","M","R","BOSS","M","?","?","M","M","R","E","?","T","$","E","$","R","M","R","BOSS"],"build_version":"2018-09-20","purchased_purges":1,"victory":true,"max_hp_per_floor":[75,75,75,75,75,75,75,75,75,75,75,75,75,75,75,75,75,75,75,75,75,75,75,75,75,75,75,75,75,75,75,75,75,75,75,75,75,75,75,75,82,82,82,82,82,89,89,89,89,89],"card_choices":[{"not_picked":["Doom and Gloom","Turbo"],"picked":"Sweeping Beam","floor":1},{"not_picked":["Gash","Steam"],"picked":"Reinforced Body","floor":5},{"not_picked":["Sweeping Beam","Ball Lightning","Steam"],"picked":"SKIP","floor":7},{"not_picked":["FTL","Undo","Stack","Barrage"],"picked":"SKIP","floor":11},{"not_picked":["Multi-Cast","Conserve Battery","Redo"],"picked":"Turbo","floor":12},{"not_picked":["Glacier","Rebound","Defragment"],"picked":"BootSequence","floor":13},{"not_picked":["Fission","Meteor Strike","All For One"],"picked":"Core Surge","floor":16},{"not_picked":["Go for the Eyes+1","Steam","Stack","Redo"],"picked":"SKIP","floor":18},{"not_picked":["Aggregate+1","Gash","Coolheaded"],"picked":"Ball Lightning+1","floor":19},{"not_picked":["Compile Driver","White Noise","Rebound+1"],"picked":"Buffer","floor":23},{"not_picked":["Auto Shields","Barrage+1","Steam Power","Gash"],"picked":"SKIP","floor":25},{"not_picked":["Undo","Leap","Turbo"],"picked":"Force Field+1","floor":30},{"not_picked":["Capacitor","Barrage","Turbo"],"picked":"Sunder","floor":31},{"not_picked":["Meteor Strike","Rainbow","Biased Cognition"],"picked":"Echo Form","floor":33},{"not_picked":["Leap","Stack","Darkness+1","Go for the Eyes"],"picked":"SKIP","floor":35},{"not_picked":["BootSequence","Coolheaded","Streamline+1"],"picked":"Capacitor+1","floor":37},{"not_picked":["Stack","Rebound","Hologram"],"picked":"Buffer","floor":38},{"not_picked":["Gash","Streamline","Leap"],"picked":"Storm+1","floor":39},{"not_picked":["Self Repair","Steam+1","Reprogram"],"picked":"White Noise+1","floor":41},{"not_picked":["Gash+1","Cold Snap","Steam+1","Ball Lightning+1"],"picked":"SKIP","floor":45},{"not_picked":["Sweeping Beam+1","Chill+1","Streamline","Gash"],"picked":"SKIP","floor":48}],"player_experience":127559,"relics_obtained":[{"floor":7,"key":"Mercury Hourglass"},{"floor":9,"key":"Question Card"},{"floor":13,"key":"Calipers"},{"floor":21,"key":"Enchiridion"},{"floor":23,"key":"Happy Flower"},{"floor":26,"key":"Symbiotic Virus"},{"floor":30,"key":"Ancient Tea Set"},{"floor":41,"key":"Strawberry"},{"floor":43,"key":"Girya"},{"floor":45,"key":"MawBank"}],"event_choices":[{"event_name":"The Cleric","player_choice":"Card Removal","floor":2,"damage_taken":0},{"event_name":"Golden Wing","player_choice":"Card Removal","floor":3,"damage_taken":0},{"event_name":"Shining Light","player_choice":"Entered Light","floor":4,"damage_taken":0},{"event_name":"Living Wall","player_choice":"Change","floor":10,"damage_taken":0},{"event_name":"Golden Idol","player_choice":"Take Wound","floor":14,"damage_taken":0},{"event_name":"Cursed Tome","player_choice":"Obtained Book","floor":21,"damage_taken":0},{"event_name":"Duplicator","player_choice":"One dupe","floor":22,"damage_taken":0},{"event_name":"Nest","player_choice":"Stole From Cult","floor":27,"damage_taken":0},{"event_name":"Beggar","player_choice":"Gave Gold","floor":29,"damage_taken":0},{"event_name":"Falling","player_choice":"Removed Attack","floor":36,"damage_taken":0},{"event_name":"The Moai Head","player_choice":"Gave Idol","floor":42,"damage_taken":0}],"is_beta":true,"boss_relics":[{"not_picked":["Empty Cage","Runic Dome"],"picked":"Sozu"},{"not_picked":["Lizard Tail","Astrolabe"],"picked":"Nuclear Battery"}],"items_purged_floors":[44],"is_endless":false,"potions_floor_spawned":[1,12,13,16,25,31,33,37,38,39,48],"ascension_level":1}