{"gold_per_floor":[129,168,168,168,48,179,179,280,333,333,372,411,453,557,557,869,869,924,44,44],"floor_reached":20,"playtime":1119,"items_purged":["Pain"],"score":267,"play_id":"c217f9cf-3a16-4f68-8d0b-a201f415f0b6","local_time":"20190224140242","daily_mods":["Draft","Specialized","DeadlyEvents","Elite Swarm","Lethality","Midas","Uncertain Future"],"is_ascension_mode":false,"campfire_choices":[{"floor":7,"key":"REST"},{"floor":10,"key":"REST"},{"floor":15,"key":"REST"}],"neow_cost":"","seed_source_timestamp":0,"circlet_count":0,"master_deck":["Inflame","Inflame","Inflame","Inflame","Inflame","Combust","Shrug It Off","Headbutt","Armaments","Seeing Red","Rage","Disarm","Thunderclap","Battle Trance","Havoc","Bloodletting","Burning Pact","Warcry","Headbutt","Pummel","Anger","Warcry","Uppercut","Clothesline","Berserk","Demon Form","Warcry","Inflame","Carnage","Limit Break","Impervious","Clumsy","Normality","Rupture+1","Disarm","Swift Strike+1"],"relics":["Burning Blood","Golden Idol","Tiny Chest","Mango","Potion Belt","Molten Egg 2","Calling Bell","Pen Nib","Pantograph","Peace Pipe","Sling","Bag of Marbles","Ice Cream"],"potions_floor_usage":[8,12,20,20],"damage_taken":[{"damage":6,"enemies":"Jaw Worm","floor":1,"turns":2},{"damage":2,"enemies":"Cultist","floor":2,"turns":3},{"damage":48,"enemies":"3 Sentries","floor":6,"turns":5},{"damage":19,"enemies":"Gremlin Nob","floor":8,"turns":3},{"damage":19,"enemies":"Small Slimes","floor":11,"turns":3},{"damage":13,"enemies":"Looter","floor":12,"turns":2},{"damage":9,"enemies":"3 Louse","floor":13,"turns":2},{"damage":11,"enemies":"Lagavulin","floor":14,"turns":5},{"damage":48,"enemies":"Slime Boss","floor":16,"turns":6},{"damage":54,"enemies":"2 Thieves","floor":18,"turns":5},{"damage":48,"enemies":"3 Byrds","floor":20,"turns":2}],"seed_played":"3760503957579493110","potions_obtained":[{"floor":2,"key":"Block Potion"},{"floor":8,"key":"FearPotion"},{"floor":12,"key":"Poison Potion"},{"floor":14,"key":"Poison Potion"},{"floor":18,"key":"FearPotion"}],"is_trial":true,"path_per_floor":["M","M","?","?","$","E","R","E","T","R","M","M","M","E","R","B",null,"M","$","M"],"character_chosen":"IRONCLAD","items_purchased":["Uppercut","Clothesline","Sling","Disarm","Swift Strike+1","Bag of Marbles","Ice Cream"],"campfire_rested":3,"item_purchase_floors":[5,5,19,19,19,19,19],"current_hp_per_floor":[80,80,80,60,60,18,42,43,43,71,58,51,48,43,71,29,94,46,46,0],"gold":44,"neow_bonus":"","is_prod":false,"is_daily":false,"chose_seed":false,"campfire_upgraded":0,"win_rate":0,"timestamp":1551038562,"path_taken":["M","M","?","?","$","E","R","E","T","R","M","?","M","E","R","BOSS","M","$","M"],"build_version":"2019-01-23","purchased_purges":1,"victory":false,"max_hp_per_floor":[80,80,80,80,80,80,80,94,94,94,94,94,94,94,94,94,94,94,94,94],"card_choices":[{"not_picked":["Perfected Strike","Dual Wield"],"picked":"Combust","floor":0},{"not_picked":["Power Through","Disarm"],"picked":"Shrug It Off","floor":0},{"not_picked":["Twin Strike","Havoc"],"picked":"Headbutt","floor":0},{"not_picked":["Hemokinesis","Havoc"],"picked":"Armaments","floor":0},{"not_picked":["Thunderclap","Ghostly Armor"],"picked":"Seeing Red","floor":0},{"not_picked":["Body Slam","Clash"],"picked":"Rage","floor":0},{"not_picked":["Wild Strike","Cleave"],"picked":"Disarm","floor":0},{"not_picked":["Evolve","Wild Strike"],"picked":"Thunderclap","floor":0},{"not_picked":["Burning Pact","Ghostly Armor"],"picked":"Battle Trance","floor":0},{"not_picked":["Pommel Strike","Heavy Blade"],"picked":"Havoc","floor":0},{"not_picked":["Perfected Strike","Wild Strike"],"picked":"Bloodletting","floor":0},{"not_picked":["Perfected Strike","Sword Boomerang"],"picked":"Burning Pact","floor":0},{"not_picked":["Sentinel","Heavy Blade"],"picked":"Warcry","floor":0},{"not_picked":["Rupture","Sword Boomerang"],"picked":"Headbutt","floor":0},{"not_picked":["Iron Wave","Rampage"],"picked":"Pummel","floor":0},{"not_picked":["Thunderclap","True Grit"],"picked":"Anger","floor":1},{"not_picked":["Perfected Strike","Searing Blow"],"picked":"Warcry","floor":2},{"not_picked":["Feed","Double Tap"],"picked":"Berserk","floor":6},{"not_picked":["Immolate","Dark Embrace"],"picked":"Demon Form","floor":8},{"not_picked":["Heavy Blade","Combust"],"picked":"Warcry","floor":11},{"not_picked":["Twin Strike","Clothesline"],"picked":"Inflame","floor":12},{"not_picked":["Iron Wave","Infernal Blade"],"picked":"Carnage","floor":13},{"not_picked":["Bludgeon","Reaper"],"picked":"Limit Break","floor":14},{"not_picked":["Offering","Feed+1"],"picked":"Impervious","floor":16},{"not_picked":["Sword Boomerang+1","Twin Strike+1"],"picked":"Rupture+1","floor":18}],"player_experience":69596,"relics_obtained":[{"floor":6,"key":"Tiny Chest"},{"floor":8,"key":"Mango"},{"floor":9,"key":"Potion Belt"},{"floor":14,"key":"Molten Egg 2"},{"floor":17,"key":"Pen Nib"},{"floor":17,"key":"Pantograph"},{"floor":17,"key":"Peace Pipe"}],"event_choices":[{"damage_healed":0,"gold_gain":0,"player_choice":"Ignored","damage_taken":0,"max_hp_gain":0,"max_hp_loss":0,"event_name":"Liars Game","floor":3,"gold_loss":0},{"damage_healed":0,"gold_gain":0,"player_choice":"Take Damage","damage_taken":20,"relics_obtained":["Golden Idol"],"max_hp_gain":0,"max_hp_loss":0,"event_name":"Golden Idol","floor":4,"gold_loss":0}],"is_beta":false,"boss_relics":[{"not_picked":["Empty Cage","Busted Crown"],"picked":"Calling Bell"}],"items_purged_floors":[19],"is_endless":false,"potions_floor_spawned":[2,8,12,14,18],"killed_by":"3 Byrds","ascension_level":0}