{"gold_per_floor":[119,44,44,44,63,95,117,29,81,81,94,112,112,147,147,147],"floor_reached":16,"playtime":470,"items_purged":["Strike_G","Strike_G"],"score":135,"play_id":"c2d308b7-13e0-4f60-a0c2-2916d90ec22e","local_time":"20190325142338","is_ascension_mode":false,"campfire_choices":[{"floor":10,"key":"RECALL"},{"data":"Cloak And Dagger","floor":13,"key":"SMITH"},{"floor":15,"key":"DIG"}],"neow_cost":"NONE","seed_source_timestamp":134396273463500,"circlet_count":0,"master_deck":["Defend_G","Defend_G","Defend_G","Defend_G","Strike_G","Strike_G","Strike_G","Survivor","Neutralize","Cloak And Dagger+1","Flechettes","Escape Plan","Acrobatics"],"relics":["Ring of the Snake","NeowsBlessing","MawBank","Shovel","Lantern"],"potions_floor_usage":[14,16],"damage_taken":[{"damage":0,"enemies":"2 Louse","floor":1,"turns":1},{"damage":0,"enemies":"Cultist","floor":5,"turns":1},{"damage":0,"enemies":"Lagavulin","floor":6,"turns":1},{"damage":1,"enemies":"Small Slimes","floor":7,"turns":4},{"damage":0,"enemies":"2 Fungi Beasts","floor":11,"turns":4},{"damage":0,"enemies":"Red Slaver","floor":12,"turns":3},{"damage":33,"enemies":"Gremlin Nob","floor":14,"turns":5},{"damage":47,"enemies":"Hexaghost","floor":16,"turns":11}],"seed_played":"-7700117510679452637","potions_obtained":[{"floor":11,"key":"Swift Potion"},{"floor":14,"key":"Regen Potion"}],"is_trial":false,"path_per_floor":["M","$","?","?","M","E","M","$","T","R","M","M","R","E","R","B"],"character_chosen":"THE_SILENT","items_purchased":[],"campfire_rested":0,"item_purchase_floors":[],"current_hp_per_floor":[70,70,63,63,63,63,62,62,62,62,62,62,62,29,29,0],"gold":147,"neow_bonus":"THREE_ENEMY_KILL","is_prod":false,"is_daily":false,"chose_seed":false,"campfire_upgraded":1,"win_rate":0,"timestamp":1553495018,"path_taken":["M","$","?","?","M","E","?","$","T","R","M","M","R","E","R","BOSS"],"build_version":"2019-01-23","purchased_purges":2,"victory":false,"max_hp_per_floor":[70,70,70,70,70,70,70,70,70,70,70,70,70,70,70,70],"card_choices":[{"not_picked":["Dagger Spray","Dagger Throw"],"picked":"Cloak And Dagger","floor":1},{"not_picked":["Underhanded Strike","Leg Sweep"],"picked":"Flechettes","floor":5},{"not_picked":["Slice","PiercingWail","Noxious Fumes"],"picked":"SKIP","floor":6},{"not_picked":["Poisoned Stab","Dodge and Roll","Dagger Spray"],"picked":"SKIP","floor":7},{"not_picked":["Catalyst","Underhanded Strike"],"picked":"Escape Plan","floor":11},{"not_picked":["Deflect","Poisoned Stab","Heel Hook"],"picked":"SKIP","floor":12},{"not_picked":["Glass Knife","Grand Finale"],"picked":"Acrobatics","floor":14}],"player_experience":423552,"relics_obtained":[{"floor":6,"key":"MawBank"},{"floor":14,"key":"Shovel"},{"floor":15,"key":"Lantern"}],"event_choices":[{"cards_removed":["Defend_G"],"damage_healed":0,"gold_gain":0,"player_choice":"Card Removal","damage_taken":7,"max_hp_gain":0,"max_hp_loss":0,"event_name":"Golden Wing","floor":3,"gold_loss":0},{"damage_healed":0,"gold_gain":0,"player_choice":"Ignored","damage_taken":0,"max_hp_gain":0,"max_hp_loss":0,"event_name":"NoteForYourself","floor":4,"gold_loss":0}],"is_beta":false,"boss_relics":[],"items_purged_floors":[2,8],"is_endless":false,"potions_floor_spawned":[11,14],"killed_by":"Hexaghost","ascension_level":0}