{"gold_per_floor":[118,118,8,22,42,42,70,70,70,55,55,55,67,94,94,195,195],"floor_reached":17,"playtime":887,"items_purged":[],"score":165,"play_id":"118de2ee-acfd-4097-9413-eb7afdee4b62","local_time":"20190406135621","is_ascension_mode":false,"campfire_choices":[{"floor":6,"key":"RECALL"},{"floor":8,"key":"REST"},{"floor":15,"key":"REST"}],"neow_cost":"NONE","seed_source_timestamp":247138386228865,"circlet_count":0,"master_deck":["Strike_B","Strike_B","Strike_B","Strike_B","Defend_B","Defend_B","Defend_B","Zap","Dualcast","Reboot","Rebound","Capacitor","Tempest","Darkness","Static Discharge","Heatsinks","Turbo","Rainbow","Reinforced Body","Double Energy","Conserve Battery+1","Buffer"],"relics":["Cracked Core","Singing Bowl","Vajra","Toxic Egg 2"],"potions_floor_usage":[10],"damage_taken":[{"damage":1,"enemies":"2 Louse","floor":1,"turns":3},{"damage":6,"enemies":"Cultist","floor":4,"turns":3},{"damage":3,"enemies":"Small Slimes","floor":5,"turns":3},{"damage":26,"enemies":"Lagavulin","floor":7,"turns":5},{"damage":24,"enemies":"Exordium Thugs","floor":10,"turns":5},{"damage":14,"enemies":"Large Slime","floor":13,"turns":4},{"damage":18,"enemies":"Gremlin Nob","floor":14,"turns":3},{"damage":25,"enemies":"The Guardian","floor":16,"turns":10}],"seed_played":"6068083116825911443","potions_obtained":[{"floor":4,"key":"Block Potion"},{"floor":5,"key":"Ancient Potion"},{"floor":14,"key":"Weak Potion"},{"floor":16,"key":"PowerPotion"}],"is_trial":false,"path_per_floor":["M","?","$","M","M","R","E","R","T","M","T","?","M","E","R","B",null],"character_chosen":"DEFECT","items_purchased":["Capacitor","Tempest"],"campfire_rested":2,"item_purchase_floors":[3,3],"current_hp_per_floor":[74,74,74,68,65,65,39,61,61,37,37,37,23,5,27,2,2],"gold":195,"neow_bonus":"ONE_RANDOM_RARE_CARD","is_prod":false,"is_daily":false,"chose_seed":false,"campfire_upgraded":0,"win_rate":0,"timestamp":1554584181,"path_taken":["M","?","$","M","?","R","E","R","T","M","?","?","M","E","R","BOSS"],"build_version":"2019-01-23","purchased_purges":0,"victory":false,"max_hp_per_floor":[75,75,75,75,75,75,75,75,75,75,75,75,75,75,75,75,75],"card_choices":[{"not_picked":["Barrage","Go for the Eyes"],"picked":"Rebound","floor":1},{"not_picked":["Undo","Ball Lightning"],"picked":"Darkness","floor":4},{"not_picked":["Rebound","Sweeping Beam"],"picked":"Static Discharge","floor":5},{"not_picked":["Conserve Battery","Machine Learning"],"picked":"Heatsinks","floor":7},{"not_picked":["Go for the Eyes","Cold Snap"],"picked":"Turbo","floor":10},{"not_picked":["Redo","Lockon"],"picked":"Double Energy","floor":13},{"not_picked":["Beam Cell","Rip and Tear"],"picked":"Conserve Battery","floor":14},{"not_picked":["Rainbow+1","Creative AI"],"picked":"Buffer","floor":16}],"player_experience":493175,"relics_obtained":[{"floor":7,"key":"Singing Bowl"},{"floor":11,"key":"Vajra"},{"floor":14,"key":"Toxic Egg 2"}],"event_choices":[{"cards_removed":["Defend_B"],"damage_healed":0,"gold_gain":0,"player_choice":"Offered Basic","damage_taken":0,"max_hp_gain":0,"max_hp_loss":0,"event_name":"Bonfire Elementals","floor":2,"gold_loss":0},{"damage_healed":0,"gold_gain":0,"player_choice":"2 cards matched","damage_taken":0,"max_hp_gain":0,"max_hp_loss":0,"event_name":"Match and Keep!","floor":12,"gold_loss":0,"cards_obtained":["Rainbow","Reinforced Body"]}],"is_beta":false,"boss_relics":[],"items_purged_floors":[],"is_endless":false,"potions_floor_spawned":[4,5,14,16],"ascension_level":0}