{"gold_per_floor":[114,114,129,144,62,62,77,92,117,147,162,177,177,207,207,307,307,322,421,353,278,293,293,214,214,214,229,41,41,56,56,56,156,156,171,171,124,139,139,139,154,117,192,192,192,237,237,252,252,252],"floor_reached":51,"playtime":2339,"items_purged":[],"score":757,"play_id":"00d6d9c2-c26f-4426-877a-b2654e78707c","local_time":"20180814140611","daily_mods":["Specialized","Lethality","Vintage"],"is_ascension_mode":false,"campfire_choices":[{"data":"Footwork","floor":6,"key":"SMITH"},{"data":"Cloak And Dagger","floor":13,"key":"SMITH"},{"data":"Blur","floor":15,"key":"SMITH"},{"data":"Storm of Steel","floor":23,"key":"SMITH"},{"data":"Accuracy","floor":25,"key":"SMITH"},{"data":"Adrenaline","floor":32,"key":"SMITH"},{"data":"Adrenaline","floor":40,"key":"SMITH"},{"data":"Footwork","floor":45,"key":"SMITH"},{"data":"Adrenaline","floor":49,"key":"SMITH"}],"neow_cost":"","seed_source_timestamp":0,"circlet_count":0,"master_deck":["Defend_G","Defend_G","Defend_G","Defend_G","Defend_G","Strike_G","Strike_G","Strike_G","Survivor","Neutralize","Adrenaline+1","Adrenaline","Adrenaline+1","Adrenaline+1","Cloak And Dagger+1","Footwork+1","Deadly Poison","PiercingWail","Blur+1","Storm of Steel+1","Accuracy+1","Crippling Poison+1","Adrenaline+1","PiercingWail+1","Adrenaline+1","Phantasmal Killer+1","Cloak And Dagger+1","Footwork+1","Madness+1","Madness+1","Transmutation+1"],"special_seed":17757,"relics":["Ring of the Serpent","Oddly Smooth Stone","Bag of Preparation","Question Card","Blue Candle","Bottled Flame","Pen Nib","Darkstone Periapt","Juzu Bracelet","Strawberry","Smiling Mask","Bird Faced Urn","WristBlade","Centennial Puzzle","Toxic Egg 2","The Specimen","Pantograph","Happy Flower","Kunai","Paper Crane","Mercury Hourglass","Turnip","Bottled Tornado","Letter Opener","Tiny Chest","Bag of Marbles"],"potions_floor_usage":[16,16,33,50],"damage_taken":[{"damage":0,"enemies":"2 Louse","floor":1,"turns":1},{"damage":0,"enemies":"Small Slimes","floor":3,"turns":2},{"damage":0,"enemies":"Jaw Worm","floor":4,"turns":1},{"damage":0,"enemies":"Lots of Slimes","floor":7,"turns":3},{"damage":0,"enemies":"Looter","floor":8,"turns":1},{"damage":2,"enemies":"Lagavulin","floor":10,"turns":5},{"damage":0,"enemies":"3 Louse","floor":11,"turns":2},{"damage":0,"enemies":"Red Slaver","floor":12,"turns":2},{"damage":0,"enemies":"Gremlin Nob","floor":14,"turns":2},{"damage":17,"enemies":"Slime Boss","floor":16,"turns":11},{"damage":0,"enemies":"Chosen","floor":18,"turns":1},{"damage":0,"enemies":"Spheric Guardian","floor":22,"turns":1},{"damage":0,"enemies":"3 Cultists","floor":27,"turns":2},{"damage":0,"enemies":"Cultist and Chosen","floor":30,"turns":3},{"damage":28,"enemies":"Champ","floor":33,"turns":8},{"damage":0,"enemies":"Orb Walker","floor":35,"turns":1},{"damage":0,"enemies":"3 Shapes","floor":38,"turns":2},{"damage":0,"floor":39,"turns":2},{"damage":0,"enemies":"Spire Growth","floor":41,"turns":3},{"damage":0,"enemies":"Jaw Worm Horde","floor":46,"turns":3},{"damage":2,"enemies":"Maw","floor":48,"turns":5},{"damage":1,"enemies":"Awakened One","floor":50,"turns":9}],"seed_played":"7071705515201836070","potions_obtained":[{"floor":1,"key":"Explosive Potion"},{"floor":7,"key":"Poison Potion"},{"floor":10,"key":"LiquidBronze"},{"floor":12,"key":"PowerPotion"},{"floor":18,"key":"Regen Potion"},{"floor":22,"key":"PowerPotion"},{"floor":35,"key":"GhostInAJar"}],"is_trial":false,"path_per_floor":["M","?","M","M","$","R","M","M","T","E","M","M","R","E","R","B",null,"M","?","$","?","M","R","$","R","T","M","$","?","M","?","R","B",null,"M","?","$","M","?","R","M","$","T","?","R","M","?","M","R","B"],"character_chosen":"THE_SILENT","items_purchased":["Footwork","Deadly Poison","Accuracy","Crippling Poison+1","Adrenaline+1","PiercingWail+1","Cloak And Dagger+1","Footwork"],"campfire_rested":0,"item_purchase_floors":[5,5,20,24,28,28,37,42],"current_hp_per_floor":[70,70,70,70,70,70,70,70,70,68,68,75,75,75,75,58,77,77,77,77,77,77,77,77,77,77,77,77,77,77,77,77,49,77,77,77,77,77,77,77,77,77,77,67,67,73,73,75,75,77],"gold":252,"neow_bonus":"","is_prod":false,"is_daily":true,"chose_seed":false,"campfire_upgraded":9,"win_rate":0,"timestamp":1534269971,"path_taken":["M","?","?","M","$","R","M","M","T","E","M","M","R","E","R","BOSS","M","?","$","?","M","R","$","R","T","M","?","?","M","?","R","BOSS","M","?","$","M","?","R","M","$","T","?","R","M","?","M","R","BOSS"],"build_version":"2018-08-13v2","purchased_purges":0,"victory":true,"max_hp_per_floor":[70,70,70,70,70,70,70,70,70,70,70,77,77,77,77,77,77,77,77,77,77,77,77,77,77,77,77,77,77,77,77,77,77,77,77,77,77,77,77,77,77,77,77,77,77,77,77,77,77,77],"card_choices":[{"not_picked":["Cloak And Dagger","Setup","Underhanded Strike"],"picked":"PiercingWail","floor":10},{"not_picked":["Sucker Punch","After Image","Distraction"],"picked":"Blur","floor":14},{"not_picked":["Wraith Form v2","Malaise","Unload"],"picked":"Storm of Steel","floor":16},{"not_picked":["Night Terror+1","Envenom","Tools of the Trade"],"picked":"Adrenaline+1","floor":33},{"not_picked":["HandOfGreed","Forethought+1","Bandage Up+1"],"picked":"Transmutation+1","floor":47}],"player_experience":184117,"relics_obtained":[{"floor":1,"key":"Oddly Smooth Stone"},{"floor":3,"key":"Bag of Preparation"},{"floor":4,"key":"Question Card"},{"floor":7,"key":"Blue Candle"},{"floor":8,"key":"Bottled Flame"},{"floor":9,"key":"Pen Nib"},{"floor":10,"key":"Darkstone Periapt"},{"floor":11,"key":"Juzu Bracelet"},{"floor":12,"key":"Strawberry"},{"floor":14,"key":"Smiling Mask"},{"floor":16,"key":"Bird Faced Urn"},{"floor":18,"key":"Centennial Puzzle"},{"floor":22,"key":"Toxic Egg 2"},{"floor":26,"key":"The Specimen"},{"floor":27,"key":"Pantograph"},{"floor":30,"key":"Happy Flower"},{"floor":33,"key":"Kunai"},{"floor":35,"key":"Paper Crane"},{"floor":38,"key":"Mercury Hourglass"},{"floor":39,"key":"Turnip"},{"floor":41,"key":"Bottled Tornado"},{"floor":43,"key":"Letter Opener"},{"floor":46,"key":"Tiny Chest"},{"floor":48,"key":"Bag of Marbles"}],"event_choices":[{"event_name":"Living Wall","player_choice":"Change","floor":2,"damage_taken":0},{"event_name":"Nest","player_choice":"Stole From Cult","floor":19,"damage_taken":0},{"event_name":"Beggar","player_choice":"Gave Gold","floor":21,"damage_taken":0},{"event_name":"Addict","player_choice":"Ignored","floor":29,"damage_taken":0},{"event_name":"Vampires","player_choice":"Ignored","floor":31,"damage_taken":0},{"event_name":"Transmorgrifier","player_choice":"Transform","floor":36,"damage_taken":0},{"event_name":"MindBloom","player_choice":"Fight","floor":39,"damage_taken":0},{"event_name":"Winding Halls","player_choice":"Embrace Madness","floor":44,"damage_taken":0},{"event_name":"SensoryStone","player_choice":"Memory 1","floor":47,"damage_taken":0}],"is_beta":true,"boss_relics":[{"not_picked":["Ectoplasm","Pandora\u0027s Box"],"picked":"WristBlade"},{"not_picked":["Orrery","HoveringKite"],"picked":"Ring of the Serpent"}],"items_purged_floors":[],"is_endless":false,"potions_floor_spawned":[1,7,10,12,14,18,22,35,46],"ascension_level":0}