{"gold_per_floor":[119,119,99,113,63,83,96,121,121,121,121,121,1,18,18,117,117,128,228,238,119,218,218,218,218,218,243,257,267,3,23,23,23],"floor_reached":33,"playtime":1295,"items_purged":["Doubt","Regret","Injury","Strike_B+1"],"score":315,"play_id":"8b268fc3-530e-4de3-8a86-4254137604d5","local_time":"20190411205722","is_ascension_mode":false,"campfire_choices":[{"floor":10.0,"key":"REST"},{"floor":12.0,"key":"RECALL"},{"data":"Zap","floor":15.0,"key":"SMITH"},{"data":"Hologram","floor":23.0,"key":"SMITH"},{"data":"Barrage","floor":25,"key":"SMITH"},{"floor":32,"key":"REST"}],"neow_cost":"NONE","seed_source_timestamp":44436639512800,"circlet_count":0,"master_deck":["Strike_B+1","Strike_B+1","Strike_B+1","Defend_B+1","Defend_B+1","Defend_B+1","Defend_B+1","Zap+1","Dualcast","Glacier","Gash","Hologram+1","Defragment","All For One","Electrodynamics","Barrage+1","Storm","Heatsinks"],"special_seed":0,"relics":["Calling Bell","Smiling Mask","Singing Bowl","Mango","Sundial","Pear","Mummified Hand","Inserter","Regal Pillow","DataDisk"],"potions_floor_usage":[29,29,33],"damage_taken":[{"damage":9.0,"enemies":"2 Louse","floor":1.0,"turns":3.0},{"damage":12.0,"enemies":"Cultist","floor":4.0,"turns":6.0},{"damage":9.0,"enemies":"Jaw Worm","floor":6.0,"turns":4.0},{"damage":20.0,"enemies":"Exordium Wildlife","floor":7.0,"turns":5.0},{"damage":21.0,"enemies":"Lagavulin","floor":8.0,"turns":11.0},{"damage":11.0,"enemies":"2 Fungi Beasts","floor":14.0,"turns":5.0},{"damage":54.0,"enemies":"Hexaghost","floor":16.0,"turns":11.0},{"damage":16.0,"enemies":"Spheric Guardian","floor":18.0,"turns":4.0},{"damage":6.0,"enemies":"Shell Parasite","floor":20.0,"turns":10.0},{"damage":53,"enemies":"Gremlin Leader","floor":27,"turns":7},{"damage":9,"enemies":"Centurion and Healer","floor":28,"turns":5},{"damage":7,"enemies":"Sentry and Sphere","floor":29,"turns":5},{"damage":13,"enemies":"Snake Plant","floor":31,"turns":5},{"damage":60,"enemies":"Automaton","floor":33,"turns":10}],"seed_played":"-5616936757278194753","potions_obtained":[{"floor":3.0,"key":"SkillPotion"},{"floor":7.0,"key":"SteroidPotion"},{"floor":8.0,"key":"Weak Potion"},{"floor":14.0,"key":"SkillPotion"},{"floor":18.0,"key":"Dexterity Potion"},{"floor":27,"key":"AttackPotion"},{"floor":28,"key":"PowerPotion"},{"floor":31,"key":"SpeedPotion"}],"is_trial":false,"path_per_floor":["M","?","?","M","$","M","M","E","T","R","?","R","$","M","R","B",null,"M","?","M","$","?","R","?","R","T","E","M","M","$","M","R","B"],"character_chosen":"DEFECT","items_purchased":["Defragment","Storm","DataDisk","Heatsinks"],"campfire_rested":2,"item_purchase_floors":[13,21,30,30],"current_hp_per_floor":[80,73,73,61,61,52,34,25,25,55,89,89,89,78,78,24,103,89,89,83,83,83,83,83,83,83,32,25,20,20,9,57,0],"gold":23,"neow_bonus":"BOSS_RELIC","is_prod":false,"is_daily":false,"chose_seed":false,"campfire_upgraded":3,"win_rate":0,"timestamp":1554987442,"path_taken":["M","?","?","?","$","M","M","E","T","R","?","R","?","M","R","BOSS","M","?","?","$","?","R","?","R","T","E","M","M","$","M","R","BOSS"],"build_version":"2019-01-23","purchased_purges":4,"victory":false,"max_hp_per_floor":[89,89,89,89,89,89,91,103,103,103,103,103,103,103,103,103,103,105,105,105,105,105,105,105,105,105,107,109,111,111,113,113,113],"card_choices":[{"not_picked":["Hologram","Turbo"],"picked":"Glacier","floor":1.0},{"not_picked":["Chaos","Tempest"],"picked":"Gash","floor":4.0},{"not_picked":["Sweeping Beam","Compile Driver"],"picked":"Hologram","floor":6.0},{"not_picked":["Conserve Battery","Doom and Gloom","Streamline"],"picked":"Singing Bowl","floor":7.0},{"not_picked":["Leap","Streamline","Fusion"],"picked":"Singing Bowl","floor":8.0},{"not_picked":["Reinforced Body","Sweeping Beam"],"picked":"All For One","floor":14.0},{"not_picked":["Creative AI","All For One"],"picked":"Electrodynamics","floor":16.0},{"not_picked":["Chaos","Conserve Battery","Barrage"],"picked":"Singing Bowl","floor":18.0},{"not_picked":["Rebound","Sunder+1"],"picked":"Barrage","floor":20.0},{"not_picked":["Turbo","Reprogram","Seek"],"picked":"Singing Bowl","floor":27},{"not_picked":["Barrage","Lockon+1","Steam+1"],"picked":"Singing Bowl","floor":28},{"not_picked":["Go for the Eyes","Reinforced Body+1","Consume"],"picked":"Singing Bowl","floor":29},{"not_picked":["Conserve Battery","Barrage","Double Energy+1"],"picked":"Singing Bowl","floor":31}],"player_experience":464319,"relics_obtained":[{"floor":0.0,"key":"Smiling Mask"},{"floor":0.0,"key":"Singing Bowl"},{"floor":0.0,"key":"Mango"},{"floor":8.0,"key":"Pear"},{"floor":9.0,"key":"Mummified Hand"},{"floor":27,"key":"Regal Pillow"}],"event_choices":[{"damage_healed":0.0,"max_hp_gain":0.0,"max_hp_loss":0.0,"gold_gain":0.0,"event_name":"Scrap Ooze","player_choice":"Success","floor":2.0,"gold_loss":0.0,"damage_taken":7.0,"relics_obtained":["Sundial"]},{"damage_healed":0.0,"max_hp_gain":0.0,"max_hp_loss":0.0,"gold_gain":0.0,"event_name":"The Woman in Blue","player_choice":"Bought 1 Potion","floor":3.0,"gold_loss":0.0,"damage_taken":0.0},{"damage_healed":34.0,"max_hp_gain":0.0,"max_hp_loss":0.0,"gold_gain":0.0,"event_name":"Big Fish","player_choice":"Banana","floor":11.0,"gold_loss":0.0,"damage_taken":0.0},{"damage_healed":0.0,"max_hp_gain":0.0,"max_hp_loss":0.0,"gold_gain":100.0,"event_name":"Golden Shrine","player_choice":"Pray","floor":19.0,"gold_loss":0.0,"damage_taken":0.0},{"damage_healed":0.0,"max_hp_gain":0.0,"max_hp_loss":0.0,"gold_gain":99.0,"event_name":"Nest","player_choice":"Stole From Cult","floor":22.0,"gold_loss":0.0,"damage_taken":0.0},{"damage_healed":0,"gold_gain":0,"player_choice":"Simplicity","damage_taken":0,"max_hp_gain":0,"max_hp_loss":0,"event_name":"Back to Basics","floor":24,"gold_loss":0,"cards_upgraded":["Strike_B","Strike_B","Strike_B","Strike_B","Defend_B","Defend_B","Defend_B","Defend_B"]}],"is_beta":false,"boss_relics":[{"not_picked":["Pandora\u0027s Box","Black Star"],"picked":"Inserter"}],"items_purged_floors":[5,13,21,30],"is_endless":false,"potions_floor_spawned":[7,8,14,18,27,28,31],"killed_by":"Automaton","ascension_level":0}