{"gold_per_floor":[118,118,193,205,205,238,238,264,264,12,12,47,47,63,63,137,137,156,156,156,53,53,53,72,72,72,72,150,163,163,174,174,248,248,259,279,289,214,214],"floor_reached":39,"playtime":1154,"items_purged":["Aggregate+1"],"score":840,"play_id":"6cb94e58-fcca-47eb-a237-e191652dde20","local_time":"20190317224803","is_ascension_mode":true,"campfire_choices":[{"data":"Zap","floor":7.0,"key":"SMITH"},{"data":"Apotheosis","floor":11.0,"key":"SMITH"},{"data":"Fission","floor":15.0,"key":"SMITH"},{"data":"Coolheaded","floor":23,"key":"SMITH"},{"data":"Turbo","floor":25,"key":"SMITH"},{"data":"Aggregate","floor":27,"key":"SMITH"},{"data":"Sunder","floor":30,"key":"SMITH"},{"data":"Dualcast","floor":32,"key":"SMITH"}],"neow_cost":"NONE","seed_source_timestamp":0,"circlet_count":0,"master_deck":["AscendersBane","Zap+1","Dualcast+1","Self Repair","Ball Lightning","Leap","Apotheosis+1","Sunder+1","Fission+1","All For One","Biased Cognition","White Noise","Multi-Cast","Echo Form","Coolheaded+1","Turbo+1","Go for the Eyes","Compile Driver","Recycle"],"special_seed":0,"relics":["Cracked Core","NeowsBlessing","Symbiotic Virus","Nunchaku","Potion Belt","Bird Faced Urn","Pandora\u0027s Box","Darkstone Periapt","Empty Cage"],"potions_floor_usage":[29,37],"damage_taken":[{"damage":0.0,"enemies":"Jaw Worm","floor":1.0,"turns":1.0},{"damage":0.0,"enemies":"2 Louse","floor":4.0,"turns":1.0},{"damage":0.0,"enemies":"Gremlin Nob","floor":6.0,"turns":1.0},{"damage":25.0,"enemies":"Lagavulin","floor":8.0,"turns":6.0},{"damage":8.0,"enemies":"Gremlin Nob","floor":12.0,"turns":3.0},{"damage":8.0,"enemies":"Small Slimes","floor":14.0,"turns":5.0},{"damage":14.0,"enemies":"Hexaghost","floor":16.0,"turns":9.0},{"damage":0.0,"enemies":"Spheric Guardian","floor":18.0,"turns":2.0},{"damage":26,"enemies":"2 Thieves","floor":24,"turns":3},{"damage":0,"enemies":"Sentry and Sphere","floor":29,"turns":3},{"damage":23,"enemies":"3 Cultists","floor":31,"turns":4},{"damage":29,"enemies":"Collector","floor":33,"turns":8},{"damage":18,"enemies":"3 Darklings","floor":35,"turns":3},{"damage":24,"enemies":"3 Shapes","floor":36,"turns":6},{"damage":67,"enemies":"3 Darklings","floor":37,"turns":4},{"damage":0,"enemies":"Jaw Worm Horde","floor":39,"turns":1}],"seed_played":"-949489295207118266","potions_obtained":[{"floor":1.0,"key":"FearPotion"},{"floor":6.0,"key":"PowerPotion"},{"floor":14.0,"key":"Ancient Potion"},{"floor":16.0,"key":"LiquidBronze"},{"floor":24,"key":"Swift Potion"},{"floor":31,"key":"Fire Potion"},{"floor":33,"key":"PowerPotion"}],"is_trial":false,"path_per_floor":["M","?","?","M","?","E","R","E","T","$","R","E","?","M","R","B",null,"M","?","?","$","?","R","M","R","T","R","T","M","R","M","R","B",null,"M","M","M","$","M"],"character_chosen":"DEFECT","items_purchased":["Apotheosis","Sunder","Coolheaded","Turbo"],"campfire_rested":0,"item_purchase_floors":[10,10,21,21],"current_hp_per_floor":[64,64,53,53,46,46,46,28,28,28,28,20,25,17,17,12,60,62,62,62,62,62,62,54,54,54,54,54,60,60,53,53,46,69,55,60,15,15,15],"gold":214,"neow_bonus":"THREE_ENEMY_KILL","is_prod":false,"is_daily":false,"chose_seed":true,"campfire_upgraded":8,"win_rate":0,"timestamp":1552834083,"path_taken":["M","?","?","M","?","E","R","E","T","$","R","E","?","M","R","BOSS","M","?","?","$","?","R","M","R","T","R","?","?","R","?","R","BOSS","M","?","M","$","M"],"build_version":"2019-01-23","purchased_purges":1,"victory":false,"max_hp_per_floor":[71,71,71,71,71,71,71,71,71,71,71,71,76,76,76,76,76,76,76,76,76,76,76,76,76,76,76,76,76,76,76,76,76,76,76,76,76,76,76],"card_choices":[{"not_picked":["White Noise","Static Discharge"],"picked":"Self Repair","floor":1.0},{"not_picked":["Compile Driver","Beam Cell"],"picked":"Ball Lightning","floor":4.0},{"not_picked":["Gash","Steam Power"],"picked":"Leap","floor":6.0},{"not_picked":["Ball Lightning","Barrage"],"picked":"Beam Cell","floor":8.0},{"not_picked":["Sweeping Beam","Ball Lightning","Leap"],"picked":"SKIP","floor":12.0},{"not_picked":["Tempest","Compile Driver"],"picked":"Fission","floor":14.0},{"not_picked":["Rainbow","Fission"],"picked":"All For One","floor":16.0},{"not_picked":["Rip and Tear","Ball Lightning","Streamline"],"picked":"SKIP","floor":18.0},{"not_picked":["Ball Lightning","Barrage"],"picked":"Go for the Eyes","floor":24},{"not_picked":["Coolheaded+1","Genetic Algorithm","Rebound"],"picked":"SKIP","floor":29},{"not_picked":["Ball Lightning","Barrage"],"picked":"Compile Driver","floor":31},{"not_picked":["BootSequence","Genetic Algorithm"],"picked":"Recycle","floor":35},{"not_picked":["Cold Snap","Compile Driver","Beam Cell"],"picked":"SKIP","floor":36},{"not_picked":["Turbo","Go for the Eyes","Ball Lightning"],"picked":"SKIP","floor":37}],"player_experience":1207564,"relics_obtained":[{"floor":6.0,"key":"Symbiotic Virus"},{"floor":8.0,"key":"Nunchaku"},{"floor":9.0,"key":"Potion Belt"},{"floor":12.0,"key":"Bird Faced Urn"},{"floor":28,"key":"Darkstone Periapt"}],"event_choices":[{"damage_healed":0.0,"max_hp_gain":0.0,"max_hp_loss":0.0,"gold_gain":0.0,"event_name":"Liars Game","player_choice":"Ignored","floor":2.0,"gold_loss":0.0,"damage_taken":0.0},{"damage_healed":0.0,"max_hp_gain":0.0,"max_hp_loss":0.0,"gold_gain":75.0,"event_name":"World of Goop","player_choice":"Gather Gold","floor":3.0,"gold_loss":0.0,"damage_taken":11.0},{"cards_removed":["Strike_B"],"damage_healed":0.0,"max_hp_gain":0.0,"max_hp_loss":0.0,"gold_gain":0.0,"event_name":"Golden Wing","player_choice":"Card Removal","floor":5.0,"gold_loss":0.0,"damage_taken":7.0},{"damage_healed":0.0,"max_hp_gain":5.0,"max_hp_loss":0.0,"gold_gain":0.0,"event_name":"Big Fish","player_choice":"Donut","floor":13.0,"gold_loss":0.0,"damage_taken":0.0},{"cards_removed":["Steam Power"],"damage_healed":0,"gold_gain":0,"player_choice":"Elegance","damage_taken":0,"max_hp_gain":0,"max_hp_loss":0,"event_name":"Back to Basics","floor":20,"gold_loss":0},{"damage_healed":0,"gold_gain":0,"player_choice":"Ignored","damage_taken":0,"max_hp_gain":0,"max_hp_loss":0,"event_name":"The Mausoleum","floor":22,"gold_loss":0}],"is_beta":false,"boss_relics":[{"not_picked":["Lizard Tail","Coffee Dripper"],"picked":"Pandora\u0027s Box"},{"not_picked":["Nuclear Battery","Philosopher\u0027s Stone"],"picked":"Empty Cage"}],"items_purged_floors":[38],"is_endless":false,"potions_floor_spawned":[1,6,14,16,24,31,33,36],"killed_by":"Jaw Worm Horde","ascension_level":20}