{"gold_per_floor":[13,13,13,32,48,48,48,61,61,79,79,79,92,131,131,220,220,239,254,307,320,320,320,334,334,334,367,367,388,424,439,439,530,530,546,569,588,130,463,491,491,522,522,447,447,462,481,145,145,145,145,145,145,39,65,65],"floor_reached":57,"playtime":2845,"items_purged":["Strike_G","Defend_G","Defend_G"],"score":3358,"play_id":"c85e6be3-f089-494a-8081-74c95b71d07a","local_time":"20190405170342","is_ascension_mode":true,"campfire_choices":[{"data":"Neutralize","floor":6.0,"key":"SMITH"},{"floor":12.0,"key":"REST"},{"data":"Glass Knife","floor":15.0,"key":"SMITH"},{"data":"Catalyst","floor":23.0,"key":"SMITH"},{"data":"Doppelganger","floor":25.0,"key":"SMITH"},{"data":"Expertise","floor":28.0,"key":"SMITH"},{"floor":32.0,"key":"REST"},{"data":"Concentrate","floor":41.0,"key":"SMITH"},{"data":"Night Terror","floor":45,"key":"SMITH"},{"floor":49,"key":"RECALL"},{"data":"Well Laid Plans","floor":53,"key":"SMITH"}],"neow_cost":"NO_GOLD","seed_source_timestamp":764060782441760,"circlet_count":0,"master_deck":["AscendersBane","Defend_G","Defend_G+1","Survivor+1","Neutralize+1","Heel Hook","Expertise+1","Corpse Explosion+1","Doppelganger+1","Catalyst+1","Calculated Gamble+1","Night Terror+1","Acrobatics+1","Concentrate+1","Well Laid Plans+1","Endless Agony+1","Accuracy"],"special_seed":0,"relics":["Ring of the Snake","Bottled Flame","Ornamental Fan","Busted Crown","Pen Nib","Pear","Molten Egg 2","Smiling Mask","Empty Cage","Medical Kit","Anchor","Sundial","TheAbacus","War Paint"],"potions_floor_usage":[51,56,56],"damage_taken":[{"damage":0.0,"enemies":"Jaw Worm","floor":1.0,"turns":7.0},{"damage":2.0,"enemies":"Small Slimes","floor":4.0,"turns":5.0},{"damage":1.0,"enemies":"Cultist","floor":5.0,"turns":5.0},{"damage":8.0,"enemies":"Looter","floor":8.0,"turns":3.0},{"damage":22.0,"enemies":"Gremlin Gang","floor":10.0,"turns":4.0},{"damage":0.0,"enemies":"Exordium Thugs","floor":13.0,"turns":4.0},{"damage":10.0,"enemies":"3 Sentries","floor":14.0,"turns":2.0},{"damage":31.0,"enemies":"Slime Boss","floor":16.0,"turns":7.0},{"damage":2.0,"enemies":"2 Thieves","floor":18.0,"turns":2.0},{"damage":12.0,"enemies":"Chosen","floor":19.0,"turns":4.0},{"damage":8.0,"enemies":"Centurion and Healer","floor":21.0,"turns":3.0},{"damage":4.0,"enemies":"Chosen and Byrds","floor":24.0,"turns":3.0},{"damage":3.0,"enemies":"Slavers","floor":27.0,"turns":2.0},{"damage":8.0,"enemies":"Snake Plant","floor":29.0,"turns":4.0},{"damage":4.0,"enemies":"Gremlin Leader","floor":30.0,"turns":5.0},{"damage":0.0,"enemies":"Centurion and Healer","floor":31.0,"turns":3.0},{"damage":34.0,"enemies":"Collector","floor":33.0,"turns":7.0},{"damage":0.0,"enemies":"Orb Walker","floor":35.0,"turns":4.0},{"damage":1.0,"enemies":"3 Shapes","floor":36.0,"turns":3.0},{"damage":27.0,"enemies":"Spire Growth","floor":37.0,"turns":3.0},{"damage":2.0,"enemies":"Nemesis","floor":40.0,"turns":5.0},{"damage":0.0,"enemies":"Reptomancer","floor":42.0,"turns":5.0},{"damage":0,"enemies":"Sphere and 2 Shapes","floor":46,"turns":3},{"damage":10,"enemies":"4 Shapes","floor":47,"turns":2},{"damage":0,"enemies":"Awakened One","floor":50,"turns":9},{"damage":0,"enemies":"Time Eater","floor":51,"turns":5},{"damage":0,"enemies":"Shield and Spear","floor":55,"turns":3},{"damage":0,"enemies":"The Heart","floor":56,"turns":5}],"seed_played":"3803782596924895767","potions_obtained":[{"floor":8.0,"key":"GamblersBrew"},{"floor":10.0,"key":"SpeedPotion"},{"floor":16.0,"key":"PowerPotion"},{"floor":21.0,"key":"LiquidBronze"},{"floor":24.0,"key":"AttackPotion"},{"floor":27.0,"key":"Explosive Potion"},{"floor":33.0,"key":"Block Potion"},{"floor":35.0,"key":"SpeedPotion"},{"floor":36.0,"key":"Fire Potion"},{"floor":47,"key":"SkillPotion"}],"is_trial":false,"path_per_floor":["M","$","?","M","M","R","?","M","T","M","?","R","M","E","R","B",null,"M","M","T","M","?","R","M","R","T","E","R","M","E","M","R","B",null,"M","M","M","$","?","E","R","E","T","?","R","M","M","$","R","B","B",null,"R","$","E","B",null],"character_chosen":"THE_SILENT","items_purchased":["Concentrate","Medical Kit","Well Laid Plans","Swift Potion","TheAbacus","Block Potion","Block Potion"],"campfire_rested":2,"item_purchase_floors":[38,38,38,38,48,48,54],"current_hp_per_floor":[59,59,59,57,56,56,56,48,48,26,26,44,44,34,34,3,46,44,32,32,24,24,24,20,20,30,27,27,19,15,15,36,2,53,53,52,25,25,25,23,23,23,23,23,23,23,13,13,13,13,13,56,56,56,56,56],"gold":65,"neow_bonus":"REMOVE_TWO","is_prod":false,"is_daily":false,"chose_seed":false,"campfire_upgraded":8,"win_rate":0,"timestamp":1554455022,"path_taken":["M","$","?","M","M","R","?","?","T","M","?","R","M","E","R","BOSS","M","?","?","M","?","R","M","R","T","E","R","M","E","M","R","BOSS","M","M","M","$","?","E","R","E","T","?","R","M","?","$","R","BOSS","BOSS","R","$","E","BOSS"],"build_version":"2019-01-23","purchased_purges":3,"victory":true,"max_hp_per_floor":[66,66,60,60,60,60,60,60,60,60,60,60,60,60,60,60,60,60,60,60,60,60,60,60,60,70,70,70,70,70,70,70,70,70,70,70,70,70,70,70,70,70,70,70,70,70,70,70,70,70,70,70,70,70,70,70],"card_choices":[{"not_picked":["Deflect","Underhanded Strike","Outmaneuver"],"picked":"SKIP","floor":1.0},{"not_picked":["Blade Dance","PiercingWail"],"picked":"Heel Hook","floor":4.0},{"not_picked":["Backstab","Prepared"],"picked":"Expertise","floor":5.0},{"not_picked":["PiercingWail","Dodge and Roll","Leg Sweep"],"picked":"SKIP","floor":8.0},{"not_picked":["Flying Knee","Riddle With Holes","PiercingWail"],"picked":"SKIP","floor":10.0},{"not_picked":["Flying Knee","Riddle With Holes","PiercingWail"],"picked":"SKIP","floor":10.0},{"not_picked":["Bane","Setup"],"picked":"Glass Knife","floor":13.0},{"not_picked":["Cloak And Dagger","Masterful Stab","Underhanded Strike"],"picked":"SKIP","floor":14.0},{"not_picked":["A Thousand Cuts","Bullet Time"],"picked":"Doppelganger","floor":16.0},{"not_picked":[],"picked":"Catalyst","floor":18.0},{"not_picked":["Poisoned Stab"],"picked":"SKIP","floor":19.0},{"not_picked":[],"picked":"Calculated Gamble+1","floor":21.0},{"not_picked":["Dagger Spray"],"picked":"SKIP","floor":24.0},{"not_picked":["Dash"],"picked":"SKIP","floor":27.0},{"not_picked":["Terror"],"picked":"SKIP","floor":29.0},{"not_picked":["Crippling Poison"],"picked":"SKIP","floor":30.0},{"not_picked":["Dodge and Roll"],"picked":"SKIP","floor":31.0},{"not_picked":[],"picked":"Night Terror","floor":33.0},{"not_picked":[],"picked":"Acrobatics+1","floor":35.0},{"not_picked":["Flying Knee+1"],"picked":"SKIP","floor":36.0},{"not_picked":["Flying Knee+1"],"picked":"SKIP","floor":37.0},{"not_picked":["Concentrate+1"],"picked":"SKIP","floor":40.0},{"not_picked":["Accuracy"],"picked":"SKIP","floor":42.0},{"not_picked":["Poisoned Stab+1"],"picked":"SKIP","floor":46},{"not_picked":["Acrobatics"],"picked":"SKIP","floor":47},{"not_picked":["Flying Knee+1"],"picked":"SKIP","floor":55}],"player_experience":1326668,"relics_obtained":[{"floor":9.0,"key":"Bottled Flame"},{"floor":14.0,"key":"Ornamental Fan"},{"floor":20.0,"key":"Pen Nib"},{"floor":26.0,"key":"Pear"},{"floor":27.0,"key":"Molten Egg 2"},{"floor":30.0,"key":"Smiling Mask"},{"floor":40.0,"key":"Anchor"},{"floor":42.0,"key":"Sundial"},{"floor":55,"key":"War Paint"}],"event_choices":[{"damage_healed":0.0,"max_hp_gain":0.0,"max_hp_loss":6.0,"gold_gain":0.0,"event_name":"Golden Idol","player_choice":"Lose Max HP","floor":3.0,"gold_loss":0.0,"damage_taken":0.0,"relics_obtained":["Golden Idol"]},{"damage_healed":0.0,"max_hp_gain":0.0,"max_hp_loss":0.0,"gold_gain":0.0,"event_name":"Match and Keep!","player_choice":"1 cards matched","floor":7.0,"gold_loss":0.0,"damage_taken":0.0,"cards_obtained":["Corpse Explosion"]},{"damage_healed":0.0,"max_hp_gain":0.0,"max_hp_loss":0.0,"gold_gain":0.0,"event_name":"Upgrade Shrine","player_choice":"Upgraded","floor":11.0,"gold_loss":0.0,"damage_taken":0.0,"cards_upgraded":["Corpse Explosion"]},{"damage_healed":0.0,"max_hp_gain":0.0,"max_hp_loss":0.0,"gold_gain":0.0,"event_name":"Cursed Tome","player_choice":"Ignored","floor":22.0,"gold_loss":0.0,"damage_taken":0.0},{"damage_healed":0.0,"max_hp_gain":0.0,"max_hp_loss":0.0,"gold_gain":333.0,"event_name":"The Moai Head","player_choice":"Gave Idol","floor":39.0,"relics_lost":["Golden Idol"],"gold_loss":0.0,"damage_taken":0.0},{"damage_healed":0,"gold_gain":0,"cards_transformed":["Defend_G","Glass Knife"],"player_choice":"Transformed Cards","damage_taken":0,"max_hp_gain":0,"max_hp_loss":0,"event_name":"Designer","floor":44,"gold_loss":75,"cards_obtained":["Endless Agony","Accuracy"]}],"is_beta":false,"boss_relics":[{"not_picked":["White Beast Statue","Eternal Feather"],"picked":"Busted Crown"},{"not_picked":["Astrolabe","Fusion Hammer"],"picked":"Empty Cage"}],"items_purged_floors":[38,48,54],"is_endless":false,"potions_floor_spawned":[8,10,14,16,21,24,27,33,35,36,47],"ascension_level":20}