{"gold_per_floor":[114,134,153,153,168,203,278,278,305,318,335,335,350,26,26,124,124,92,7,7,27,38,38,70,70,118,133,133,145,145,155,155,259,259,269,288,43,43],"floor_reached":38,"playtime":3593,"items_purged":["Evolve+1"],"score":450,"play_id":"10dbd13d-ba0c-432d-a383-181fcb6bafb9","local_time":"20180718130202","is_ascension_mode":false,"campfire_choices":[{"floor":8,"key":"REST"},{"floor":15,"key":"REST"},{"floor":23,"key":"REST"},{"floor":28,"key":"REST"},{"floor":32,"key":"REST"}],"neow_cost":"","seed_source_timestamp":410330806585448,"circlet_count":0,"master_deck":["Strike_R","Strike_R","Strike_R","Strike_R","Strike_R","Defend_R","Defend_R","Defend_R","Defend_R","Bash","Searing Blow+1","Sever Soul","Seeing Red","Cleave","Infernal Blade","Metallicize","Infernal Blade","Feed","Panache","Demon Form","Intimidate","Inflame","Shrug It Off","Shrug It Off","Flex","Iron Wave","Limit Break","Whirlwind","Thunderclap+1","Reaper","Armaments+1","Good Instincts"],"relics":["Burning Blood","Potion Belt","Oddly Smooth Stone","Omamori","Strawberry","Runic Pyramid","Dream Catcher","Red Skull","Enchiridion","Regal Pillow","White Beast Statue"],"potions_floor_usage":[13,16,16,22,29,33,38,38,38,38],"damage_taken":[{"damage":2,"enemies":"2 Louse","floor":1,"turns":3},{"damage":12,"enemies":"Jaw Worm","floor":2,"turns":4},{"damage":5,"enemies":"Small Slimes","floor":3,"turns":3},{"damage":9,"enemies":"Blue Slaver","floor":5,"turns":4},{"damage":22,"enemies":"3 Sentries","floor":6,"turns":7},{"damage":0,"enemies":"Large Slime","floor":10,"turns":5},{"damage":12,"enemies":"2 Fungi Beasts","floor":11,"turns":4},{"damage":21,"enemies":"Gremlin Gang","floor":13,"turns":6},{"damage":81,"enemies":"The Guardian","floor":16,"turns":14},{"damage":27,"enemies":"2 Thieves","floor":18,"turns":5},{"damage":45,"enemies":"Chosen","floor":21,"turns":7},{"damage":6,"enemies":"Centurion and Healer","floor":22,"turns":7},{"damage":73,"enemies":"Gremlin Leader","floor":24,"turns":8},{"damage":15,"enemies":"Chosen and Byrds","floor":27,"turns":5},{"damage":6,"enemies":"3 Cultists","floor":29,"turns":6},{"damage":47,"enemies":"Snake Plant","floor":31,"turns":5},{"damage":53,"enemies":"Automaton","floor":33,"turns":7},{"damage":43,"enemies":"Orb Walker","floor":35,"turns":5},{"damage":58,"enemies":"3 Shapes","floor":36,"turns":5},{"damage":48,"enemies":"Transient","floor":38,"turns":5}],"seed_played":"462524492665988336","potions_obtained":[{"floor":2,"key":"Strength Potion"},{"floor":3,"key":"SkillPotion"},{"floor":11,"key":"PowerPotion"},{"floor":21,"key":"AttackPotion"},{"floor":27,"key":"Energy Potion"},{"floor":29,"key":"Dexterity Potion"},{"floor":33,"key":"Strength Potion"},{"floor":35,"key":"Ancient Potion"},{"floor":36,"key":"Swift Potion"}],"is_trial":false,"path_per_floor":["M","M","M","?","M","E","?","R","T","M","M","?","M","$","R","B",null,"M","?","$","M","M","R","E","?","T","M","R","M","?","M","R","B",null,"M","M","$"],"character_chosen":"IRONCLAD","items_purchased":["Strawberry","Panache","Good Instincts","LiquidBronze"],"campfire_rested":5,"item_purchase_floors":[14,14,37,37],"current_hp_per_floor":[80,74,75,75,72,56,45,69,69,75,69,66,51,58,84,9,87,66,66,66,30,41,68,40,24,24,27,70,73,53,15,62,15,107,83,34,34,0],"gold":43,"neow_bonus":"","is_prod":false,"is_daily":false,"chose_seed":false,"campfire_upgraded":0,"win_rate":0.0,"timestamp":1531911722,"path_taken":["M","M","M","?","M","E","?","R","T","M","?","?","M","$","R","BOSS","M","?","?","M","?","R","E","?","T","M","R","?","?","M","R","BOSS","M","M","$","?"],"build_version":"2018-07-12","purchased_purges":1,"victory":false,"max_hp_per_floor":[80,80,80,80,80,80,80,80,80,80,80,80,80,87,87,87,87,87,87,87,90,93,93,93,93,93,96,96,99,104,107,107,107,107,110,113,113,113],"card_choices":[{"not_picked":["Armaments","Sever Soul"],"picked":"Searing Blow","floor":1},{"not_picked":["Wild Strike","Body Slam"],"picked":"Sever Soul","floor":2},{"not_picked":["Burning Pact","Intimidate"],"picked":"Seeing Red","floor":3},{"not_picked":["Twin Strike","Entrench"],"picked":"Cleave","floor":5},{"not_picked":["Thunderclap","Anger"],"picked":"Infernal Blade","floor":6},{"not_picked":["Twin Strike","Hemokinesis"],"picked":"Metallicize","floor":10},{"not_picked":["Sever Soul","Anger"],"picked":"Infernal Blade","floor":11},{"not_picked":["Sword Boomerang","Heavy Blade"],"picked":"Feed","floor":13},{"not_picked":["Limit Break","Offering"],"picked":"Demon Form","floor":16},{"not_picked":["Heavy Blade","Carnage"],"picked":"Intimidate","floor":18},{"not_picked":["Rupture+1","Twin Strike+1"],"picked":"Inflame","floor":21},{"not_picked":["Rupture","Battle Trance+1"],"picked":"Shrug It Off","floor":22},{"not_picked":["Bloodletting","Entrench"],"picked":"Shrug It Off","floor":23},{"not_picked":["Feed","Twin Strike+1"],"picked":"Flex","floor":24},{"not_picked":["Uppercut","Corruption+1"],"picked":"Iron Wave","floor":27},{"not_picked":["Twin Strike+1","Body Slam"],"picked":"Limit Break","floor":29},{"not_picked":["Dropkick","True Grit"],"picked":"Whirlwind","floor":31},{"not_picked":["Clash","Power Through"],"picked":"Thunderclap+1","floor":32},{"not_picked":["Immolate","Limit Break"],"picked":"Reaper","floor":33},{"not_picked":["Carnage+1","Clash+1"],"picked":"Evolve+1","floor":35},{"not_picked":["Blood for Blood","Pommel Strike"],"picked":"Armaments+1","floor":36}],"player_experience":82086,"relics_obtained":[{"floor":6,"key":"Potion Belt"},{"floor":9,"key":"Oddly Smooth Stone"},{"floor":24,"key":"Red Skull"},{"floor":25,"key":"Enchiridion"},{"floor":26,"key":"Regal Pillow"}],"event_choices":[{"event_name":"Living Wall","player_choice":"Grow","floor":4,"damage_taken":0},{"event_name":"World of Goop","player_choice":"Gather Gold","floor":7,"damage_taken":0},{"event_name":"Scrap Ooze","player_choice":"success","floor":12,"damage_taken":3},{"event_name":"Addict","player_choice":"Obtained Relic","floor":19,"damage_taken":0},{"event_name":"Cursed Tome","player_choice":"Obtained Book","floor":25,"damage_taken":0},{"event_name":"Forgotten Altar","player_choice":"Shed Blood","floor":30,"damage_taken":0}],"boss_relics":[{"not_picked":["Runic Cube","Runic Dome"],"picked":"Runic Pyramid"},{"not_picked":["Coffee Dripper","Velvet Choker"],"picked":"White Beast Statue"}],"items_purged_floors":[37],"is_endless":false,"potions_floor_spawned":[2,3,11,21,27,29,33,35,36],"killed_by":"Transient","ascension_level":0}