{"gold_per_floor":[113,113,37,37,2,2,34,34,34,209,61,91,106,106,106,211,211,229,229,229,1,1,1,21,39,65,91,91,16,116,116],"floor_reached":31,"playtime":1065,"items_purged":["Doubt"],"score":356,"play_id":"dfd94402-f563-46d0-a583-0c49960093ff","local_time":"20190402174844","is_ascension_mode":true,"campfire_choices":[{"data":"Zap","floor":6,"key":"SMITH"},{"data":"Dualcast","floor":8,"key":"SMITH"},{"data":"Multi-Cast","floor":15,"key":"SMITH"},{"data":"Sunder","floor":23,"key":"SMITH"},{"floor":28,"key":"REST"}],"neow_cost":"NONE","seed_source_timestamp":1760090441444012,"circlet_count":0,"master_deck":["Strike_B","Defend_B","Defend_B+1","Defend_B+1","Zap+1","Dualcast+1","Multi-Cast+1","Gash","Static Discharge+1","Core Surge","Defragment+1","Hello World+1","Storm+1","Machine Learning+1","FTL+1","Auto Shields+1","Multi-Cast+1","Coolheaded+1","Writhe","Capacitor+1","Loop+1","Sunder+1","Discovery+1","Double Energy","Genetic Algorithm","Self Repair+1","Lockon+1"],"relics":["Cracked Core","Orichalcum","Frozen Egg 2","Bottled Lightning","Pantograph","Astrolabe","Question Card","DataDisk","Red Mask","Girya","Meat on the Bone"],"potions_floor_usage":[13,18,18,25],"damage_taken":[{"damage":2,"enemies":"Jaw Worm","floor":1,"turns":3},{"damage":11,"enemies":"3 Sentries","floor":7,"turns":6},{"damage":15,"enemies":"Lagavulin","floor":12,"turns":5},{"damage":1,"enemies":"Small Slimes","floor":13,"turns":3},{"damage":0,"enemies":"Slime Boss","floor":16,"turns":5},{"damage":0,"enemies":"3 Byrds","floor":18,"turns":2},{"damage":8,"enemies":"Shell Parasite","floor":24,"turns":4},{"damage":18,"enemies":"Snake Plant","floor":25,"turns":3},{"damage":27,"enemies":"Masked Bandits","floor":27,"turns":3},{"damage":12,"enemies":"Colosseum Slavers","floor":30,"turns":3},{"damage":13,"enemies":"Colosseum Nobs","floor":30,"turns":4},{"damage":24,"enemies":"Gremlin Leader","floor":31,"turns":3}],"seed_played":"7729776379041926021","potions_obtained":[{"floor":7,"key":"Block Potion"},{"floor":12,"key":"Weak Potion"},{"floor":16,"key":"FocusPotion"},{"floor":24,"key":"Poison Potion"}],"is_trial":false,"path_per_floor":["M","?","$","?","?","R","E","R","T","?","$","E","M","T","R","B",null,"M","?","?","$","?","R","M","M","T","?","R","?","?","E"],"character_chosen":"DEFECT","items_purchased":["Static Discharge","Defragment+1","Loop+1","Sunder","Discovery"],"campfire_rested":1,"item_purchase_floors":[3,11,21,21,21],"current_hp_per_floor":[73,58,58,58,75,75,64,64,64,64,64,49,48,48,48,73,75,75,75,75,75,75,75,67,49,49,22,44,44,19,0],"gold":116,"neow_bonus":"ONE_RANDOM_RARE_CARD","is_prod":false,"is_daily":false,"chose_seed":false,"campfire_upgraded":4,"win_rate":0,"timestamp":1554252524,"path_taken":["M","?","$","?","?","R","E","R","T","?","?","E","M","?","R","BOSS","M","?","?","?","?","R","?","M","T","?","R","?","?","E"],"build_version":"2019-01-23","purchased_purges":1,"victory":false,"max_hp_per_floor":[75,75,75,75,75,75,75,75,75,75,75,75,75,75,75,75,75,75,75,75,75,75,75,75,75,75,75,75,75,75,75],"card_choices":[{"not_picked":["Cold Snap","Redo"],"picked":"Gash","floor":1},{"not_picked":["Gash","Coolheaded"],"picked":"Core Surge","floor":7},{"not_picked":["Leap","Steam"],"picked":"Hello World+1","floor":12},{"not_picked":["Steam","Gash"],"picked":"Storm+1","floor":13},{"not_picked":["Meteor Strike","Amplify"],"picked":"Machine Learning+1","floor":16},{"not_picked":["Consume","Barrage"],"picked":"Coolheaded+1","floor":18},{"not_picked":["Turbo","Beam Cell","Rebound+1"],"picked":"Double Energy","floor":24},{"not_picked":["Hologram","Barrage+1","Compile Driver+1"],"picked":"Genetic Algorithm","floor":25},{"not_picked":["Capacitor+1","Gash+1","Genetic Algorithm"],"picked":"Self Repair+1","floor":27},{"not_picked":["Stack+1","Cold Snap","Hello World+1"],"picked":"Lockon+1","floor":30}],"player_experience":484811,"relics_obtained":[{"floor":7,"key":"Orichalcum"},{"floor":9,"key":"Frozen Egg 2"},{"floor":12,"key":"Bottled Lightning"},{"floor":14,"key":"Pantograph"},{"floor":26,"key":"DataDisk"},{"floor":27,"key":"Red Mask"},{"floor":30,"key":"Girya"},{"floor":30,"key":"Meat on the Bone"}],"event_choices":[{"damage_healed":0,"gold_gain":0,"player_choice":"Entered Light","damage_taken":15,"max_hp_gain":0,"max_hp_loss":0,"event_name":"Shining Light","floor":2,"gold_loss":0,"cards_upgraded":["Defend_B","Defend_B"]},{"damage_healed":0,"gold_gain":0,"player_choice":"Grow","damage_taken":0,"max_hp_gain":0,"max_hp_loss":0,"event_name":"Living Wall","floor":4,"gold_loss":0,"cards_upgraded":["Static Discharge"]},{"damage_healed":18,"gold_gain":0,"player_choice":"Healed","damage_taken":0,"max_hp_gain":0,"max_hp_loss":0,"event_name":"The Cleric","floor":5,"gold_loss":35},{"damage_healed":0,"gold_gain":175,"player_choice":"AGREE","damage_taken":0,"max_hp_gain":0,"max_hp_loss":0,"event_name":"Liars Game","floor":10,"gold_loss":0,"cards_obtained":["Doubt"]},{"damage_healed":0,"gold_gain":0,"player_choice":"Opened","damage_taken":0,"relics_obtained":["Question Card"],"max_hp_gain":0,"max_hp_loss":0,"event_name":"The Mausoleum","floor":19,"gold_loss":0,"cards_obtained":["Writhe"]},{"damage_healed":0,"gold_gain":0,"player_choice":"Read","damage_taken":0,"max_hp_gain":0,"max_hp_loss":0,"event_name":"The Library","floor":20,"gold_loss":0,"cards_obtained":["Capacitor"]},{"damage_healed":0,"gold_gain":0,"player_choice":"Upgraded","damage_taken":0,"max_hp_gain":0,"max_hp_loss":0,"event_name":"Upgrade Shrine","floor":22,"gold_loss":0,"cards_upgraded":["Discovery"]},{"damage_healed":0,"gold_gain":0,"player_choice":"Fought Bandits","damage_taken":0,"max_hp_gain":0,"max_hp_loss":0,"event_name":"Masked Bandits","floor":27,"gold_loss":0},{"cards_removed":["Strike_B"],"damage_healed":0,"gold_gain":0,"player_choice":"Gave Gold","damage_taken":0,"max_hp_gain":0,"max_hp_loss":0,"event_name":"Beggar","floor":29,"gold_loss":75},{"damage_healed":0,"gold_gain":0,"player_choice":"Fight","damage_taken":0,"max_hp_gain":0,"max_hp_loss":0,"event_name":"Colosseum","floor":30,"gold_loss":0},{"damage_healed":0,"gold_gain":0,"player_choice":"Fought Nobs","damage_taken":0,"max_hp_gain":0,"max_hp_loss":0,"event_name":"Colosseum","floor":30,"gold_loss":0}],"is_beta":false,"boss_relics":[{"not_picked":["Coffee Dripper","Runic Dome"],"picked":"Astrolabe"}],"items_purged_floors":[11],"is_endless":false,"potions_floor_spawned":[7,12,16,24,30],"killed_by":"Gremlin Leader","ascension_level":5}