{"gold_per_floor":[113,33,109,14,24,24,51,71,71,101,101,117,117,131,131,203,203,221,221,221,221,98,98,75,75],"floor_reached":25,"playtime":674,"items_purged":[],"score":397,"play_id":"0f4ef66d-0947-4059-b298-e873e0172497","local_time":"20181121090834","is_ascension_mode":true,"campfire_choices":[{"data":"Flex","floor":6.0,"key":"SMITH"},{"data":"Flex","floor":13.0,"key":"SMITH"},{"data":"Brutality","floor":15.0,"key":"SMITH"},{"data":"Rupture","floor":23.0,"key":"SMITH"}],"neow_cost":"NONE","seed_source_timestamp":0,"circlet_count":0,"master_deck":["AscendersBane","Strike_R","Strike_R","Strike_R","Strike_R","Strike_R","Defend_R","Defend_R","Defend_R","Defend_R","Bash","Uppercut","Flex+1","Twin Strike","Dark Shackles","Cleave","Flex+1","Dual Wield","Reaper","Heavy Blade","Brutality+1","Immolate","Rupture","Pummel","Havoc","Reaper","Corruption","Rupture+1"],"special_seed":0,"relics":["Burning Blood","Orichalcum","The Courier","Omamori","Kunai","Orrery","GremlinMask"],"potions_floor_usage":[25],"damage_taken":[{"damage":7.0,"enemies":"Small Slimes","floor":1.0,"turns":5.0},{"damage":0.0,"enemies":"Cultist","floor":5.0,"turns":2.0},{"damage":2.0,"enemies":"Gremlin Nob","floor":7.0,"turns":3.0},{"damage":0.0,"enemies":"Jaw Worm","floor":8.0,"turns":2.0},{"damage":2.0,"enemies":"Lagavulin","floor":10.0,"turns":4.0},{"damage":5.0,"enemies":"Looter","floor":12.0,"turns":2.0},{"damage":8.0,"enemies":"Exordium Thugs","floor":14.0,"turns":4.0},{"damage":74.0,"enemies":"Hexaghost","floor":16.0,"turns":11.0},{"damage":36.0,"enemies":"Chosen","floor":18.0,"turns":5.0},{"damage":23.0,"enemies":"Colosseum Slavers","floor":20.0,"turns":4.0},{"damage":31.0,"enemies":"2 Thieves","floor":24.0,"turns":4.0},{"damage":47,"enemies":"Cultist and Chosen","floor":25,"turns":3}],"seed_played":"-7948501799984970305","potions_obtained":[{"floor":1.0,"key":"Fire Potion"},{"floor":5.0,"key":"FearPotion"},{"floor":12.0,"key":"Regen Potion"},{"floor":14.0,"key":"FearPotion"},{"floor":24.0,"key":"FearPotion"}],"is_trial":false,"path_per_floor":["M","$","?","$","M","R","E","M","T","E","?","M","R","M","R","B",null,"M","?","?","?","$","R","M","M"],"character_chosen":"IRONCLAD","items_purchased":["Flex","Twin Strike","Dark Shackles","Corruption","Rupture"],"campfire_rested":0,"item_purchase_floors":[2,2,4,22,22],"current_hp_per_floor":[67,67,67,67,73,73,75,75,75,75,75,75,75,73,73,17,61,31,31,33,33,33,33,38,0],"gold":75,"neow_bonus":"RANDOM_COMMON_RELIC","is_prod":false,"is_daily":false,"chose_seed":false,"campfire_upgraded":4,"win_rate":0,"timestamp":1542809314,"path_taken":["M","$","?","$","M","R","E","M","T","E","?","M","R","?","R","BOSS","M","?","?","?","$","R","M","M"],"build_version":"2018-11-15","purchased_purges":0,"victory":false,"max_hp_per_floor":[75,75,75,75,75,75,75,75,75,75,75,75,75,75,75,75,75,75,75,75,75,75,75,75,75],"card_choices":[{"not_picked":["Disarm","Body Slam"],"picked":"Uppercut","floor":1.0},{"not_picked":["Headbutt","Armaments"],"picked":"Cleave","floor":5.0},{"not_picked":["Seeing Red","Exhume"],"picked":"Flex","floor":7.0},{"not_picked":["True Grit","Headbutt"],"picked":"Dual Wield","floor":8.0},{"not_picked":["Sword Boomerang","Warcry"],"picked":"Reaper","floor":10.0},{"not_picked":["Pommel Strike","Shrug It Off"],"picked":"Heavy Blade","floor":12.0},{"not_picked":["Havoc","Anger"],"picked":"Brutality","floor":14.0},{"not_picked":["Berserk","Bludgeon"],"picked":"Immolate","floor":16.0},{"not_picked":["Iron Wave","Shrug It Off"],"picked":"Rupture","floor":17.0},{"not_picked":["Warcry","Combust"],"picked":"Pummel","floor":17.0},{"not_picked":["Anger","True Grit"],"picked":"Havoc","floor":17.0},{"not_picked":["Sentinel","Headbutt"],"picked":"Reaper","floor":18.0},{"not_picked":["Fire Breathing","Wild Strike","Body Slam"],"picked":"SKIP","floor":24.0}],"player_experience":758122,"relics_obtained":[{"floor":7.0,"key":"The Courier"},{"floor":9.0,"key":"Omamori"},{"floor":10.0,"key":"Kunai"}],"event_choices":[{"damage_healed":0.0,"max_hp_gain":0.0,"max_hp_loss":0.0,"gold_gain":76.0,"event_name":"Golden Wing","player_choice":"Gained Gold","floor":3.0,"gold_loss":0.0,"damage_taken":0.0},{"damage_healed":0.0,"max_hp_gain":0.0,"max_hp_loss":0.0,"gold_gain":0.0,"event_name":"Wheel of Change","player_choice":"Cursed","floor":11.0,"gold_loss":0.0,"damage_taken":0.0,"cards_obtained":["Decay"]},{"damage_healed":0.0,"max_hp_gain":0.0,"max_hp_loss":0.0,"gold_gain":0.0,"event_name":"Beggar","player_choice":"Ignored","floor":19.0,"gold_loss":0.0,"damage_taken":0.0},{"damage_healed":0.0,"max_hp_gain":0.0,"max_hp_loss":0.0,"gold_gain":0.0,"event_name":"Colosseum","player_choice":"Fight","floor":20.0,"gold_loss":0.0,"damage_taken":0.0},{"damage_healed":0.0,"max_hp_gain":0.0,"max_hp_loss":0.0,"gold_gain":0.0,"event_name":"Colosseum","player_choice":"Fled From Nobs","floor":20.0,"gold_loss":0.0,"damage_taken":0.0},{"damage_healed":0.0,"max_hp_gain":0.0,"max_hp_loss":0.0,"gold_gain":0.0,"event_name":"FaceTrader","player_choice":"Trade","floor":21.0,"gold_loss":0.0,"damage_taken":0.0,"relics_obtained":["GremlinMask"]}],"is_beta":false,"boss_relics":[{"not_picked":["Philosopher\u0027s Stone","Coffee Dripper"],"picked":"Orrery"}],"items_purged_floors":[],"is_endless":false,"potions_floor_spawned":[1,5,8,12,14,24],"killed_by":"Cultist and Chosen","ascension_level":18}