{"gold_per_floor":[112,124,23,23,23,33,33,33,87,107,119,138,153,153,153,253,253,253,253,253,253,0,0,0,0,0,0,0,0,0,0,0,0],"floor_reached":33,"playtime":984,"items_purged":["Strike_G","Strike_G"],"score":358,"play_id":"1e24323c-397e-4d11-a2b7-cc43bd833edf","local_time":"20180913123623","is_ascension_mode":true,"campfire_choices":[{"data":"Poisoned Stab","floor":7,"key":"SMITH"},{"data":"Catalyst","floor":15,"key":"SMITH"},{"floor":32,"key":"REST"}],"neow_cost":"NONE","seed_source_timestamp":661820868735535,"circlet_count":0,"master_deck":["Defend_G","Defend_G","Defend_G","Defend_G","Defend_G","Strike_G","Strike_G","Survivor","Neutralize","Catalyst+1","Poisoned Stab+1","Unload","Deadly Poison","Prepared","Bouncing Flask","Noxious Fumes","Doppelganger","Acrobatics+1","Escape Plan","Malaise"],"relics":["Sozu","GremlinMask","Snake Skull","Ectoplasm","Juzu Bracelet","Bottled Flame"],"potions_floor_usage":[],"damage_taken":[{"damage":0,"enemies":"2 Louse","floor":1,"turns":3},{"damage":0,"enemies":"Cultist","floor":2,"turns":4},{"damage":0,"enemies":"Small Slimes","floor":6,"turns":3},{"damage":4,"enemies":"Red Slaver","floor":10,"turns":3},{"damage":9,"enemies":"2 Fungi Beasts","floor":11,"turns":3},{"damage":7,"enemies":"3 Louse","floor":12,"turns":3},{"damage":15,"enemies":"Exordium Thugs","floor":13,"turns":4},{"damage":11,"enemies":"Hexaghost","floor":16,"turns":6},{"damage":11,"enemies":"3 Byrds","floor":18,"turns":4},{"damage":0,"enemies":"Chosen","floor":20,"turns":3},{"damage":18,"enemies":"Snecko","floor":21,"turns":4},{"damage":3,"enemies":"Book of Stabbing","floor":23,"turns":6},{"damage":20,"enemies":"Chosen and Byrds","floor":25,"turns":5},{"damage":3,"enemies":"3 Cultists","floor":27,"turns":5},{"damage":0,"enemies":"Snecko","floor":28,"turns":4},{"damage":29,"enemies":"Automaton","floor":33,"turns":4}],"seed_played":"-7590616976808796360","potions_obtained":[],"is_trial":false,"path_per_floor":["M","M","$","?","?","M","R","$","T","M","M","M","M","?","R","B",null,"M","?","M","M","$","E","?","M","T","M","M","$","?","?","R"],"character_chosen":"THE_SILENT","items_purchased":["Poisoned Stab","Malaise"],"campfire_rested":1,"item_purchase_floors":[3,22],"current_hp_per_floor":[70,70,70,70,70,70,70,70,70,66,57,50,35,35,35,24,59,48,48,48,30,30,27,27,7,7,4,4,4,4,4,25,0],"gold":0,"neow_bonus":"BOSS_RELIC","is_prod":false,"is_daily":false,"chose_seed":false,"campfire_upgraded":2,"win_rate":0,"timestamp":1536813383,"path_taken":["M","M","$","?","?","M","R","$","T","M","?","M","M","?","R","BOSS","M","?","M","M","$","E","?","M","T","M","M","?","?","?","R","BOSS"],"build_version":"2018-09-06","purchased_purges":2,"victory":false,"max_hp_per_floor":[70,70,70,70,70,70,70,70,70,70,70,70,70,70,70,70,70,70,70,70,70,70,70,70,70,70,70,70,70,70,70,70,70],"card_choices":[{"not_picked":["Blade Dance","Setup"],"picked":"Catalyst","floor":1},{"not_picked":["Slice","Deflect","Flying Knee"],"picked":"SKIP","floor":2},{"not_picked":["Riddle With Holes","Cloak And Dagger","Bane"],"picked":"SKIP","floor":6},{"not_picked":["Prepared","Calculated Gamble"],"picked":"Deadly Poison","floor":10},{"not_picked":["Venomology","Blade Dance"],"picked":"Prepared","floor":11},{"not_picked":["Poisoned Stab","Footwork"],"picked":"Bouncing Flask","floor":12},{"not_picked":["PiercingWail","Accuracy"],"picked":"Noxious Fumes","floor":13},{"not_picked":["Storm of Steel","Night Terror"],"picked":"Doppelganger","floor":16},{"not_picked":["Noxious Fumes","Dagger Spray"],"picked":"Acrobatics+1","floor":18},{"not_picked":["Leg Sweep","Infinite Blades+1"],"picked":"Escape Plan","floor":20},{"not_picked":["Deflect","Quick Slash","Noxious Fumes"],"picked":"SKIP","floor":21},{"not_picked":["Dagger Spray","Backstab+1","Heel Hook+1"],"picked":"SKIP","floor":23},{"not_picked":["Deadly Poison","Bullet Time","Outmaneuver"],"picked":"SKIP","floor":25},{"not_picked":["Backstab","Crippling Poison","Eviscerate"],"picked":"SKIP","floor":27},{"not_picked":["Bane","Prepared","Flying Knee"],"picked":"SKIP","floor":28}],"player_experience":375923,"relics_obtained":[{"floor":9,"key":"Snake Skull"},{"floor":23,"key":"Juzu Bracelet"},{"floor":26,"key":"Bottled Flame"}],"event_choices":[{"event_name":"Match and Keep!","player_choice":"1 cards matched","floor":4,"damage_taken":0},{"event_name":"FaceTrader","player_choice":"Trade","floor":5,"damage_taken":0},{"event_name":"Purifier","player_choice":"One Purge","floor":14,"damage_taken":0},{"event_name":"Vampires","player_choice":"Ignored","floor":19,"damage_taken":0},{"event_name":"Masked Bandits","player_choice":"Paid Fearfully","floor":24,"damage_taken":0},{"event_name":"Beggar","player_choice":"Ignored","floor":30,"damage_taken":0}],"is_beta":false,"boss_relics":[{"not_picked":["HoveringKite","Runic Dome"],"picked":"Ectoplasm"}],"items_purged_floors":[3,22],"is_endless":false,"potions_floor_spawned":[10,13,16,20,23,25,27,28],"killed_by":"Automaton","ascension_level":5}