{"gold_per_floor":[116,191,191,191,156,184,184,184,184,184,38,70,88,108,108,183,183,197,197,28,42,2,2,21,32,83,94],"floor_reached":27,"playtime":697,"items_purged":[],"score":542,"play_id":"43d33e32-5889-4934-820b-10b67ff983ae","local_time":"20190417153137","is_ascension_mode":true,"campfire_choices":[{"data":"Zap","floor":7,"key":"SMITH"},{"data":"Redo","floor":10,"key":"SMITH"},{"data":"Defragment","floor":15,"key":"SMITH"},{"data":"Fission","floor":23,"key":"SMITH"}],"neow_cost":"NONE","seed_source_timestamp":596760081882789,"circlet_count":0,"master_deck":["AscendersBane","Strike_B","Strike_B","Strike_B","Strike_B","Defend_B","Defend_B","Defend_B","Defend_B","Zap+1","Dualcast","Darkness+1","Redo+1","Defragment+1","Cold Snap","Chill","Genetic Algorithm","Seek","Zap","Fission+1","Doom and Gloom+1","Defragment","Defragment","Regret"],"relics":["Cracked Core","NeowsBlessing","DataDisk","Pear","Dream Catcher","Anchor","Cursed Key","Lantern"],"potions_floor_usage":[16,16,24],"damage_taken":[{"damage":0,"enemies":"Small Slimes","floor":1,"turns":1},{"damage":0,"enemies":"Lagavulin","floor":6,"turns":1},{"damage":0,"enemies":"Gremlin Nob","floor":12,"turns":1},{"damage":0,"enemies":"Jaw Worm","floor":13,"turns":3},{"damage":0,"enemies":"2 Louse","floor":14,"turns":3},{"damage":9,"enemies":"Slime Boss","floor":16,"turns":10},{"damage":1,"enemies":"3 Byrds","floor":18,"turns":6},{"damage":21,"enemies":"2 Thieves","floor":21,"turns":4},{"damage":26,"enemies":"Shelled Parasite and Fungi","floor":24,"turns":4},{"damage":3,"enemies":"Centurion and Healer","floor":25,"turns":7},{"damage":26,"enemies":"Cultist and Chosen","floor":27,"turns":6}],"seed_played":"-9041241979570190263","potions_obtained":[{"floor":1,"key":"FearPotion"},{"floor":12,"key":"SteroidPotion"},{"floor":21,"key":"Block Potion"},{"floor":25,"key":"Ancient Potion"}],"is_trial":false,"path_per_floor":["M","?","?","T","?","E","R","?","T","R","$","E","M","M","R","B",null,"M","?","$","M","$","R","M","M","T","M"],"character_chosen":"DEFECT","items_purchased":["Defragment","Cold Snap","Fission","Defragment"],"campfire_rested":0,"item_purchase_floors":[11,11,20,22],"current_hp_per_floor":[64,53,53,53,70,80,80,80,80,80,80,80,80,80,80,71,79,78,78,78,57,57,57,31,28,28,2],"gold":94,"neow_bonus":"THREE_ENEMY_KILL","is_prod":false,"is_daily":false,"chose_seed":false,"campfire_upgraded":4,"win_rate":0,"timestamp":1555529497,"path_taken":["M","?","?","?","?","E","R","?","T","R","?","E","M","M","R","BOSS","M","?","$","M","$","R","M","M","T","M"],"build_version":"2019-01-23","purchased_purges":0,"victory":false,"max_hp_per_floor":[71,71,71,71,71,81,81,81,81,81,81,81,81,81,81,81,81,81,81,81,81,81,81,81,81,81,81],"card_choices":[{"not_picked":["Rebound","Coolheaded"],"picked":"Darkness","floor":1},{"not_picked":["Undo","Streamline"],"picked":"Redo","floor":6},{"not_picked":["Conserve Battery","Leap"],"picked":"Chill","floor":12},{"not_picked":["Fusion","Chill","Turbo"],"picked":"SKIP","floor":13},{"not_picked":["Stack","Coolheaded"],"picked":"Genetic Algorithm","floor":14},{"not_picked":["All For One","Machine Learning"],"picked":"Seek","floor":16},{"not_picked":["Stack","Go for the Eyes","Gash"],"picked":"SKIP","floor":18},{"not_picked":["Turbo","Cold Snap+1"],"picked":"Doom and Gloom+1","floor":21},{"not_picked":["Gash","Auto Shields"],"picked":"Defragment","floor":24},{"not_picked":["Conserve Battery","Steam","Gash"],"picked":"SKIP","floor":25},{"not_picked":["Leap+1","Barrage","Hologram"],"picked":"SKIP","floor":27}],"player_experience":909397,"relics_obtained":[{"floor":4,"key":"DataDisk"},{"floor":6,"key":"Pear"},{"floor":9,"key":"Dream Catcher"},{"floor":12,"key":"Anchor"},{"floor":26,"key":"Lantern"}],"event_choices":[{"damage_healed":0,"gold_gain":75,"player_choice":"Gather Gold","damage_taken":11,"max_hp_gain":0,"max_hp_loss":0,"event_name":"World of Goop","floor":2,"gold_loss":0},{"damage_healed":0,"gold_gain":0,"player_choice":"Ignored","damage_taken":0,"max_hp_gain":0,"max_hp_loss":0,"event_name":"Golden Wing","floor":3,"gold_loss":0},{"damage_healed":17,"gold_gain":0,"player_choice":"Healed","damage_taken":0,"max_hp_gain":0,"max_hp_loss":0,"event_name":"The Cleric","floor":5,"gold_loss":35},{"damage_healed":0,"gold_gain":0,"player_choice":"Grow","damage_taken":0,"max_hp_gain":0,"max_hp_loss":0,"event_name":"Living Wall","floor":8,"gold_loss":0,"cards_upgraded":["Darkness"]},{"damage_healed":0,"gold_gain":0,"player_choice":"1 cards matched","damage_taken":0,"max_hp_gain":0,"max_hp_loss":0,"event_name":"Match and Keep!","floor":19,"gold_loss":0,"cards_obtained":["Zap"]}],"is_beta":false,"boss_relics":[{"not_picked":["Runic Dome","Lizard Tail"],"picked":"Cursed Key"}],"items_purged_floors":[],"is_endless":false,"potions_floor_spawned":[1,12,13,21,25],"killed_by":"Cultist and Chosen","ascension_level":20}