{"gold_per_floor":[109,109,128,147,167,167,202,52,78,97,108,183,183,183,183,256,256,270,270,116,128,108,108,127,127,127,141,152,152,152,27,27,99,99,119,119,119,119,137,169,169,203,255,255,288,138,150,168,168,168,168,168,82,117,117],"floor_reached":56,"playtime":2379,"items_purged":["Strike_G","Strike_G","Dash","Defend_G+1"],"score":2286,"play_id":"03ec024a-d02b-4589-8fc5-0aeb7ffa92dd","local_time":"20190310171606","is_ascension_mode":true,"campfire_choices":[{"data":"Neutralize","floor":6,"key":"SMITH"},{"data":"Catalyst","floor":13,"key":"SMITH"},{"data":"Tactician","floor":15,"key":"SMITH"},{"data":"Acrobatics","floor":23,"key":"SMITH"},{"data":"Well Laid Plans","floor":25,"key":"SMITH"},{"data":"Burst","floor":29,"key":"SMITH"},{"data":"Deadly Poison","floor":32,"key":"SMITH"},{"floor":41,"key":"RECALL"},{"floor":44,"key":"REST"},{"floor":49,"key":"REST"},{"floor":52,"key":"REST"}],"neow_cost":"NONE","seed_source_timestamp":0,"circlet_count":0,"master_deck":["AscendersBane","Defend_G+1","Defend_G+1","Defend_G+1","Defend_G+1","Survivor+1","Neutralize+1","Well Laid Plans+1","Deadly Poison+1","Catalyst+1","Backstab+1","Tactician+1","Acrobatics+1","Burst+1","Backflip+1","Crippling Poison+1","Ghostly+1","Ghostly+1","Ghostly+1","Malaise+1","Impatience+1","Purity"],"relics":["Ring of the Snake","Vajra","Anchor","White Beast Statue","Runic Pyramid","Paper Crane","Mark of the Bloom","Juzu Bracelet","Bottled Flame","Strawberry","Bag of Preparation"],"potions_floor_usage":[4,16,18,24,27,40,40,55,55],"damage_taken":[{"damage":0,"enemies":"Small Slimes","floor":1,"turns":5},{"damage":0,"enemies":"Cultist","floor":3,"turns":4},{"damage":0,"enemies":"2 Louse","floor":4,"turns":4},{"damage":7,"enemies":"Large Slime","floor":5,"turns":8},{"damage":29,"enemies":"3 Sentries","floor":7,"turns":16},{"damage":0,"enemies":"Exordium Thugs","floor":10,"turns":4},{"damage":0,"enemies":"Lots of Slimes","floor":11,"turns":5},{"damage":0,"enemies":"Hexaghost","floor":16,"turns":8},{"damage":19,"enemies":"3 Byrds","floor":18,"turns":7},{"damage":0,"enemies":"Shell Parasite","floor":21,"turns":4},{"damage":3,"enemies":"Centurion and Healer","floor":24,"turns":8},{"damage":0,"enemies":"3 Cultists","floor":27,"turns":5},{"damage":0,"enemies":"Snecko","floor":28,"turns":7},{"damage":2,"enemies":"Champ","floor":33,"turns":6},{"damage":7,"enemies":"3 Shapes","floor":35,"turns":4},{"damage":0,"enemies":"Orb Walker","floor":39,"turns":4},{"damage":0,"enemies":"Reptomancer","floor":40,"turns":5},{"damage":0,"enemies":"Nemesis","floor":42,"turns":5},{"damage":0,"enemies":"Reptomancer","floor":45,"turns":4},{"damage":0,"enemies":"Spire Growth","floor":47,"turns":5},{"damage":0,"enemies":"Maw","floor":48,"turns":7},{"damage":2,"enemies":"Donu and Deca","floor":50,"turns":11},{"damage":0,"enemies":"Shield and Spear","floor":54,"turns":8},{"damage":0,"enemies":"The Heart","floor":55,"turns":11}],"seed_played":"-698374629706845116","potions_obtained":[{"floor":4,"key":"Fruit Juice"},{"floor":5,"key":"SteroidPotion"},{"floor":10,"key":"AttackPotion"},{"floor":14,"key":"Strength Potion"},{"floor":16,"key":"GamblersBrew"},{"floor":18,"key":"SpeedPotion"},{"floor":22,"key":"GamblersBrew"},{"floor":24,"key":"AttackPotion"},{"floor":27,"key":"Energy Potion"},{"floor":40,"key":"Poison Potion"},{"floor":42,"key":"AttackPotion"},{"floor":45,"key":"EntropicBrew"},{"floor":48,"key":"Dexterity Potion"}],"is_trial":false,"path_per_floor":["M","?","M","M","M","R","E","$","T","M","M","?","R","?","R","B",null,"M","?","$","M","?","R","M","R","T","M","M","R","?","$","R","B",null,"M","?","T","?","M","E","R","E","T","R","E","$","M","M","R","B",null,"R","$","E","B",null],"character_chosen":"THE_SILENT","items_purchased":["Tactician","Backflip","Purity"],"campfire_rested":3,"item_purchase_floors":[8,20,53],"current_hp_per_floor":[59,59,59,64,57,57,28,28,28,28,28,17,17,17,17,17,58,39,39,39,39,39,39,36,36,36,36,36,36,35,35,35,33,35,28,28,28,28,28,28,28,28,28,28,28,28,28,28,28,26,26,26,26,26,26],"gold":117,"neow_bonus":"TRANSFORM_CARD","is_prod":false,"is_daily":false,"chose_seed":true,"campfire_upgraded":7,"win_rate":0,"timestamp":1552209366,"path_taken":["M","?","M","M","?","R","E","$","T","M","?","?","R","?","R","BOSS","M","?","?","M","?","R","?","R","T","M","M","R","?","$","R","BOSS","M","?","?","?","M","E","R","E","T","R","E","?","M","M","R","BOSS","R","$","E","BOSS"],"build_version":"2019-01-23","purchased_purges":4,"victory":true,"max_hp_per_floor":[66,66,66,71,71,71,71,71,71,71,71,71,71,71,71,71,71,71,71,71,71,71,71,71,71,71,71,71,71,35,35,35,35,35,35,35,35,35,35,35,35,35,42,42,42,42,42,42,42,42,42,42,42,42,42],"card_choices":[{"not_picked":["Poisoned Stab","Flying Knee","PiercingWail"],"picked":"SKIP","floor":1},{"not_picked":["Prepared","Acrobatics"],"picked":"Well Laid Plans","floor":3},{"not_picked":["Glass Knife","Choke"],"picked":"Deadly Poison","floor":4},{"not_picked":["Dagger Throw","Dodge and Roll"],"picked":"Catalyst","floor":5},{"not_picked":["Acrobatics","Dodge and Roll"],"picked":"Backstab","floor":7},{"not_picked":["Slice","Outmaneuver","Distraction"],"picked":"SKIP","floor":10},{"not_picked":["Masterful Stab","Flying Knee"],"picked":"Acrobatics","floor":11},{"not_picked":["After Image","Storm of Steel"],"picked":"Burst","floor":16},{"not_picked":["Blade Dance","Predator+1","Dagger Throw"],"picked":"SKIP","floor":18},{"not_picked":["Tactician","Bane+1","Prepared"],"picked":"SKIP","floor":21},{"not_picked":["Leg Sweep+1","Prepared","Choke"],"picked":"SKIP","floor":24},{"not_picked":["Terror","Dodge and Roll+1","Sucker Punch"],"picked":"SKIP","floor":27},{"not_picked":["Phantasmal Killer","Endless Agony"],"picked":"Crippling Poison+1","floor":28},{"not_picked":["A Thousand Cuts","Night Terror"],"picked":"Malaise","floor":33},{"not_picked":["Deadly Poison","Dagger Throw","Quick Slash"],"picked":"SKIP","floor":35},{"not_picked":["Bandage Up","Metamorphosis"],"picked":"Impatience","floor":36},{"not_picked":["Terror+1","Prepared","Sucker Punch+1"],"picked":"SKIP","floor":39},{"not_picked":["Endless Agony+1","Deflect","Poisoned Stab"],"picked":"SKIP","floor":40},{"not_picked":["Bane","Choke","Masterful Stab"],"picked":"SKIP","floor":42},{"not_picked":["Reflex","Setup+1","PiercingWail"],"picked":"SKIP","floor":45},{"not_picked":["Heel Hook","Eviscerate","Distraction"],"picked":"SKIP","floor":47},{"not_picked":["Dodge and Roll","Flying Knee","PiercingWail"],"picked":"SKIP","floor":48},{"not_picked":["Underhanded Strike","Cloak And Dagger","Sucker Punch"],"picked":"SKIP","floor":54}],"player_experience":1180025,"relics_obtained":[{"floor":7,"key":"Vajra"},{"floor":9,"key":"Anchor"},{"floor":37,"key":"Paper Crane"},{"floor":40,"key":"Juzu Bracelet"},{"floor":42,"key":"Bottled Flame"},{"floor":43,"key":"Strawberry"},{"floor":54,"key":"Bag of Preparation"}],"event_choices":[{"cards_removed":["Strike_G"],"damage_healed":0,"gold_gain":0,"player_choice":"Purged","damage_taken":0,"max_hp_gain":0,"max_hp_loss":0,"event_name":"Purifier","floor":2,"gold_loss":0},{"damage_healed":0,"gold_gain":75,"player_choice":"Gather Gold","damage_taken":11,"max_hp_gain":0,"max_hp_loss":0,"event_name":"World of Goop","floor":12,"gold_loss":0},{"damage_healed":0,"gold_gain":0,"player_choice":"Got Potions","damage_taken":0,"max_hp_gain":0,"max_hp_loss":0,"event_name":"Lab","floor":14,"gold_loss":0},{"cards_removed":["Strike_G"],"damage_healed":0,"gold_gain":0,"player_choice":"Elegance","damage_taken":0,"max_hp_gain":0,"max_hp_loss":0,"event_name":"Back to Basics","floor":19,"gold_loss":0},{"damage_healed":0,"gold_gain":0,"player_choice":"Bought 1 Potion","damage_taken":0,"max_hp_gain":0,"max_hp_loss":0,"event_name":"The Woman in Blue","floor":22,"gold_loss":0},{"damage_healed":0,"gold_gain":0,"player_choice":"Became a Ghost","damage_taken":0,"max_hp_gain":0,"max_hp_loss":36,"event_name":"Ghosts","floor":30,"gold_loss":0,"cards_obtained":["Ghostly","Ghostly","Ghostly"]},{"damage_healed":0,"gold_gain":0,"player_choice":"Memory 1","damage_taken":0,"max_hp_gain":0,"max_hp_loss":0,"event_name":"SensoryStone","floor":36,"gold_loss":0},{"damage_healed":0,"gold_gain":0,"player_choice":"Upgrade","damage_taken":0,"relics_obtained":["Mark of the Bloom"],"max_hp_gain":0,"max_hp_loss":0,"event_name":"MindBloom","floor":38,"gold_loss":0,"cards_upgraded":["Defend_G","Defend_G","Defend_G","Defend_G","Defend_G","Survivor","Backstab","Backflip","Ghostly","Ghostly","Ghostly","Malaise","Impatience"]}],"is_beta":false,"boss_relics":[{"not_picked":["Fusion Hammer","HoveringKite"],"picked":"White Beast Statue"},{"not_picked":["Philosopher\u0027s Stone","Runic Dome"],"picked":"Runic Pyramid"}],"items_purged_floors":[8,20,31,46],"is_endless":false,"potions_floor_spawned":[4,5,10,16,18,21,24,27,28,33,35,39,40,42,45,47,48,54],"ascension_level":15}