{"gold_per_floor":[109,120,295,295,308,308,85,85,85,85,99,111,111,130,130,235,235,246,246,258,258,258,258,273,289,289,314,327,29,29,39,39,140,140,150,150,150,161,161,161,187,187,187,214,214,13,29,45,45,45],"floor_reached":50,"playtime":1953,"items_purged":["Doubt","Doubt","Injury"],"score":537,"play_id":"d9d965a6-4998-4b8c-b7a5-2216e0fa7c1c","local_time":"20190421105714","is_ascension_mode":false,"campfire_choices":[{"data":"Flex","floor":6,"key":"SMITH"},{"data":"Warcry","floor":8,"key":"SMITH"},{"data":"Bash","floor":10,"key":"SMITH"},{"data":"Whirlwind","floor":13,"key":"SMITH"},{"data":"Rupture","floor":15,"key":"SMITH"},{"data":"Demon Form","floor":23,"key":"SMITH"},{"floor":32,"key":"REST"},{"data":"Offering","floor":40,"key":"SMITH"},{"floor":42,"key":"REST"},{"floor":49,"key":"REST"}],"neow_cost":"NONE","seed_source_timestamp":871881331193500,"circlet_count":0,"master_deck":["Strike_R","Strike_R+1","Strike_R+1","Strike_R+1","Strike_R","Defend_R","Defend_R+1","Defend_R+1","Defend_R","Bash+1","Warcry+1","Flex+1","Thunderclap","Whirlwind+1","Rupture+1","Demon Form+1","Flex+1","Panacea","Headbutt+1","Inflame","Twin Strike","Bloodletting+1","Brutality","Bloodletting+1","RitualDagger","Offering+1","Spot Weakness+1","Trip","Pommel Strike+1","Shrug It Off+1","Inflame","Warcry","Bloodletting+1","Infernal Blade"],"relics":["Burning Blood","Red Skull","Bottled Lightning","Cursed Key","War Paint","Happy Flower","Blood Vial","Sozu","Whetstone","Mango","Dream Catcher"],"potions_floor_usage":[11,16,16,31,33,44],"damage_taken":[{"damage":5,"enemies":"Cultist","floor":1,"turns":4},{"damage":6,"enemies":"2 Louse","floor":2,"turns":4},{"damage":0,"enemies":"Small Slimes","floor":5,"turns":4},{"damage":0,"enemies":"Looter","floor":11,"turns":1},{"damage":8,"enemies":"Red Slaver","floor":12,"turns":3},{"damage":0,"enemies":"Large Slime","floor":14,"turns":3},{"damage":55,"enemies":"Hexaghost","floor":16,"turns":11},{"damage":10,"enemies":"2 Thieves","floor":18,"turns":2},{"damage":10,"enemies":"Chosen","floor":20,"turns":3},{"damage":8,"enemies":"3 Cultists","floor":24,"turns":3},{"damage":0,"enemies":"Snake Plant","floor":25,"turns":2},{"damage":7,"enemies":"Slavers","floor":27,"turns":2},{"damage":13,"enemies":"Snecko","floor":28,"turns":4},{"damage":36,"enemies":"Centurion and Healer","floor":31,"turns":4},{"damage":56,"enemies":"Collector","floor":33,"turns":6},{"damage":16,"enemies":"3 Shapes","floor":35,"turns":4},{"damage":27,"enemies":"3 Darklings","floor":38,"turns":3},{"damage":24,"enemies":"Reptomancer","floor":41,"turns":5},{"damage":31,"enemies":"Giant Head","floor":44,"turns":5},{"damage":43,"enemies":"Sphere and 2 Shapes","floor":47,"turns":4},{"damage":28,"enemies":"Maw","floor":48,"turns":5},{"damage":42,"enemies":"Donu and Deca","floor":50,"turns":3}],"seed_played":"5431496387915944629","potions_obtained":[{"floor":2,"key":"SteroidPotion"},{"floor":12,"key":"Block Potion"},{"floor":14,"key":"EssenceOfSteel"},{"floor":18,"key":"Ancient Potion"},{"floor":20,"key":"Swift Potion"},{"floor":31,"key":"SteroidPotion"}],"is_trial":false,"path_per_floor":["M","M","?","?","M","R","$","R","T","R","M","M","R","M","R","B",null,"M","?","M","?","?","R","M","M","T","E","M","$","?","M","R","B",null,"M","?","$","M","$","R","E","R","T","E","?","$","M","M","R","B"],"character_chosen":"IRONCLAD","items_purchased":["Red Skull","Blood Vial","AttackPotion","Inflame"],"campfire_rested":3,"item_purchase_floors":[7,29,29,46],"current_hp_per_floor":[80,80,80,64,70,70,70,70,70,70,76,74,74,80,80,31,80,76,60,56,56,90,90,88,90,90,89,82,82,76,48,75,27,90,80,80,80,61,61,61,45,72,86,63,63,63,28,8,39,0],"gold":45,"neow_bonus":"THREE_CARDS","is_prod":false,"is_daily":false,"chose_seed":false,"campfire_upgraded":7,"win_rate":0,"timestamp":1555815434,"path_taken":["M","M","?","?","M","R","$","R","T","R","M","M","R","M","R","BOSS","M","?","?","?","?","R","M","?","T","E","M","$","?","M","R","BOSS","M","?","$","M","$","R","E","R","T","E","?","$","M","M","R","BOSS"],"build_version":"2019-01-23","purchased_purges":3,"victory":false,"max_hp_per_floor":[80,80,80,80,80,80,80,80,80,80,80,80,80,80,80,80,80,80,80,80,80,90,90,90,90,90,90,90,90,90,90,90,90,90,90,90,90,90,90,90,90,90,104,104,104,104,104,104,104,104],"card_choices":[{"not_picked":["Cleave","Perfected Strike"],"picked":"Warcry","floor":0},{"not_picked":["Clothesline","Dual Wield","Iron Wave"],"picked":"SKIP","floor":1},{"not_picked":["Ghostly Armor","True Grit"],"picked":"Flex","floor":2},{"not_picked":["True Grit","Feel No Pain"],"picked":"Thunderclap","floor":5},{"not_picked":["Iron Wave","Body Slam"],"picked":"Barricade","floor":11},{"not_picked":["Combust","Clothesline"],"picked":"Whirlwind","floor":12},{"not_picked":["Power Through","Clash"],"picked":"Rupture","floor":14},{"not_picked":["Double Tap","Barricade"],"picked":"Demon Form","floor":16},{"not_picked":["Whirlwind","Havoc"],"picked":"Flex","floor":18},{"not_picked":["Wild Strike","Warcry"],"picked":"Headbutt+1","floor":20},{"not_picked":["Iron Wave","Carnage+1"],"picked":"Twin Strike","floor":24},{"not_picked":["Clothesline+1","Twin Strike"],"picked":"Bloodletting+1","floor":25},{"not_picked":["Intimidate","True Grit"],"picked":"Brutality","floor":27},{"not_picked":["Rage","Hemokinesis+1"],"picked":"Bloodletting+1","floor":28},{"not_picked":["Intimidate","Sever Soul","Clash"],"picked":"SKIP","floor":31},{"not_picked":["Limit Break","Bludgeon"],"picked":"Offering","floor":33},{"not_picked":["Armaments+1","Metallicize"],"picked":"Spot Weakness+1","floor":35},{"not_picked":["Impatience","Finesse"],"picked":"Trip","floor":36},{"not_picked":["Flex","Flame Barrier"],"picked":"Pommel Strike+1","floor":38},{"not_picked":["Havoc","Sword Boomerang"],"picked":"Shrug It Off+1","floor":41},{"not_picked":["Perfected Strike","True Grit+1","Dual Wield"],"picked":"SKIP","floor":44},{"not_picked":["Sword Boomerang+1","Feel No Pain"],"picked":"Warcry","floor":47},{"not_picked":["Blood for Blood+1","Clash+1"],"picked":"Bloodletting+1","floor":48},{"not_picked":["Havoc","Wild Strike"],"picked":"Infernal Blade","floor":49}],"player_experience":515631,"relics_obtained":[{"floor":9,"key":"Bottled Lightning"},{"floor":26,"key":"War Paint"},{"floor":27,"key":"Happy Flower"},{"floor":41,"key":"Whetstone"},{"floor":43,"key":"Mango"},{"floor":44,"key":"Dream Catcher"}],"event_choices":[{"damage_healed":0,"gold_gain":175,"player_choice":"AGREE","damage_taken":0,"max_hp_gain":0,"max_hp_loss":0,"event_name":"Liars Game","floor":3,"gold_loss":0,"cards_obtained":["Doubt"]},{"damage_healed":0,"gold_gain":0,"player_choice":"Entered Light","damage_taken":16,"max_hp_gain":0,"max_hp_loss":0,"event_name":"Shining Light","floor":4,"gold_loss":0,"cards_upgraded":["Strike_R","Defend_R"]},{"damage_healed":0,"gold_gain":0,"player_choice":"CARD ","damage_taken":16,"max_hp_gain":0,"max_hp_loss":0,"event_name":"Knowing Skull","floor":19,"potions_obtained":[],"gold_loss":0,"cards_obtained":["Panacea"]},{"damage_healed":0,"gold_gain":0,"player_choice":"Read","damage_taken":0,"max_hp_gain":0,"max_hp_loss":0,"event_name":"The Library","floor":21,"gold_loss":0,"cards_obtained":["Inflame"]},{"cards_removed":["Barricade"],"damage_healed":24,"gold_gain":0,"player_choice":"Offered Rare","damage_taken":0,"max_hp_gain":10,"max_hp_loss":0,"event_name":"Bonfire Elementals","floor":22,"gold_loss":0},{"damage_healed":0,"gold_gain":0,"player_choice":"Joined the Cult","damage_taken":6,"max_hp_gain":0,"max_hp_loss":0,"event_name":"Nest","floor":30,"gold_loss":0,"cards_obtained":["RitualDagger"]},{"damage_healed":0,"gold_gain":0,"player_choice":"Memory 1","damage_taken":0,"max_hp_gain":0,"max_hp_loss":0,"event_name":"SensoryStone","floor":36,"gold_loss":0},{"damage_healed":0,"gold_gain":0,"player_choice":"Ignored","damage_taken":0,"max_hp_gain":0,"max_hp_loss":0,"event_name":"Tomb of Lord Red Mask","floor":45,"gold_loss":0}],"is_beta":false,"boss_relics":[{"not_picked":["Philosopher\u0027s Stone","Tiny House"],"picked":"Cursed Key"},{"not_picked":["Busted Crown","Empty Cage"],"picked":"Sozu"}],"items_purged_floors":[7,29,46],"is_endless":false,"potions_floor_spawned":[2,12,14,18,20,31,35,41,47],"killed_by":"Donu and Deca","ascension_level":0}