{"path_per_floor":["M","?","M","$","?","R","M","?","T","R","?","M","M","E","R","B",null,"M","$","?","?","?","R","E","M","T","R","M","R","M","E","R","B",null,"M","$","?","?","M","E","M","?","T","$","M","R","$","M","R","B"],"character_chosen":"DEFECT","items_purchased":["Defragment","Compile Driver","Consume","Pen Nib","Reboot","Conserve Battery"],"gold_per_floor":[119,119,135,60,60,60,72,22,45,45,45,63,87,130,130,254,254,273,54,54,54,54,54,84,101,179,179,191,191,204,231,231,326,326,343,93,93,93,104,139,152,152,229,15,28,28,28,43,43,43],"floor_reached":51,"campfire_rested":3,"playtime":2856,"item_purchase_floors":[19,19,36,36,44,44],"current_hp_per_floor":[75,75,74,74,74,74,74,74,74,74,56,56,53,53,53,52,75,69,69,69,69,69,69,44,39,39,39,39,61,51,51,51,20,75,67,67,67,57,30,26,17,17,17,17,8,30,30,28,50,16],"items_purged":["Strike_B","Strike_B","Defend_B","Hologram"],"gold":43,"score":799,"play_id":"aab67804-585d-4e83-9b1e-fb559667c0fb","local_time":"20180606114956","is_prod":false,"is_daily":false,"chose_seed":false,"is_ascension_mode":true,"campfire_upgraded":6,"win_rate":0,"timestamp":1528256996,"campfire_choices":[{"data":"Dualcast","floor":6,"key":"SMITH"},{"data":"Sweeping Beam","floor":10,"key":"SMITH"},{"data":"Loop","floor":15,"key":"SMITH"},{"data":"Loop","floor":23,"key":"SMITH"},{"data":"Hologram","floor":27,"key":"SMITH"},{"floor":29,"key":"REST"},{"data":"Coolheaded","floor":32,"key":"SMITH"},{"floor":46,"key":"REST"},{"floor":49,"key":"REST"}],"path_taken":["M","?","?","$","?","R","M","?","T","R","?","M","?","E","R","BOSS","M","$","?","?","?","R","E","M","T","R","M","R","?","E","R","BOSS","M","$","?","?","M","E","?","?","T","$","M","R","?","M","R","BOSS"],"build_version":"2018-05-31","seed_source_timestamp":223877795335878,"purchased_purges":4,"victory":true,"master_deck":["Zap","Dualcast+1","Steam","Barrage","Sweeping Beam+1","Ball Lightning","FTL","Loop+1","Thunder Strike","Loop+1","Defragment+1","Compile Driver","Hologram+1","Reboot","Amplify","Coolheaded+1","Reboot","Rebound+1","Consume","Secret Technique+1","Magnetism","Secret Weapon","Redo+1","Tempest","Reboot","Conserve Battery","Echo Form"],"max_hp_per_floor":[75,75,75,75,75,75,75,75,75,75,75,75,75,75,75,75,75,75,75,75,75,75,75,75,75,75,75,75,75,75,75,75,75,75,75,75,75,75,75,75,75,75,75,75,75,75,75,75,75,75],"relics":["Cracked Core","Lantern","Question Card","Nuclear Battery","Nloth\u0027s Gift","Bronze Scales","The Courier","Kunai","Inserter","Pen Nib","Toolbox","Centennial Puzzle"],"card_choices":[{"not_picked":["Self Repair","Fusion"],"picked":"Barrage","floor":1},{"not_picked":["Auto Shields","Scrape"],"picked":"Sweeping Beam","floor":3},{"not_picked":["Stack","Self Repair"],"picked":"Ball Lightning","floor":7},{"not_picked":["Recycle","Gash"],"picked":"FTL","floor":12},{"not_picked":["Redo","Leap","Rebound"],"picked":"SKIP","floor":13},{"not_picked":["Reboot","Redo"],"picked":"Loop","floor":14},{"not_picked":["Machine Learning","Reboot","Core Surge"],"picked":"Thunder Strike","floor":16},{"not_picked":["Conserve Battery+1","Ball Lightning","Streamline"],"picked":"Loop","floor":18},{"not_picked":["Turbo","Streamline","Barrage+1"],"picked":"Hologram","floor":24},{"not_picked":["Conserve Battery+1","Barrage+1","Scrape"],"picked":"Reboot","floor":25},{"not_picked":["Leap","Conserve Battery","Gash"],"picked":"Amplify","floor":28},{"not_picked":["Storm","Rebound","BootSequence"],"picked":"Coolheaded","floor":30},{"not_picked":["Coolheaded","Darkness","Ball Lightning"],"picked":"Hologram","floor":31},{"not_picked":["Multi-Cast","Amplify","Fission"],"picked":"Reboot","floor":33},{"not_picked":["Stack","Conserve Battery","Hologram"],"picked":"Rebound+1","floor":35},{"not_picked":["Sadistic Nature","Master of Strategy","Deep Breath"],"picked":"Secret Technique","floor":38},{"not_picked":["Panache","Dark Shackles","Good Instincts"],"picked":"Magnetism","floor":38},{"not_picked":["Jack Of All Trades","Sadistic Nature","Swift Strike"],"picked":"Secret Weapon","floor":38},{"not_picked":["Coolheaded","Glacier","Streamline+1"],"picked":"Redo+1","floor":39},{"not_picked":["Skim+1","Rainbow","Sweeping Beam"],"picked":"Tempest","floor":40},{"not_picked":["BootSequence+1","Blizzard","Redo","Gash"],"picked":"SKIP","floor":41},{"not_picked":["Blizzard+1","Leap","Sweeping Beam","Skim+1"],"picked":"SKIP","floor":45},{"not_picked":["Cold Snap","Darkness","Capacitor+1"],"picked":"Echo Form","floor":48}],"player_experience":229029,"potions_floor_usage":[14,16,31,31,33,40,40,41,45,50],"damage_taken":[{"damage":0,"enemies":"Small Slimes","floor":1,"turns":2},{"damage":1,"enemies":"2 Louse","floor":3,"turns":2},{"damage":0,"enemies":"Cultist","floor":7,"turns":2},{"damage":0,"enemies":"Exordium Thugs","floor":12,"turns":3},{"damage":3,"enemies":"Lots of Slimes","floor":13,"turns":2},{"damage":0,"enemies":"3 Sentries","floor":14,"turns":2},{"damage":1,"enemies":"Hexaghost","floor":16,"turns":7},{"damage":6,"enemies":"Shell Parasite","floor":18,"turns":4},{"damage":25,"enemies":"Gremlin Leader","floor":24,"turns":4},{"damage":5,"enemies":"3 Byrds","floor":25,"turns":2},{"damage":0,"enemies":"Cultist and Chosen","floor":28,"turns":3},{"damage":10,"enemies":"Centurion and Healer","floor":30,"turns":3},{"damage":12,"enemies":"Slavers","floor":31,"turns":3},{"damage":31,"enemies":"Automaton","floor":33,"turns":9},{"damage":8,"enemies":"Orb Walker","floor":35,"turns":3},{"damage":27,"enemies":"3 Shapes","floor":39,"turns":3},{"damage":13,"enemies":"2 Orb Walkers","floor":40,"turns":3},{"damage":9,"enemies":"Sphere and 2 Shapes","floor":41,"turns":2},{"damage":9,"enemies":"3 Darklings","floor":45,"turns":2},{"damage":6,"enemies":"Maw","floor":48,"turns":6},{"damage":34,"enemies":"Awakened One","floor":50,"turns":8}],"relics_obtained":[{"floor":9,"key":"Lantern"},{"floor":14,"key":"Question Card"},{"floor":24,"key":"Bronze Scales"},{"floor":26,"key":"The Courier"},{"floor":31,"key":"Kunai"},{"floor":40,"key":"Toolbox"},{"floor":43,"key":"Centennial Puzzle"}],"event_choices":[{"event_name":"Living Wall","player_choice":"Forget","floor":2,"damage_taken":0},{"event_name":"Purifier","player_choice":"One Purge","floor":5,"damage_taken":0},{"event_name":"The Cleric","player_choice":"Card Removal","floor":8,"damage_taken":0},{"event_name":"Golden Idol","player_choice":"Take Damage","floor":11,"damage_taken":0},{"event_name":"N\u0027loth","player_choice":"Traded a Golden Idol","floor":20,"damage_taken":0},{"event_name":"Back to Basics","player_choice":"Elegance","floor":21,"damage_taken":0},{"event_name":"Upgrade Shrine","player_choice":"Upgraded","floor":22,"damage_taken":0},{"event_name":"Purifier","player_choice":"One Purge","floor":37,"damage_taken":0},{"event_name":"SensoryStone","player_choice":"Memory 3","floor":38,"damage_taken":0},{"event_name":"Accursed Blacksmith","player_choice":"Forge","floor":42,"damage_taken":0}],"boss_relics":[{"not_picked":["Black Star","Calling Bell"],"picked":"Nuclear Battery"},{"not_picked":["Velvet Choker","Runic Pyramid"],"picked":"Inserter"}],"items_purged_floors":[4,19,36,44],"potions_floor_spawned":[3,12,14,16,24,28,30,39,45],"seed_played":"6657344787145123615","ascension_level":1,"potions_obtained":[{"floor":3,"key":"SkillPotion"},{"floor":12,"key":"FocusPotion"},{"floor":14,"key":"Fire Potion"},{"floor":16,"key":"Explosive Potion"},{"floor":24,"key":"Regen Potion"},{"floor":28,"key":"Swift Potion"},{"floor":30,"key":"FocusPotion"},{"floor":39,"key":"EntropicBrew"},{"floor":45,"key":"Strength Potion"}],"is_trial":false}