{"gold_per_floor":[216,147,158,176,176,209,222,240,240,240,240,264,264,282,282,282],"floor_reached":16,"playtime":1207,"items_purged":[],"score":109,"play_id":"dee99146-a0a7-495c-8e19-b914f7822321","local_time":"20190331174631","is_ascension_mode":true,"campfire_choices":[{"data":"Limit Break","floor":15,"key":"SMITH"}],"neow_cost":"NONE","seed_source_timestamp":1625176927502252,"circlet_count":0,"master_deck":["Strike_R","Strike_R","Strike_R","Strike_R","Strike_R","Defend_R","Defend_R","Defend_R","Defend_R","Bash","Perfected Strike","Whirlwind","Iron Wave","Limit Break+1","Shrug It Off","Iron Wave","Flex","Injury","Disarm","Pain","Sword Boomerang"],"relics":["Burning Blood","Kunai","Frozen Egg 2","Golden Idol","WarpedTongs"],"potions_floor_usage":[3,14],"damage_taken":[{"damage":1,"enemies":"Cultist","floor":1,"turns":4},{"damage":0,"enemies":"Small Slimes","floor":3,"turns":2},{"damage":0,"enemies":"2 Louse","floor":4,"turns":3},{"damage":67,"enemies":"3 Sentries","floor":6,"turns":7},{"damage":15,"enemies":"Looter","floor":7,"turns":3},{"damage":0,"enemies":"3 Louse","floor":8,"turns":4},{"damage":3,"enemies":"Red Slaver","floor":12,"turns":5},{"damage":8,"enemies":"Lots of Slimes","floor":14,"turns":4},{"damage":43,"enemies":"Hexaghost","floor":16,"turns":11}],"seed_played":"-7417981899395782066","potions_obtained":[{"floor":1,"key":"Poison Potion"},{"floor":8,"key":"AttackPotion"},{"floor":12,"key":"Weak Potion"}],"is_trial":false,"path_per_floor":["M","$","M","M","?","E","M","M","T","?","?","M","?","M","R","B"],"character_chosen":"IRONCLAD","items_purchased":["Whirlwind"],"campfire_rested":0,"item_purchase_floors":[2],"current_hp_per_floor":[80,80,80,80,77,16,7,13,13,39,39,42,42,40,40,0],"gold":282,"neow_bonus":"HUNDRED_GOLD","is_prod":false,"is_daily":false,"chose_seed":false,"campfire_upgraded":1,"win_rate":0,"timestamp":1554072391,"path_taken":["M","?","M","M","?","E","M","M","T","?","?","M","?","M","R","BOSS"],"build_version":"2019-01-23","purchased_purges":0,"victory":false,"max_hp_per_floor":[80,80,80,80,80,80,80,80,80,80,80,80,80,80,80,80],"card_choices":[{"not_picked":["Whirlwind","Uppercut"],"picked":"Perfected Strike","floor":1},{"not_picked":["Sword Boomerang","Headbutt"],"picked":"Iron Wave","floor":3},{"not_picked":["Metallicize","Armaments"],"picked":"Limit Break","floor":4},{"not_picked":["Burning Pact","Body Slam"],"picked":"Shrug It Off","floor":6},{"not_picked":["Ghostly Armor","Shockwave"],"picked":"Iron Wave","floor":7},{"not_picked":["Warcry","Anger"],"picked":"Flex","floor":8},{"not_picked":["Combust+1","Corruption+1"],"picked":"Disarm","floor":12},{"not_picked":["Body Slam","Rage"],"picked":"Sword Boomerang","floor":14}],"player_experience":134146,"relics_obtained":[{"floor":6,"key":"Frozen Egg 2"}],"event_choices":[{"damage_healed":0,"gold_gain":0,"player_choice":"Success","damage_taken":3,"relics_obtained":["Kunai"],"max_hp_gain":0,"max_hp_loss":0,"event_name":"Scrap Ooze","floor":5,"gold_loss":0},{"damage_healed":26,"gold_gain":0,"player_choice":"Banana","damage_taken":0,"max_hp_gain":0,"max_hp_loss":0,"event_name":"Big Fish","floor":10,"gold_loss":0},{"damage_healed":0,"gold_gain":0,"player_choice":"Take Wound","damage_taken":0,"relics_obtained":["Golden Idol"],"max_hp_gain":0,"max_hp_loss":0,"event_name":"Golden Idol","floor":11,"gold_loss":0,"cards_obtained":["Injury"]},{"damage_healed":0,"gold_gain":0,"player_choice":"Rummage","damage_taken":0,"relics_obtained":["WarpedTongs"],"max_hp_gain":0,"max_hp_loss":0,"event_name":"Accursed Blacksmith","floor":13,"gold_loss":0,"cards_obtained":["Pain"]}],"is_beta":false,"boss_relics":[],"items_purged_floors":[],"is_endless":false,"potions_floor_spawned":[1,8,12],"killed_by":"Hexaghost","ascension_level":1}