{"gold_per_floor":[367,367,25,25,44,44,69,86,86,86,161,176,176,196,196,269,269,285,210,210,260,234,234,42,55,55,55,74,94,120,140,140,213,213,232,242,292,97,97,97,108,139,139,139,239,254,254,274,274,274,274,274,274,59,94,94],"floor_reached":57,"playtime":3379,"items_purged":["Strike_B","Strike_B","Defend_B"],"score":2779,"play_id":"c15aa146-1de7-454c-bcd9-5febf08ac64c","local_time":"20190301012732","is_ascension_mode":true,"campfire_choices":[{"data":"Defragment","floor":6.0,"key":"SMITH"},{"data":"Coolheaded","floor":10.0,"key":"SMITH"},{"floor":13.0,"key":"REST"},{"data":"Hologram","floor":15.0,"key":"SMITH"},{"data":"Coolheaded","floor":23.0,"key":"SMITH"},{"data":"Zap","floor":27.0,"key":"SMITH"},{"data":"Skim","floor":32.0,"key":"SMITH"},{"data":"Turbo","floor":40.0,"key":"SMITH"},{"data":"Panacea","floor":44.0,"key":"SMITH"},{"data":"Coolheaded","floor":47.0,"key":"SMITH"},{"floor":49.0,"key":"RECALL"},{"data":"Turbo","floor":53.0,"key":"SMITH"}],"neow_cost":"PERCENT_DAMAGE","seed_source_timestamp":0,"circlet_count":0,"master_deck":["AscendersBane","Defend_B","Defend_B","Defend_B","Zap+1","Dualcast","Defragment+1","Coolheaded+1","Hologram+1","Coolheaded+1","Turbo+1","Capacitor+1","Biased Cognition+1","Glacier","Self Repair+1","Turbo+1","Stack","FTL","Skim+1","Hologram","Panacea+1","Loop+1","Secret Technique","BootSequence","Consume","Conserve Battery","Tempest","Echo Form+1","Reinforced Body","Steam","Thunder Strike","Consume+1","Coolheaded+1","Loop+1","Reboot"],"special_seed":0,"relics":["Cracked Core","Membership Card","Cables","Frozen Egg 2","Orrery","Mercury Hourglass","Girya","Nuclear Battery","Bag of Preparation","Pantograph","Pocketwatch","Art of War","Orichalcum"],"potions_floor_usage":[56],"damage_taken":[{"damage":2.0,"enemies":"2 Louse","floor":1.0,"turns":2.0},{"damage":19.0,"enemies":"Small Slimes","floor":5.0,"turns":6.0},{"damage":23.0,"enemies":"3 Sentries","floor":7.0,"turns":20.0},{"damage":3.0,"enemies":"Jaw Worm","floor":8.0,"turns":5.0},{"damage":2.0,"enemies":"3 Louse","floor":12.0,"turns":4.0},{"damage":3.0,"enemies":"Lots of Slimes","floor":14.0,"turns":5.0},{"damage":0.0,"enemies":"The Guardian","floor":16.0,"turns":11.0},{"damage":1.0,"enemies":"Spheric Guardian","floor":18.0,"turns":6.0},{"damage":1.0,"enemies":"2 Thieves","floor":22.0,"turns":4.0},{"damage":0.0,"enemies":"Centurion and Healer","floor":25.0,"turns":8.0},{"damage":11.0,"enemies":"Snecko","floor":28.0,"turns":5.0},{"damage":7.0,"enemies":"Sentry and Sphere","floor":29.0,"turns":4.0},{"damage":40.0,"enemies":"Slavers","floor":30.0,"turns":5.0},{"damage":6.0,"enemies":"Snake Plant","floor":31.0,"turns":4.0},{"damage":0.0,"enemies":"Champ","floor":33.0,"turns":12.0},{"damage":3.0,"enemies":"Orb Walker","floor":35.0,"turns":3.0},{"damage":23.0,"enemies":"3 Darklings","floor":36.0,"turns":8.0},{"damage":9.0,"enemies":"Jaw Worm Horde","floor":41.0,"turns":8.0},{"damage":36.0,"enemies":"Reptomancer","floor":42.0,"turns":8.0},{"damage":0.0,"enemies":"Mind Bloom Boss Battle","floor":45.0,"turns":8.0},{"damage":14.0,"enemies":"Spire Growth","floor":46.0,"turns":6.0},{"damage":5.0,"enemies":"Maw","floor":48.0,"turns":8.0},{"damage":47.0,"enemies":"Awakened One","floor":50.0,"turns":11.0},{"damage":26.0,"enemies":"Time Eater","floor":51.0,"turns":10.0},{"damage":5.0,"enemies":"Shield and Spear","floor":55.0,"turns":9.0},{"damage":57,"enemies":"The Heart","floor":56,"turns":10}],"seed_played":"641505517536651036","potions_obtained":[{"floor":7.0,"key":"Weak Potion"},{"floor":12.0,"key":"Fire Potion"},{"floor":14.0,"key":"AttackPotion"},{"floor":25.0,"key":"PowerPotion"},{"floor":28.0,"key":"Block Potion"},{"floor":30.0,"key":"Strength Potion"},{"floor":31.0,"key":"Poison Potion"},{"floor":41.0,"key":"SmokeBomb"},{"floor":46.0,"key":"EntropicBrew"},{"floor":48.0,"key":"AttackPotion"}],"is_trial":false,"path_per_floor":["M","?","$","?","M","R","E","M","T","R","?","M","R","M","R","B",null,"M","?","T","?","M","R","$","M","T","R","M","M","E","M","R","B",null,"M","M","?","$","?","R","M","E","T","R","?","M","R","M","R","B","B",null,"R","$","E","B",null],"character_chosen":"DEFECT","items_purchased":["Membership Card","Defragment","Coolheaded","Hologram","Panacea","Loop+1","Secret Technique","Thunder Strike","Block Potion","Swift Potion","Art of War","PowerPotion","Loop+1"],"campfire_rested":1,"item_purchase_floors":[3,3,3,3,24,24,24,38,38,38,54,54,54],"current_hp_per_floor":[44,37,37,60,41,41,18,15,15,15,4,2,23,20,20,20,58,67,67,67,67,71,71,71,71,71,71,70,71,41,45,45,55,67,71,58,51,51,51,51,52,36,36,36,67,53,53,67,67,40,59,65,65,65,67,20],"gold":94,"neow_bonus":"TWO_FIFTY_GOLD","is_prod":false,"is_daily":false,"chose_seed":true,"campfire_upgraded":10,"win_rate":0,"timestamp":1551374852,"path_taken":["M","?","$","?","M","R","E","M","T","R","?","M","R","M","R","BOSS","M","?","?","?","M","R","$","M","T","R","?","M","E","M","R","BOSS","M","M","?","?","?","R","?","E","T","R","?","M","R","M","R","BOSS","BOSS","R","$","E","BOSS"],"build_version":"2019-01-23","purchased_purges":3,"victory":true,"max_hp_per_floor":[71,71,71,71,71,71,71,71,71,71,71,71,71,71,71,71,71,71,71,71,71,71,71,71,71,71,71,71,71,71,71,71,71,71,71,71,71,71,67,67,67,67,67,67,67,67,67,67,67,67,67,67,67,67,67,67],"card_choices":[{"not_picked":["Rebound","Streamline","Redo"],"picked":"SKIP","floor":1.0},{"not_picked":["Chill","Barrage"],"picked":"Coolheaded","floor":5.0},{"not_picked":["Static Discharge","Double Energy"],"picked":"Turbo","floor":7.0},{"not_picked":["Redo","Auto Shields","Streamline"],"picked":"SKIP","floor":8.0},{"not_picked":["Gash","Fusion","Doom and Gloom"],"picked":"SKIP","floor":12.0},{"not_picked":["Reinforced Body","BootSequence"],"picked":"Capacitor+1","floor":14.0},{"not_picked":["Fission","Meteor Strike"],"picked":"Biased Cognition+1","floor":16.0},{"not_picked":["Streamline","Turbo"],"picked":"Glacier","floor":17.0},{"not_picked":["Gash","Melter"],"picked":"Self Repair+1","floor":17.0},{"not_picked":["Reinforced Body","Compile Driver"],"picked":"Turbo","floor":17.0},{"not_picked":["Tempest","Leap"],"picked":"Stack","floor":17.0},{"not_picked":["Streamline","Redo"],"picked":"FTL","floor":17.0},{"not_picked":["Undo","Darkness"],"picked":"Skim","floor":18.0},{"not_picked":["Chaos","Coolheaded"],"picked":"Hologram","floor":22.0},{"not_picked":["Compile Driver","Steam"],"picked":"BootSequence","floor":25.0},{"not_picked":["Sweeping Beam","Chill"],"picked":"Consume","floor":28.0},{"not_picked":["Sweeping Beam","Auto Shields"],"picked":"Conserve Battery","floor":29.0},{"not_picked":["Genetic Algorithm","Machine Learning+1"],"picked":"Tempest","floor":30.0},{"not_picked":["Reprogram","Conserve Battery","Gash"],"picked":"SKIP","floor":31.0},{"not_picked":["Hyperbeam","Fission"],"picked":"Echo Form+1","floor":33.0},{"not_picked":["Darkness","Barrage"],"picked":"Reinforced Body","floor":35.0},{"not_picked":["Stack","Leap"],"picked":"Steam","floor":36.0},{"not_picked":["Sunder+1","Streamline"],"picked":"Consume+1","floor":41.0},{"not_picked":["Thunder Strike","Turbo","Hello World+1"],"picked":"SKIP","floor":42.0},{"not_picked":["Rip and Tear","Aggregate"],"picked":"Coolheaded","floor":45.0},{"not_picked":["Stack","Gash+1","Beam Cell"],"picked":"SKIP","floor":46.0},{"not_picked":["Rebound","Consume","Hologram"],"picked":"SKIP","floor":48.0},{"not_picked":["Melter","Chaos"],"picked":"Reboot","floor":55.0}],"player_experience":1046109,"relics_obtained":[{"floor":7.0,"key":"Cables"},{"floor":9.0,"key":"Frozen Egg 2"},{"floor":26.0,"key":"Mercury Hourglass"},{"floor":30.0,"key":"Girya"},{"floor":42.0,"key":"Bag of Preparation"},{"floor":43.0,"key":"Pantograph"},{"floor":45.0,"key":"Pocketwatch"},{"floor":55.0,"key":"Orichalcum"}],"event_choices":[{"cards_removed":["Strike_B"],"damage_healed":0.0,"max_hp_gain":0.0,"max_hp_loss":0.0,"gold_gain":0.0,"event_name":"Golden Wing","player_choice":"Card Removal","floor":2.0,"gold_loss":0.0,"damage_taken":7.0},{"damage_healed":23.0,"max_hp_gain":0.0,"max_hp_loss":0.0,"gold_gain":0.0,"event_name":"Big Fish","player_choice":"Banana","floor":4.0,"gold_loss":0.0,"damage_taken":0.0},{"damage_healed":0.0,"max_hp_gain":0.0,"max_hp_loss":0.0,"gold_gain":75.0,"event_name":"World of Goop","player_choice":"Gather Gold","floor":11.0,"gold_loss":0.0,"damage_taken":11.0},{"cards_removed":["Strike_B"],"damage_healed":0.0,"max_hp_gain":0.0,"max_hp_loss":0.0,"gold_gain":0.0,"event_name":"Beggar","player_choice":"Gave Gold","floor":19.0,"gold_loss":75.0,"damage_taken":0.0},{"damage_healed":0.0,"max_hp_gain":0.0,"max_hp_loss":0.0,"gold_gain":100.0,"event_name":"The Joust","player_choice":"Bet on Murderer","floor":21.0,"gold_loss":50.0,"damage_taken":0.0},{"damage_healed":0.0,"max_hp_gain":0.0,"max_hp_loss":0.0,"gold_gain":50.0,"event_name":"FaceTrader","player_choice":"Touch","floor":37.0,"gold_loss":0.0,"damage_taken":7.0},{"damage_healed":0.0,"max_hp_gain":0.0,"max_hp_loss":4.0,"gold_gain":0.0,"event_name":"Winding Halls","player_choice":"Max HP","floor":39.0,"gold_loss":0.0,"damage_taken":0.0},{"damage_healed":0.0,"max_hp_gain":0.0,"max_hp_loss":0.0,"gold_gain":0.0,"event_name":"MindBloom","player_choice":"Fight","floor":45.0,"gold_loss":0.0,"damage_taken":0.0}],"is_beta":false,"boss_relics":[{"not_picked":["Philosopher\u0027s Stone","Calling Bell"],"picked":"Orrery"},{"not_picked":["Velvet Choker","Busted Crown"],"picked":"Nuclear Battery"}],"items_purged_floors":[3,38,54],"is_endless":false,"potions_floor_spawned":[7,12,14,25,28,30,31,41,46,48,55],"ascension_level":20}