{"gold_per_floor":[116,128,145,60,60,60,60,73,152,152,163,163,181,181,181,276,276,259,174,190,10,10,10],"floor_reached":23,"playtime":852,"items_purged":[],"score":290,"play_id":"6d2e6083-ba0b-468a-9d68-dd029860bed1","local_time":"20180918155744","is_ascension_mode":true,"campfire_choices":[{"data":"Beam Cell","floor":6.0,"key":"SMITH"},{"data":"Streamline","floor":12,"key":"SMITH"},{"floor":15,"key":"REST"}],"neow_cost":"NONE","seed_source_timestamp":0,"circlet_count":0,"master_deck":["Strike_B","Strike_B","Strike_B","Strike_B","Defend_B","Defend_B+1","Defend_B","Defend_B","Zap","Dualcast","AscendersBane","Sweeping Beam","Barrage","Beam Cell+1","Self Repair","Barrage","Tempest","Streamline+1","Thunder Strike","Glacier","Leap+1","Conserve Battery","Electrodynamics"],"special_seed":0,"relics":["Cracked Core","Regal Pillow","The Courier","Lantern","Orrery","Strawberry","War Paint","Enchiridion"],"potions_floor_usage":[23,23],"damage_taken":[{"damage":0.0,"enemies":"2 Louse","floor":1.0,"turns":2.0},{"damage":5.0,"enemies":"Small Slimes","floor":2.0,"turns":3.0},{"damage":6.0,"enemies":"Cultist","floor":3.0,"turns":3.0},{"damage":30.0,"enemies":"Large Slime","floor":8.0,"turns":5.0},{"damage":15,"enemies":"Gremlin Gang","floor":11,"turns":5},{"damage":1,"enemies":"Exordium Wildlife","floor":13,"turns":3},{"damage":52,"enemies":"Slime Boss","floor":16,"turns":9},{"damage":25,"enemies":"2 Thieves","floor":18,"turns":4},{"damage":31,"enemies":"3 Byrds","floor":20,"turns":6},{"damage":13,"enemies":"Slavers","floor":23,"turns":1}],"seed_played":"1478964408284611292","potions_obtained":[{"floor":2.0,"key":"Poison Potion"},{"floor":16,"key":"Dexterity Potion"}],"is_trial":false,"path_per_floor":["M","M","M","$","?","R","$","M","T","$","M","R","M","?","R","B",null,"M","?","M","$","?"],"character_chosen":"DEFECT","items_purchased":["Self Repair","Barrage","War Paint","Regen Potion"],"campfire_rested":1,"item_purchase_floors":[4,4,21,21],"current_hp_per_floor":[68,63,57,57,57,57,57,34,34,34,26,26,25,25,62,17,61,43,50,19,19,3,0],"gold":10,"neow_bonus":"RANDOM_COMMON_RELIC","is_prod":false,"is_daily":false,"chose_seed":false,"campfire_upgraded":2,"win_rate":0,"timestamp":1537300664,"path_taken":["M","M","M","$","?","R","$","M","T","$","M","R","M","?","R","BOSS","M","?","M","$","?","E"],"build_version":"2018-09-06","purchased_purges":0,"victory":false,"max_hp_per_floor":[75,75,75,75,75,75,75,75,75,75,75,75,75,75,75,75,75,75,82,82,82,82,82],"card_choices":[{"not_picked":["Conserve Battery","Go for the Eyes"],"picked":"Sweeping Beam","floor":1.0},{"not_picked":["Reprogram","Coolheaded"],"picked":"Barrage","floor":2.0},{"not_picked":["Cold Snap","Streamline"],"picked":"Beam Cell","floor":3.0},{"not_picked":["Capacitor","Leap"],"picked":"Tempest","floor":8},{"not_picked":["Leap","Hologram"],"picked":"Streamline","floor":11},{"not_picked":["Hello World","Force Field","Genetic Algorithm"],"picked":"SKIP","floor":13},{"not_picked":["Creative AI","Fission"],"picked":"Thunder Strike","floor":16},{"not_picked":["Leap","Streamline"],"picked":"Glacier","floor":17},{"not_picked":["Blizzard","Lockon"],"picked":"Leap","floor":17},{"not_picked":["Gash","Beam Cell"],"picked":"Conserve Battery","floor":17},{"not_picked":["Conserve Battery","Aggregate","Beam Cell"],"picked":"SKIP","floor":18},{"not_picked":["Consume","Ball Lightning"],"picked":"Electrodynamics","floor":20}],"player_experience":560553,"relics_obtained":[{"floor":9,"key":"The Courier"},{"floor":14,"key":"Lantern"},{"floor":22,"key":"Enchiridion"}],"event_choices":[{"event_name":"Golden Idol","player_choice":"Ignored","floor":5.0,"damage_taken":0.0},{"event_name":"Wheel of Change","player_choice":"Relic","floor":14,"damage_taken":0},{"event_name":"Addict","player_choice":"Obtained Relic","floor":19,"damage_taken":0},{"event_name":"Cursed Tome","player_choice":"Obtained Book","floor":22,"damage_taken":0}],"is_beta":false,"boss_relics":[{"not_picked":["Black Star","Runic Dome"],"picked":"Orrery"}],"items_purged_floors":[],"is_endless":false,"potions_floor_spawned":[2,16],"killed_by":"Slavers","ascension_level":12}