{"gold_per_floor":[115,126,126,126,138,138,167,167,190,190,208,208,173,191,191,191],"floor_reached":16,"playtime":388,"items_purged":[],"score":195,"play_id":"65c9b1ae-0076-42ae-8a29-84b36b986e60","local_time":"20181217150949","is_ascension_mode":true,"campfire_choices":[{"data":"Cloak And Dagger","floor":6,"key":"SMITH"},{"data":"Calculated Gamble","floor":10,"key":"SMITH"},{"data":"Cloak And Dagger","floor":12,"key":"SMITH"},{"data":"Blade Dance","floor":15,"key":"SMITH"}],"neow_cost":"NONE","seed_source_timestamp":422657002911275,"circlet_count":0,"master_deck":["AscendersBane","Defend_G","Defend_G","Defend_G","Defend_G","Defend_G","Strike_G","Strike_G","Strike_G","Strike_G","Strike_G","Survivor","Neutralize","Flechettes+1","Cloak And Dagger+1","Calculated Gamble+1","Blade Dance+1","Cloak And Dagger+1","Distraction"],"relics":["Ring of the Snake","NeowsBlessing","Boot","Centennial Puzzle"],"potions_floor_usage":[7,16],"damage_taken":[{"damage":0,"enemies":"2 Louse","floor":1,"turns":1},{"damage":0,"enemies":"Cultist","floor":2,"turns":1},{"damage":0,"enemies":"Jaw Worm","floor":5,"turns":1},{"damage":33,"enemies":"Gremlin Nob","floor":7,"turns":5},{"damage":2,"enemies":"Looter","floor":11,"turns":2},{"damage":0,"enemies":"Lots of Slimes","floor":14,"turns":3},{"damage":66,"enemies":"Hexaghost","floor":16,"turns":11}],"seed_played":"-6887467113867672391","potions_obtained":[{"floor":2,"key":"Block Potion"},{"floor":11,"key":"Weak Potion"}],"is_trial":false,"path_per_floor":["M","M","?","$","M","R","E","?","T","R","M","R","?","M","R","B"],"character_chosen":"THE_SILENT","items_purchased":[],"campfire_rested":0,"item_purchase_floors":[],"current_hp_per_floor":[59,59,59,59,59,59,26,48,48,48,46,46,62,62,62,0],"gold":191,"neow_bonus":"THREE_ENEMY_KILL","is_prod":false,"is_daily":false,"chose_seed":false,"campfire_upgraded":4,"win_rate":0,"timestamp":1545077389,"path_taken":["M","M","?","$","?","R","E","?","T","R","M","R","?","M","R","BOSS"],"build_version":"2018-12-13","purchased_purges":0,"victory":false,"max_hp_per_floor":[66,66,66,66,66,66,66,66,66,66,66,66,66,66,66,66],"card_choices":[{"not_picked":["Backflip","Well Laid Plans"],"picked":"Flechettes","floor":1},{"not_picked":["Dagger Spray","All Out Attack"],"picked":"Cloak And Dagger","floor":2},{"not_picked":["Deadly Poison","Catalyst"],"picked":"Calculated Gamble","floor":5},{"not_picked":["Dodge and Roll","Underhanded Strike"],"picked":"Blade Dance","floor":7},{"not_picked":["Slice","Dagger Throw"],"picked":"Cloak And Dagger","floor":11},{"not_picked":["Dagger Throw","Bouncing Flask"],"picked":"Distraction","floor":14}],"player_experience":782967,"relics_obtained":[{"floor":7,"key":"Boot"},{"floor":9,"key":"Centennial Puzzle"}],"event_choices":[{"damage_healed":0,"gold_gain":0,"player_choice":"Forge","damage_taken":0,"max_hp_gain":0,"max_hp_loss":0,"event_name":"Accursed Blacksmith","floor":3,"gold_loss":0,"cards_upgraded":["Flechettes"]},{"damage_healed":22,"gold_gain":0,"player_choice":"Banana","damage_taken":0,"max_hp_gain":0,"max_hp_loss":0,"event_name":"Big Fish","floor":8,"gold_loss":0},{"damage_healed":16,"gold_gain":0,"player_choice":"Healed","damage_taken":0,"max_hp_gain":0,"max_hp_loss":0,"event_name":"The Cleric","floor":13,"gold_loss":35}],"is_beta":false,"boss_relics":[],"items_purged_floors":[],"is_endless":false,"potions_floor_spawned":[2,11],"killed_by":"Hexaghost","ascension_level":19}