{"gold_per_floor":[109,109,125,36,48,76,76,93,150,58,74,74],"floor_reached":12,"playtime":353,"items_purged":[],"score":160,"play_id":"236bbe35-cb56-46d6-8fcc-50de98fb10a1","local_time":"20190321131602","is_ascension_mode":true,"campfire_choices":[{"data":"After Image","floor":7,"key":"SMITH"}],"neow_cost":"NONE","seed_source_timestamp":68097002465555,"circlet_count":0,"master_deck":["AscendersBane","Defend_G","Defend_G","Defend_G","Defend_G","Defend_G","Strike_G","Strike_G","Strike_G","Strike_G","Survivor","Neutralize","Poisoned Stab","After Image+1","Deadly Poison","Deep Breath","Acrobatics","Escape Plan","Unload","Caltrops","Bane"],"relics":["Ring of the Snake","NeowsBlessing","Bag of Marbles","Tiny Chest"],"potions_floor_usage":[6,11],"damage_taken":[{"damage":0,"enemies":"Small Slimes","floor":1,"turns":1},{"damage":0,"enemies":"Cultist","floor":3,"turns":1},{"damage":0,"enemies":"Jaw Worm","floor":5,"turns":1},{"damage":38,"enemies":"Gremlin Nob","floor":6,"turns":5},{"damage":3,"enemies":"3 Louse","floor":8,"turns":4},{"damage":9,"enemies":"Gremlin Gang","floor":11,"turns":5},{"damage":16,"enemies":"3 Sentries","floor":12,"turns":6}],"seed_played":"4620213902164664775","potions_obtained":[{"floor":3,"key":"Swift Potion"},{"floor":6,"key":"SteroidPotion"}],"is_trial":false,"path_per_floor":["M","?","M","$","M","E","R","M","T","$","M","E"],"character_chosen":"THE_SILENT","items_purchased":["Deep Breath","Caltrops","Bane"],"campfire_rested":0,"item_purchase_floors":[4,10,10],"current_hp_per_floor":[59,59,59,59,59,21,21,18,18,18,9,0],"gold":74,"neow_bonus":"THREE_ENEMY_KILL","is_prod":false,"is_daily":false,"chose_seed":false,"campfire_upgraded":1,"win_rate":0,"timestamp":1553188562,"path_taken":["M","?","M","$","M","E","R","M","T","?","M","E"],"build_version":"2019-01-23","purchased_purges":0,"victory":false,"max_hp_per_floor":[66,66,66,66,66,66,66,66,66,66,66,66],"card_choices":[{"not_picked":["Acrobatics","Bane"],"picked":"Poisoned Stab","floor":1},{"not_picked":["Poisoned Stab","PiercingWail"],"picked":"Deadly Poison","floor":3},{"not_picked":["Dagger Throw","Outmaneuver"],"picked":"Acrobatics","floor":5},{"not_picked":["PiercingWail","Dagger Spray"],"picked":"Escape Plan","floor":6},{"not_picked":["Prepared","Calculated Gamble"],"picked":"Unload","floor":8},{"not_picked":["Quick Slash","Outmaneuver","Sucker Punch"],"picked":"SKIP","floor":11}],"player_experience":875324,"relics_obtained":[{"floor":6,"key":"Bag of Marbles"},{"floor":9,"key":"Tiny Chest"}],"event_choices":[{"damage_healed":0,"gold_gain":0,"cards_transformed":["Strike_G"],"player_choice":"Transformed","damage_taken":0,"max_hp_gain":0,"max_hp_loss":0,"event_name":"Transmorgrifier","floor":2,"gold_loss":0,"cards_obtained":["After Image"]}],"is_beta":false,"boss_relics":[],"items_purged_floors":[],"is_endless":false,"potions_floor_spawned":[3,6],"killed_by":"3 Sentries","ascension_level":20}