{"gold_per_floor":[209,11,30,30,30,46,46,79,102,102,102,102,113,132,132,132],"floor_reached":16,"playtime":739,"items_purged":[],"score":105,"play_id":"87ebba76-9ce3-4a8a-87d6-f4db9789c06f","local_time":"20190504192828","is_ascension_mode":true,"campfire_choices":[{"data":"Bash","floor":7,"key":"SMITH"},{"floor":10,"key":"REST"},{"floor":12,"key":"REST"},{"floor":15,"key":"REST"}],"neow_cost":"NONE","seed_source_timestamp":23618504204400,"circlet_count":0,"master_deck":["Strike_R","Strike_R","Strike_R","Strike_R","Strike_R","Defend_R+1","Defend_R","Defend_R+1","Defend_R+1","Bash+1","Shrug It Off+1","Pummel"],"relics":["Burning Blood","Membership Card","Potion Belt","War Paint"],"potions_floor_usage":[8,16,16],"damage_taken":[{"damage":6,"enemies":"Jaw Worm","floor":1,"turns":5},{"damage":3,"enemies":"Small Slimes","floor":3,"turns":3},{"damage":9,"enemies":"2 Louse","floor":6,"turns":3},{"damage":26,"enemies":"Lagavulin","floor":8,"turns":5},{"damage":5,"enemies":"Blue Slaver","floor":13,"turns":4},{"damage":27,"enemies":"Lots of Slimes","floor":14,"turns":7},{"damage":88,"enemies":"The Guardian","floor":16,"turns":13}],"seed_played":"5739512551261967201","potions_obtained":[{"floor":6,"key":"Strength Potion"},{"floor":8,"key":"BloodPotion"},{"floor":13,"key":"Poison Potion"}],"is_trial":false,"path_per_floor":["M","$","M","$","?","M","R","E","T","R","?","R","M","M","R","B"],"character_chosen":"IRONCLAD","items_purchased":["Membership Card"],"campfire_rested":3,"item_purchase_floors":[2],"current_hp_per_floor":[80,80,80,80,80,77,77,57,57,80,64,80,80,59,80,0],"gold":132,"neow_bonus":"HUNDRED_GOLD","is_prod":false,"is_daily":false,"chose_seed":false,"campfire_upgraded":1,"win_rate":0,"timestamp":1557012508,"path_taken":["M","$","M","$","?","M","R","E","T","R","?","R","M","M","R","BOSS"],"build_version":"2019-01-23","purchased_purges":0,"victory":false,"max_hp_per_floor":[80,80,80,80,80,80,80,80,80,80,80,80,80,80,80,80],"card_choices":[{"not_picked":["Havoc","Sword Boomerang","Sever Soul"],"picked":"SKIP","floor":1},{"not_picked":["Warcry","Clash","Sword Boomerang"],"picked":"SKIP","floor":3},{"not_picked":["Headbutt","Anger","Clash"],"picked":"SKIP","floor":6},{"not_picked":["Juggernaut","Ghostly Armor"],"picked":"Shrug It Off","floor":8},{"not_picked":["Combust","Carnage"],"picked":"Pummel","floor":13},{"not_picked":["Twin Strike","Carnage","Corruption"],"picked":"SKIP","floor":14}],"player_experience":90864,"relics_obtained":[{"floor":8,"key":"Potion Belt"},{"floor":9,"key":"War Paint"}],"event_choices":[{"damage_healed":0,"gold_gain":0,"player_choice":"Ignored","damage_taken":0,"max_hp_gain":0,"max_hp_loss":0,"event_name":"Liars Game","floor":5,"gold_loss":0},{"damage_healed":0,"gold_gain":0,"player_choice":"Entered Light","damage_taken":16,"max_hp_gain":0,"max_hp_loss":0,"event_name":"Shining Light","floor":11,"gold_loss":0,"cards_upgraded":["Defend_R","Defend_R"]}],"is_beta":false,"boss_relics":[],"items_purged_floors":[],"is_endless":false,"potions_floor_spawned":[6,8,13],"killed_by":"The Guardian","ascension_level":1}