{"gold_per_floor":[119,84,84,94,94,124,299,299,299,334,346,35,48,66,66,165,165,175,189,189,202,215,215],"floor_reached":23,"playtime":1326,"items_purged":["Doubt"],"score":305,"play_id":"4eabc702-7164-4e93-b8bf-7f9ef22230bb","local_time":"20190409211428","is_ascension_mode":true,"campfire_choices":[{"floor":8,"key":"REST"},{"data":"Choke","floor":15,"key":"SMITH"}],"neow_cost":"PERCENT_DAMAGE","seed_source_timestamp":2376967152426402,"circlet_count":0,"master_deck":["AscendersBane","Defend_G","Defend_G","Strike_G","Strike_G","Strike_G","Strike_G","Strike_G","Survivor","Neutralize","Calculated Gamble","Poisoned Stab","Tactician","Neutralize","Good Instincts","Quick Slash","Acrobatics","Storm of Steel","Dagger Throw","Choke+1","Flying Knee","Infinite Blades","Tools of the Trade","Deflect+1","Noxious Fumes","Reflex","Underhanded Strike"],"relics":["Ring of the Snake","Bag of Marbles","FossilizedHelix","Gremlin Horn","Lee\u0027s Waffle","Black Star"],"potions_floor_usage":[10,16,21,23,23],"damage_taken":[{"damage":1,"enemies":"2 Louse","floor":1,"turns":3},{"damage":4,"enemies":"Cultist","floor":4,"turns":3},{"damage":32,"enemies":"Lagavulin","floor":6,"turns":7},{"damage":17,"enemies":"3 Sentries","floor":10,"turns":8},{"damage":0,"enemies":"Small Slimes","floor":11,"turns":1},{"damage":0,"enemies":"2 Fungi Beasts","floor":13,"turns":1},{"damage":0,"enemies":"Lots of Slimes","floor":14,"turns":1},{"damage":19,"enemies":"Slime Boss","floor":16,"turns":7},{"damage":0,"enemies":"Chosen","floor":18,"turns":6},{"damage":5,"enemies":"Shell Parasite","floor":19,"turns":5},{"damage":34,"enemies":"Snake Plant","floor":21,"turns":5},{"damage":34,"enemies":"Shelled Parasite and Fungi","floor":22,"turns":6},{"damage":16,"enemies":"Book of Stabbing","floor":23,"turns":4}],"seed_played":"-3774944637471063516","potions_obtained":[{"floor":4,"key":"PowerPotion"},{"floor":11,"key":"Regen Potion"},{"floor":13,"key":"SpeedPotion"},{"floor":14,"key":"SteroidPotion"},{"floor":16,"key":"EssenceOfSteel"},{"floor":19,"key":"GamblersBrew"}],"is_trial":false,"path_per_floor":["M","?","?","M","?","E","?","R","T","E","M","$","M","M","R","B",null,"M","M","?","M","M","E"],"character_chosen":"THE_SILENT","items_purchased":["Lee\u0027s Waffle","Choke"],"campfire_rested":1,"item_purchase_floors":[12,12],"current_hp_per_floor":[44,61,61,57,50,18,18,39,39,22,22,77,77,77,77,58,72,72,67,67,47,13,0],"gold":215,"neow_bonus":"TRANSFORM_TWO_CARDS","is_prod":false,"is_daily":false,"chose_seed":false,"campfire_upgraded":1,"win_rate":0,"timestamp":1554869668,"path_taken":["M","?","?","?","?","E","?","R","T","E","M","$","M","M","R","BOSS","M","M","?","M","?","E"],"build_version":"2019-01-23","purchased_purges":1,"victory":false,"max_hp_per_floor":[70,70,70,70,70,70,70,70,70,70,70,77,77,77,77,77,77,77,77,77,77,77,77],"card_choices":[{"not_picked":["Deflect","Backflip"],"picked":"Tactician","floor":1},{"not_picked":["Backflip","Terror"],"picked":"Quick Slash","floor":4},{"not_picked":["Slice","Deadly Poison"],"picked":"Acrobatics","floor":6},{"not_picked":["Bouncing Flask","Skewer"],"picked":"Storm of Steel","floor":10},{"not_picked":["Deflect","Terror"],"picked":"Dagger Throw","floor":11},{"not_picked":["Acrobatics","Choke"],"picked":"Flying Knee","floor":13},{"not_picked":["Slice","Acrobatics"],"picked":"Infinite Blades","floor":14},{"not_picked":["Night Terror","Adrenaline"],"picked":"Tools of the Trade","floor":16},{"not_picked":["Skewer","Finisher"],"picked":"Deflect+1","floor":18},{"not_picked":["Blade Dance","Quick Slash"],"picked":"Noxious Fumes","floor":19},{"not_picked":["Endless Agony","Deflect"],"picked":"Reflex","floor":21},{"not_picked":["Backflip","Deflect"],"picked":"Underhanded Strike","floor":22}],"player_experience":528091,"relics_obtained":[{"floor":6,"key":"Bag of Marbles"},{"floor":9,"key":"FossilizedHelix"},{"floor":10,"key":"Gremlin Horn"}],"event_choices":[{"damage_healed":17,"gold_gain":0,"player_choice":"Healed","damage_taken":0,"max_hp_gain":0,"max_hp_loss":0,"event_name":"The Cleric","floor":2,"gold_loss":35},{"damage_healed":0,"gold_gain":0,"player_choice":"2 cards matched","damage_taken":0,"max_hp_gain":0,"max_hp_loss":0,"event_name":"Match and Keep!","floor":3,"gold_loss":0,"cards_obtained":["Neutralize","Good Instincts"]},{"cards_removed":["Defend_G"],"damage_healed":0,"gold_gain":0,"player_choice":"Card Removal","damage_taken":7,"max_hp_gain":0,"max_hp_loss":0,"event_name":"Golden Wing","floor":5,"gold_loss":0},{"damage_healed":0,"gold_gain":175,"player_choice":"AGREE","damage_taken":0,"max_hp_gain":0,"max_hp_loss":0,"event_name":"Liars Game","floor":7,"gold_loss":0,"cards_obtained":["Doubt"]},{"damage_healed":0,"gold_gain":0,"player_choice":"Bought 0 Potions","damage_taken":0,"max_hp_gain":0,"max_hp_loss":0,"event_name":"The Woman in Blue","floor":20,"gold_loss":0}],"is_beta":false,"boss_relics":[{"not_picked":["Philosopher\u0027s Stone","Calling Bell"],"picked":"Black Star"}],"items_purged_floors":[12],"is_endless":false,"potions_floor_spawned":[4,11,13,14,16,19],"killed_by":"Book of Stabbing","ascension_level":10}