{"gold_per_floor":[119,44,55,130,144,144,144,144,144,70,84,101,113,29,29,103,103,103,103,103,103,18,18,18,18],"floor_reached":25,"playtime":1632,"items_purged":[],"score":490,"play_id":"3289e559-9182-4638-a200-d73773e7c701","local_time":"20190508145753","is_ascension_mode":true,"campfire_choices":[{"data":"Noxious Fumes","floor":6.0,"key":"SMITH"},{"floor":15.0,"key":"REST"},{"floor":23,"key":"REST"}],"neow_cost":"NONE","seed_source_timestamp":0,"circlet_count":0,"master_deck":["AscendersBane","Defend_G","Defend_G","Defend_G","Defend_G","Defend_G","Strike_G","Strike_G","Strike_G","Survivor","Neutralize+1","Deadly Poison+1","Poisoned Stab","Noxious Fumes+1","Footwork","Deadly Poison","Blur","Noxious Fumes","Venomology","Dodge and Roll+1","Footwork","Catalyst"],"special_seed":0,"relics":["Ring of the Snake","Potion Belt","Kunai","Ectoplasm"],"potions_floor_usage":[19,20,24,24,24,24,24,24],"damage_taken":[{"damage":1.0,"enemies":"2 Louse","floor":1.0,"turns":4.0},{"damage":1.0,"enemies":"Jaw Worm","floor":3.0,"turns":4.0},{"damage":3.0,"enemies":"Small Slimes","floor":5.0,"turns":4.0},{"damage":6.0,"enemies":"2 Fungi Beasts","floor":11.0,"turns":3.0},{"damage":24.0,"enemies":"Gremlin Gang","floor":12.0,"turns":7.0},{"damage":11.0,"enemies":"Looter","floor":13.0,"turns":3.0},{"damage":0.0,"enemies":"The Guardian","floor":16.0,"turns":7.0},{"damage":25,"enemies":"3 Byrds","floor":18,"turns":5},{"damage":10,"enemies":"Chosen","floor":19,"turns":5},{"damage":17,"enemies":"Snecko","floor":20,"turns":5},{"damage":15,"enemies":"Cultist and Chosen","floor":24,"turns":6},{"damage":6,"enemies":"Snake Plant","floor":25,"turns":3}],"seed_played":"-7056599275372009248","potions_obtained":[{"floor":11.0,"key":"Swift Potion"},{"floor":13.0,"key":"AttackPotion"},{"floor":20,"key":"GamblersBrew"}],"is_trial":false,"path_per_floor":["M","?","M","?","M","R","?","?","T","$","M","M","M","$","R","B",null,"M","M","M","?","$","R","M","M"],"character_chosen":"THE_SILENT","items_purchased":["Footwork","Noxious Fumes","Footwork"],"campfire_rested":2,"item_purchase_floors":[10,14,22],"current_hp_per_floor":[58,58,57,46,43,43,43,43,43,43,37,13,2,2,21,21,55,30,20,3,3,3,22,7,1],"gold":18,"neow_bonus":"RANDOM_COMMON_RELIC","is_prod":false,"is_daily":false,"chose_seed":false,"campfire_upgraded":1,"win_rate":0,"timestamp":1557341873,"path_taken":["M","?","M","?","M","R","?","?","T","$","M","M","?","$","R","BOSS","M","M","?","?","$","R","?","M"],"build_version":"2019-05-07","purchased_purges":0,"victory":false,"max_hp_per_floor":[66,66,66,66,66,66,66,66,66,66,66,66,66,66,66,66,66,66,66,66,66,66,66,66,66],"card_choices":[{"not_picked":["Cloak And Dagger","Backflip"],"picked":"Deadly Poison","floor":1.0},{"not_picked":["Expertise","Dagger Throw"],"picked":"Poisoned Stab","floor":3.0},{"not_picked":["Choke","PiercingWail"],"picked":"Noxious Fumes","floor":5.0},{"not_picked":["Reflex","Dagger Throw"],"picked":"Deadly Poison","floor":11.0},{"not_picked":["Quick Slash","Masterful Stab","Acrobatics"],"picked":"SKIP","floor":12.0},{"not_picked":["Bane","Calculated Gamble"],"picked":"Blur","floor":13.0},{"not_picked":["Envenom","Grand Finale"],"picked":"Venomology","floor":16.0},{"not_picked":["Dagger Throw","Noxious Fumes","Terror"],"picked":"SKIP","floor":18},{"not_picked":["Terror","Acrobatics","Heel Hook+1"],"picked":"SKIP","floor":19},{"not_picked":["Backstab","Slice+1"],"picked":"Dodge and Roll+1","floor":20},{"not_picked":["Deadly Poison","Outmaneuver"],"picked":"Catalyst","floor":24}],"player_experience":1424305,"relics_obtained":[{"floor":9.0,"key":"Kunai"}],"event_choices":[{"cards_removed":["Strike_G"],"damage_healed":0.0,"max_hp_gain":0.0,"max_hp_loss":0.0,"gold_gain":0.0,"event_name":"The Cleric","player_choice":"Card Removal","floor":2.0,"gold_loss":75.0,"damage_taken":0.0},{"damage_healed":0.0,"max_hp_gain":0.0,"max_hp_loss":0.0,"gold_gain":75.0,"event_name":"World of Goop","player_choice":"Gather Gold","floor":4.0,"gold_loss":0.0,"damage_taken":11.0},{"damage_healed":0.0,"max_hp_gain":0.0,"max_hp_loss":0.0,"gold_gain":0.0,"event_name":"Living Wall","player_choice":"Grow","floor":7.0,"gold_loss":0.0,"damage_taken":0.0,"cards_upgraded":["Deadly Poison"]},{"damage_healed":0.0,"max_hp_gain":0.0,"max_hp_loss":0.0,"gold_gain":0.0,"event_name":"Upgrade Shrine","player_choice":"Upgraded","floor":8.0,"gold_loss":0.0,"damage_taken":0.0,"cards_upgraded":["Neutralize"]},{"cards_removed":["Strike_G"],"damage_healed":0,"gold_gain":0,"player_choice":"Card Removal","damage_taken":0,"max_hp_gain":0,"max_hp_loss":0,"event_name":"Wheel of Change","floor":21,"gold_loss":0}],"is_beta":true,"boss_relics":[{"not_picked":["Snecko Eye","Sozu"],"picked":"Ectoplasm"}],"items_purged_floors":[],"is_endless":false,"potions_floor_spawned":[11,13,20],"killed_by":"Snake Plant","ascension_level":20}