{"gold_per_floor":[119,197,34,44,60,60,88,88,114,141,151,165,196,196,196,291,291,309,309,360,372,116,141,158,257,257,257,257],"floor_reached":28,"playtime":1409,"items_purged":["Strike_B"],"score":358,"play_id":"519a916a-ec88-411f-a9c6-2f23f69798b6","local_time":"20181004195352","is_ascension_mode":true,"campfire_choices":[{"data":"Jack Of All Trades","floor":6,"key":"SMITH"},{"floor":8,"key":"REST"},{"floor":15,"key":"REST"},{"floor":27,"key":"REST"}],"neow_cost":"NONE","seed_source_timestamp":126641422330199,"circlet_count":0,"master_deck":["Strike_B","Strike_B+1","Strike_B","Defend_B","Defend_B","Defend_B","Defend_B","Zap","Dualcast+1","Sunder","Jack Of All Trades+1","Sweeping Beam","White Noise+1","Chill","Glacier","Conserve Battery","Core Surge+1","Rainbow","Pain","Seek","Leap+1","Beam Cell","Echo Form"],"relics":["Cracked Core","War Paint","PreservedInsect","Bag of Preparation","Oddly Smooth Stone","WarpedTongs","Black Star","Whetstone","Shuriken","Question Card","Toxic Egg 2","Pocketwatch"],"potions_floor_usage":[7,7,28,28,28],"damage_taken":[{"damage":6,"enemies":"Cultist","floor":1,"turns":4},{"damage":0,"enemies":"2 Louse","floor":4,"turns":2},{"damage":5,"enemies":"Small Slimes","floor":5,"turns":3},{"damage":22,"enemies":"Gremlin Nob","floor":7,"turns":3},{"damage":8,"enemies":"Lagavulin","floor":10,"turns":5},{"damage":4,"enemies":"Red Slaver","floor":11,"turns":2},{"damage":11,"enemies":"Gremlin Gang","floor":12,"turns":3},{"damage":24,"enemies":"Gremlin Nob","floor":13,"turns":3},{"damage":27,"enemies":"Hexaghost","floor":16,"turns":9},{"damage":5,"enemies":"Spheric Guardian","floor":18,"turns":5},{"damage":19,"enemies":"Shell Parasite","floor":21,"turns":5},{"damage":27,"enemies":"Slavers","floor":23,"turns":4},{"damage":5,"enemies":"Snake Plant","floor":24,"turns":3},{"damage":14,"enemies":"Colosseum Slavers","floor":28,"turns":5},{"damage":28,"enemies":"Colosseum Nobs","floor":28,"turns":2}],"seed_played":"4473633622792476078","potions_obtained":[{"floor":1,"key":"Energy Potion"},{"floor":5,"key":"Block Potion"},{"floor":13,"key":"Explosive Potion"},{"floor":16,"key":"FocusPotion"},{"floor":23,"key":"SkillPotion"}],"is_trial":false,"path_per_floor":["M","?","$","M","M","R","E","R","T","E","M","M","E","?","R","B",null,"M","?","T","M","$","E","M","?","T","R"],"character_chosen":"DEFECT","items_purchased":["Jack Of All Trades","Shuriken"],"campfire_rested":3,"item_purchase_floors":[3,22],"current_hp_per_floor":[69,69,69,69,64,64,42,66,66,58,54,43,19,19,43,16,66,61,61,61,42,42,15,10,10,10,34,0],"gold":257,"neow_bonus":"TEN_PERCENT_HP_BONUS","is_prod":false,"is_daily":false,"chose_seed":false,"campfire_upgraded":1,"win_rate":0,"timestamp":1538675632,"path_taken":["M","?","$","?","M","R","E","R","T","E","M","?","E","?","R","BOSS","M","?","?","?","$","E","M","?","T","R","?"],"build_version":"2018-10-03","purchased_purges":1,"victory":false,"max_hp_per_floor":[82,82,82,82,82,82,82,82,82,82,82,82,82,82,82,82,82,82,82,82,82,82,82,82,82,82,82,82],"card_choices":[{"not_picked":["Compile Driver","Hologram"],"picked":"Sunder","floor":1},{"not_picked":["Stack","Steam"],"picked":"Sweeping Beam","floor":4},{"not_picked":["Tempest","Hello World"],"picked":"White Noise","floor":5},{"not_picked":["Cold Snap","Hologram"],"picked":"Chill","floor":7},{"not_picked":["Leap","Ball Lightning"],"picked":"Glacier","floor":10},{"not_picked":["Sweeping Beam","Capacitor"],"picked":"Conserve Battery","floor":11},{"not_picked":["Scrape","Beam Cell"],"picked":"Core Surge","floor":12},{"not_picked":["Turbo","Barrage"],"picked":"Rainbow","floor":13},{"not_picked":["Fission","All For One"],"picked":"Seek","floor":16},{"not_picked":["Blizzard+1","Go for the Eyes"],"picked":"Leap+1","floor":18},{"not_picked":["Gash","Compile Driver+1","Sweeping Beam"],"picked":"SKIP","floor":21},{"not_picked":["Stack","Coolheaded"],"picked":"Beam Cell","floor":23},{"not_picked":["Glacier+1","Streamline","Cold Snap+1"],"picked":"Echo Form","floor":24}],"player_experience":145781,"relics_obtained":[{"floor":7,"key":"War Paint"},{"floor":9,"key":"PreservedInsect"},{"floor":10,"key":"Bag of Preparation"},{"floor":13,"key":"Oddly Smooth Stone"},{"floor":20,"key":"Whetstone"},{"floor":23,"key":"Question Card"},{"floor":23,"key":"Toxic Egg 2"},{"floor":26,"key":"Pocketwatch"}],"event_choices":[{"event_name":"Golden Wing","player_choice":"Gained Gold","floor":2,"damage_taken":0},{"event_name":"Accursed Blacksmith","player_choice":"Rummage","floor":14,"damage_taken":0},{"event_name":"Ghosts","player_choice":"Ignored","floor":19,"damage_taken":0},{"event_name":"Nest","player_choice":"Stole From Cult","floor":25,"damage_taken":0},{"event_name":"Colosseum","player_choice":"Fight","floor":28,"damage_taken":0},{"event_name":"Colosseum","player_choice":"Fought Nobs","floor":28,"damage_taken":0}],"is_beta":true,"boss_relics":[{"not_picked":["Velvet Choker","Runic Pyramid"],"picked":"Black Star"}],"items_purged_floors":[3],"is_endless":false,"potions_floor_spawned":[1,5,13,16,23,24,28],"killed_by":"Colosseum Nobs","ascension_level":8}