{"gold_per_floor":[109,109,109,184,209,209,244,244,244,269,284,5,45,45,45,45],"floor_reached":16,"playtime":1037,"items_purged":[],"score":106,"play_id":"f8941190-690c-4586-b53c-0744ddcb2b4b","local_time":"20181231234642","is_ascension_mode":false,"campfire_choices":[{"floor":6,"key":"REST"},{"floor":8,"key":"REST"},{"floor":15,"key":"REST"}],"neow_cost":"NONE","seed_source_timestamp":290661528216469,"circlet_count":0,"master_deck":["Strike_B","Strike_B","Strike_B","Defend_B","Defend_B","Defend_B","Defend_B","Zap","Dualcast","Genetic Algorithm","Coolheaded","Injury","Melter","Lockon","Loop","Glacier","Consume"],"relics":["Cracked Core","Golden Idol","Blood Vial","Centennial Puzzle","Matryoshka","Mummified Hand","Peace Pipe"],"potions_floor_usage":[13,16],"damage_taken":[{"damage":12,"enemies":"Small Slimes","floor":1,"turns":3},{"damage":51,"enemies":"3 Sentries","floor":7,"turns":12},{"damage":3,"enemies":"Jaw Worm","floor":10,"turns":3},{"damage":1,"enemies":"2 Louse","floor":11,"turns":2},{"damage":36,"enemies":"Gremlin Nob","floor":13,"turns":7},{"damage":49,"enemies":"Slime Boss","floor":16,"turns":15}],"seed_played":"-5026846058774041907","potions_obtained":[{"floor":1,"key":"AttackPotion"},{"floor":7,"key":"SkillPotion"},{"floor":11,"key":"Ancient Potion"}],"is_trial":false,"path_per_floor":["M","?","?","?","T","R","E","R","T","M","M","$","E","$","R","B"],"character_chosen":"DEFECT","items_purchased":["Mummified Hand","Glacier"],"campfire_rested":3,"item_purchase_floors":[12,12],"current_hp_per_floor":[70,70,70,59,59,82,31,55,55,54,55,55,21,21,45,0],"gold":45,"neow_bonus":"TEN_PERCENT_HP_BONUS","is_prod":false,"is_daily":false,"chose_seed":false,"campfire_upgraded":0,"win_rate":0,"timestamp":1546328802,"path_taken":["M","?","?","?","?","R","E","R","T","?","M","?","E","$","R","BOSS"],"build_version":"2018-12-20","purchased_purges":0,"victory":false,"max_hp_per_floor":[82,82,82,82,82,82,82,82,82,82,82,82,82,82,82,82],"card_choices":[{"not_picked":["Recycle","Heatsinks"],"picked":"Genetic Algorithm","floor":1},{"not_picked":["Go for the Eyes","Recycle"],"picked":"Melter","floor":7},{"not_picked":["Steam","Redo"],"picked":"Lockon","floor":10},{"not_picked":["Rebound","Reinforced Body"],"picked":"Loop","floor":11},{"not_picked":["Scrape","Barrage"],"picked":"Consume","floor":13}],"player_experience":206991,"relics_obtained":[{"floor":5,"key":"Blood Vial"},{"floor":7,"key":"Centennial Puzzle"},{"floor":9,"key":"Matryoshka"},{"floor":13,"key":"Peace Pipe"}],"event_choices":[{"damage_healed":0,"gold_gain":0,"cards_transformed":["Strike_B"],"player_choice":"Change","damage_taken":0,"max_hp_gain":0,"max_hp_loss":0,"event_name":"Living Wall","floor":2,"gold_loss":0,"cards_obtained":["Coolheaded"]},{"damage_healed":0,"gold_gain":0,"player_choice":"Take Wound","damage_taken":0,"relics_obtained":["Golden Idol"],"max_hp_gain":0,"max_hp_loss":0,"event_name":"Golden Idol","floor":3,"gold_loss":0,"cards_obtained":["Injury"]},{"damage_healed":0,"gold_gain":75,"player_choice":"Gather Gold","damage_taken":11,"max_hp_gain":0,"max_hp_loss":0,"event_name":"World of Goop","floor":4,"gold_loss":0}],"is_beta":false,"boss_relics":[],"items_purged_floors":[],"is_endless":false,"potions_floor_spawned":[1,7,11],"killed_by":"Slime Boss","ascension_level":0}