{"gold_per_floor":[109,129,31,42,53,84,84,109,121,133,164,126,138,166,178,285,297,328,354,228,228,228,228,243,261,314,314,334,351,363,462,462,462],"floor_reached":33,"playtime":910,"items_purged":["Strike_B","Strike_B"],"score":312,"play_id":"07b43e3f-8847-455a-b13b-3d8786345e15","local_time":"20190507174341","is_ascension_mode":true,"campfire_choices":[{"floor":7,"key":"REST"},{"floor":10,"key":"REST"},{"floor":15,"key":"REST"},{"floor":23,"key":"REST"},{"floor":27,"key":"REST"},{"floor":32,"key":"REST"}],"neow_cost":"NONE","seed_source_timestamp":13292518824391,"circlet_count":0,"master_deck":["Defend_B","Defend_B","Defend_B","Defend_B","Zap","Dualcast","Melter","Gash","Hologram","Gash","Gash","Gash","Steam","Leap","Electrodynamics","Leap","Coolheaded","Doom and Gloom","Double Energy+1","Glacier+1","Gash","Ball Lightning","Leap"],"relics":["Cracked Core","NeowsBlessing","Juzu Bracelet","MawBank","Happy Flower","Philosopher\u0027s Stone","MutagenicStrength","Vajra"],"potions_floor_usage":[6,16,33,33],"damage_taken":[{"damage":0,"enemies":"Cultist","floor":1,"turns":1},{"damage":0,"enemies":"Jaw Worm","floor":2,"turns":1},{"damage":0,"enemies":"2 Louse","floor":4,"turns":1},{"damage":9,"enemies":"Looter","floor":5,"turns":3},{"damage":33,"enemies":"Lagavulin","floor":6,"turns":4},{"damage":29,"enemies":"Gremlin Nob","floor":8,"turns":4},{"damage":20,"enemies":"Red Slaver","floor":11,"turns":4},{"damage":5,"enemies":"Blue Slaver","floor":14,"turns":3},{"damage":9,"enemies":"Hexaghost","floor":16,"turns":8},{"damage":17,"enemies":"Shell Parasite","floor":18,"turns":4},{"damage":16,"enemies":"Spheric Guardian","floor":19,"turns":4},{"damage":21,"enemies":"Snake Plant","floor":24,"turns":3},{"damage":15,"enemies":"Centurion and Healer","floor":25,"turns":5},{"damage":20,"enemies":"Shelled Parasite and Fungi","floor":28,"turns":3},{"damage":3,"enemies":"Snake Plant","floor":29,"turns":3},{"damage":2,"enemies":"Snecko","floor":30,"turns":5},{"damage":62,"enemies":"Champ","floor":33,"turns":9}],"seed_played":"600258934095921456","potions_obtained":[{"floor":1,"key":"Fire Potion"},{"floor":4,"key":"GamblersBrew"},{"floor":8,"key":"FairyPotion"},{"floor":16,"key":"PowerPotion"},{"floor":25,"key":"AttackPotion"}],"is_trial":false,"path_per_floor":["M","M","$","M","M","E","R","E","T","R","M","?","?","M","R","B",null,"M","M","$","?","?","R","M","M","T","R","M","M","M","?","R","B"],"character_chosen":"DEFECT","items_purchased":["Hologram","Doom and Gloom"],"campfire_rested":6,"item_purchase_floors":[3,20],"current_hp_per_floor":[75,75,75,75,66,33,55,26,26,48,28,28,28,23,45,36,75,58,42,42,28,28,52,31,16,16,40,20,17,15,15,39,0],"gold":462,"neow_bonus":"THREE_ENEMY_KILL","is_prod":false,"is_daily":false,"chose_seed":false,"campfire_upgraded":0,"win_rate":0,"timestamp":1557243821,"path_taken":["M","?","$","M","M","E","R","E","T","R","M","?","?","M","R","BOSS","M","M","$","?","?","R","M","M","T","R","M","M","M","?","R","BOSS"],"build_version":"2019-01-23","purchased_purges":2,"victory":false,"max_hp_per_floor":[75,75,75,75,75,75,75,75,75,75,75,75,75,75,75,75,75,75,75,75,80,80,80,80,80,80,80,80,80,80,80,80,80],"card_choices":[{"not_picked":["Sunder","Steam"],"picked":"Melter","floor":1},{"not_picked":["Go for the Eyes","Heatsinks"],"picked":"Gash","floor":2},{"not_picked":["Barrage","Hello World"],"picked":"Gash","floor":4},{"not_picked":["Hologram","Reinforced Body"],"picked":"Gash","floor":5},{"not_picked":["Conserve Battery","Loop"],"picked":"Gash","floor":6},{"not_picked":["White Noise","Blizzard","Melter"],"picked":"SKIP","floor":8},{"not_picked":["Steam Power","Blizzard"],"picked":"Steam","floor":11},{"not_picked":["Skim","Sunder"],"picked":"Leap","floor":14},{"not_picked":["Amplify","Hyperbeam"],"picked":"Electrodynamics","floor":16},{"not_picked":["Steam+1","Lockon"],"picked":"Leap","floor":18},{"not_picked":["BootSequence","Fusion"],"picked":"Coolheaded","floor":19},{"not_picked":["Barrage","Sweeping Beam"],"picked":"Double Energy+1","floor":24},{"not_picked":["Turbo","Double Energy"],"picked":"Glacier+1","floor":25},{"not_picked":["Stack+1","Seek"],"picked":"Gash","floor":28},{"not_picked":["Rebound","Rip and Tear"],"picked":"Ball Lightning","floor":29},{"not_picked":["Rebound","Sunder"],"picked":"Leap","floor":30}],"player_experience":279431,"relics_obtained":[{"floor":6,"key":"Juzu Bracelet"},{"floor":8,"key":"MawBank"},{"floor":9,"key":"Happy Flower"},{"floor":26,"key":"Vajra"}],"event_choices":[{"cards_removed":["Strike_B"],"damage_healed":0,"gold_gain":0,"player_choice":"Card Removal","damage_taken":0,"max_hp_gain":0,"max_hp_loss":0,"event_name":"The Cleric","floor":12,"gold_loss":50},{"cards_removed":["Strike_B"],"damage_healed":0,"gold_gain":0,"player_choice":"Purged","damage_taken":0,"max_hp_gain":0,"max_hp_loss":0,"event_name":"Purifier","floor":13,"gold_loss":0},{"damage_healed":0,"gold_gain":0,"player_choice":"Shed Blood","damage_taken":19,"max_hp_gain":5,"max_hp_loss":0,"event_name":"Forgotten Altar","floor":21,"gold_loss":0},{"damage_healed":0,"gold_gain":0,"player_choice":"Inject Mutagens","damage_taken":0,"relics_obtained":["MutagenicStrength"],"max_hp_gain":0,"max_hp_loss":0,"event_name":"Drug Dealer","floor":22,"gold_loss":0},{"damage_healed":0,"gold_gain":99,"player_choice":"Stole From Cult","damage_taken":0,"max_hp_gain":0,"max_hp_loss":0,"event_name":"Nest","floor":31,"gold_loss":0}],"is_beta":false,"boss_relics":[{"not_picked":["Fusion Hammer","Velvet Choker"],"picked":"Philosopher\u0027s Stone"}],"items_purged_floors":[3,20],"is_endless":false,"potions_floor_spawned":[1,4,8,16,25,28,29,30],"killed_by":"Champ","ascension_level":2}