{"gold_per_floor":[109,69,85,104,25,25,35,62,62,62],"floor_reached":10,"playtime":453,"items_purged":[],"score":136,"play_id":"359f4672-652a-4c49-ad85-bbecbb863d28","local_time":"20190316080227","is_ascension_mode":true,"campfire_choices":[{"data":"Neutralize","floor":6.0,"key":"SMITH"}],"neow_cost":"NONE","seed_source_timestamp":0,"circlet_count":0,"master_deck":["AscendersBane","Survivor","Neutralize+1","Bouncing Flask","Dash","Night Terror","Envenom","Caltrops","Envenom","Phantasmal Killer","Concentrate","Die Die Die","After Image","Dash","Well Laid Plans","Backflip","Deflect"],"special_seed":0,"relics":["Pandora\u0027s Box","Lantern","Centennial Puzzle"],"potions_floor_usage":[],"damage_taken":[{"damage":12.0,"enemies":"Jaw Worm","floor":1.0,"turns":3.0},{"damage":7.0,"enemies":"Cultist","floor":3.0,"turns":4.0},{"damage":4.0,"enemies":"Small Slimes","floor":4.0,"turns":3.0},{"damage":7.0,"enemies":"Blue Slaver","floor":7.0,"turns":4.0},{"damage":25.0,"enemies":"Gremlin Nob","floor":8.0,"turns":4.0},{"damage":7,"enemies":"3 Sentries","floor":10,"turns":3}],"seed_played":"-5492090810911983247","potions_obtained":[{"floor":2.0,"key":"AttackPotion"},{"floor":2.0,"key":"Poison Potion"},{"floor":4.0,"key":"FearPotion"}],"is_trial":false,"path_per_floor":["M","?","M","M","$","R","M","E","T","E"],"character_chosen":"THE_SILENT","items_purchased":["Well Laid Plans"],"campfire_rested":0,"item_purchase_floors":[5],"current_hp_per_floor":[47,47,40,36,36,36,29,4,4,0],"gold":62,"neow_bonus":"BOSS_RELIC","is_prod":false,"is_daily":false,"chose_seed":false,"campfire_upgraded":1,"win_rate":0,"timestamp":1552737747,"path_taken":["M","?","M","M","$","R","M","E","T","E"],"build_version":"2019-01-23","purchased_purges":0,"victory":false,"max_hp_per_floor":[66,66,66,66,66,66,66,66,66,66],"card_choices":[{"not_picked":["Backflip","Deadly Poison"],"picked":"Dash","floor":1.0},{"not_picked":["Eviscerate","Concentrate","Underhanded Strike"],"picked":"SKIP","floor":3.0},{"not_picked":["Backflip","Outmaneuver","Endless Agony"],"picked":"SKIP","floor":4.0},{"not_picked":["Endless Agony","Outmaneuver"],"picked":"Backflip","floor":7.0},{"not_picked":["Dash","Caltrops"],"picked":"Deflect","floor":8.0}],"player_experience":871162,"relics_obtained":[{"floor":8.0,"key":"Lantern"},{"floor":9.0,"key":"Centennial Puzzle"}],"event_choices":[{"damage_healed":0.0,"max_hp_gain":0.0,"max_hp_loss":0.0,"gold_gain":0.0,"event_name":"The Woman in Blue","player_choice":"Bought 3 Potions","floor":2.0,"gold_loss":0.0,"damage_taken":0.0}],"is_beta":false,"boss_relics":[],"items_purged_floors":[],"is_endless":false,"potions_floor_spawned":[4,7],"killed_by":"3 Sentries","ascension_level":20}