{"path_per_floor":["M","?","$","M","M","R","?","E","T","R","M","?","R","T","R","B",null],"character_chosen":"DEFECT","items_purchased":["Hologram","Self Repair"],"gold_per_floor":[109,109,1,19,29,29,29,60,83,83,94,94,94,94,94,192,192,192],"floor_reached":18,"campfire_rested":0,"playtime":594,"current_hp_per_floor":[65,65,65,75,74,74,59,60,60,60,53,53,53,53,53,46,68,0],"items_purged":[],"gold":192,"score":205,"play_id":"df2e8baa-f20d-46ce-88c3-805e0121081d","local_time":"20180514135113","is_prod":false,"is_daily":false,"chose_seed":false,"is_ascension_mode":true,"campfire_upgraded":4,"timestamp":1526320273,"path_taken":["M","?","$","M","M","R","?","E","T","R","?","?","R","?","R","BOSS","M"],"build_version":"2018-05-12v2","seed_source_timestamp":418112264799639,"purchased_purges":0,"victory":false,"master_deck":["Strike_B","Strike_B","Strike_B+1","Strike_B+1","Defend_B","Defend_B+1","Defend_B","Defend_B","Zap+1","Dualcast","Rebound","Echo Form+1","Zap+1","Hologram+1","Self Repair","Beam Cell+1","Chill+1","Thunder Strike"],"max_hp_per_floor":[75,75,75,75,75,75,75,75,75,75,75,75,75,75,75,75,75,75],"relics":["Philosopher\u0027s Stone","War Paint","Vajra","Gambling Chip","Runic Pyramid"],"card_choices":[{"not_picked":["Turbo","Hello World"],"picked":"Rebound","floor":1},{"not_picked":["Ball Lightning","Axe Kick","Leap"],"picked":"SKIP","floor":4},{"not_picked":["Skim","Axe Kick","Gash"],"picked":"SKIP","floor":5},{"not_picked":["Lockon","Turbo"],"picked":"Beam Cell","floor":8},{"not_picked":["White Noise","Go for the Eyes"],"picked":"Chill","floor":11},{"not_picked":["Fission","Amplify"],"picked":"Thunder Strike","floor":16}],"player_experience":80270,"potions_floor_usage":[16],"damage_taken":[{"damage":3,"enemies":"2 Louse","floor":1,"turns":3},{"damage":0,"enemies":"Cultist","floor":4,"turns":4},{"damage":15,"enemies":"Small Slimes","floor":5,"turns":4},{"damage":13,"enemies":"Lagavulin","floor":8,"turns":6},{"damage":21,"enemies":"3 Louse","floor":11,"turns":3},{"damage":14,"enemies":"Slime Boss","floor":16,"turns":7},{"damage":68,"enemies":"3 Byrds","floor":18,"turns":2}],"event_choices":[{"event_name":"Match and Keep!","player_choice":"2 cards matched","floor":2,"damage_taken":0},{"event_name":"Shining Light","player_choice":"Entered Light","floor":7,"damage_taken":0},{"event_name":"Living Wall","player_choice":"Grow","floor":12,"damage_taken":0}],"boss_relics":[{"not_picked":["Tiny House","Lizard Tail"],"picked":"Runic Pyramid"}],"potions_floor_spawned":[4,16],"seed_played":"8415248445275159492","killed_by":"3 Byrds","ascension_level":6,"is_trial":false}