{"gold_per_floor":[113,131,148,148,148,148,178,196,196,196,228,228,241,267,267,371,421,407,407,407,3,13,46,46,58,129,129,228,260,260,61,61,157,157,172,24,24,124,137,137,152,152,222,222,236,236,0,13,13,13],"floor_reached":51,"playtime":3915,"items_purged":[],"score":716,"play_id":"e5502f25-0595-4f25-942d-443e78633f84","local_time":"20190104004533","is_ascension_mode":true,"campfire_choices":[{"floor":6,"key":"REST"},{"data":"Rage","floor":10,"key":"SMITH"},{"floor":12,"key":"REST"},{"data":"Barricade","floor":15,"key":"SMITH"},{"floor":24,"key":"REST"},{"floor":27,"key":"REST"},{"data":"Bash","floor":32,"key":"SMITH"},{"floor":40,"key":"REST"},{"data":"Impervious","floor":42,"key":"SMITH"},{"data":"Perfected Strike","floor":44,"key":"SMITH"},{"data":"Flex","floor":46,"key":"SMITH"},{"data":"Juggernaut","floor":49,"key":"SMITH"}],"neow_cost":"PERCENT_DAMAGE","seed_source_timestamp":165478405095,"circlet_count":0,"master_deck":["Strike_R+1","Strike_R+1","Strike_R+1","Strike_R+1","Strike_R+1","Defend_R+1","Defend_R+1","Defend_R+1","Defend_R+1","Bash+1","Power Through","Rage+1","Barricade+1","Seeing Red","Perfected Strike+1","Shrug It Off","Juggernaut+1","Cleave","Metallicize+1","Shrug It Off+1","Impervious+1","Ghostly Armor","Iron Wave+1","Infernal Blade+1","Rage+1","Flex+1","Parasite","Sword Boomerang+1"],"relics":["Burning Blood","Peace Pipe","Shuriken","Incense Burner","Torii","Smiling Mask","Tiny House","Matryoshka","Oddly Smooth Stone","Ancient Tea Set","Mercury Hourglass","Letter Opener","Du-Vu Doll","Pen Nib","Bronze Scales","Black Star","Anchor","Calipers","Boot","Blue Candle","Red Mask"],"potions_floor_usage":[7,7,7,7,7,8,11,18,22,23,25,33,33,50,50,50],"damage_taken":[{"damage":10,"enemies":"Small Slimes","floor":1,"turns":6},{"damage":0,"enemies":"Jaw Worm","floor":2,"turns":5},{"damage":1,"enemies":"Cultist","floor":3,"turns":3},{"damage":22,"enemies":"3 Sentries","floor":7,"turns":16},{"damage":3,"enemies":"Looter","floor":8,"turns":2},{"damage":17,"enemies":"Lagavulin","floor":11,"turns":8},{"damage":1,"enemies":"Large Slime","floor":13,"turns":10},{"damage":6,"enemies":"Gremlin Nob","floor":14,"turns":4},{"damage":31,"enemies":"Hexaghost","floor":16,"turns":17},{"damage":13,"enemies":"2 Thieves","floor":18,"turns":4},{"damage":5,"enemies":"3 Byrds","floor":22,"turns":7},{"damage":47,"enemies":"Book of Stabbing","floor":23,"turns":8},{"damage":0,"enemies":"Snecko","floor":25,"turns":5},{"damage":11,"enemies":"Gremlin Leader","floor":29,"turns":10},{"damage":1,"enemies":"Champ","floor":33,"turns":11},{"damage":0,"enemies":"3 Shapes","floor":35,"turns":6},{"damage":22,"enemies":"Mind Bloom Boss Battle","floor":38,"turns":7},{"damage":20,"enemies":"Orb Walker","floor":39,"turns":6},{"damage":0,"enemies":"4 Shapes","floor":41,"turns":6},{"damage":0,"enemies":"3 Darklings","floor":45,"turns":6},{"damage":0,"enemies":"Writhing Mass","floor":48,"turns":8},{"damage":63,"enemies":"Donu and Deca","floor":50,"turns":12}],"seed_played":"1593650967751051810","potions_obtained":[{"floor":3,"key":"EntropicBrew"},{"floor":5,"key":"FearPotion"},{"floor":5,"key":"BloodPotion"},{"floor":7,"key":"Poison Potion"},{"floor":14,"key":"BloodPotion"},{"floor":16,"key":"Poison Potion"},{"floor":17,"key":"SneckoOil"},{"floor":22,"key":"Swift Potion"},{"floor":23,"key":"PowerPotion"},{"floor":29,"key":"Strength Potion"},{"floor":39,"key":"Swift Potion"},{"floor":41,"key":"Dexterity Potion"},{"floor":45,"key":"Ancient Potion"}],"is_trial":false,"path_per_floor":["M","M","M","?","?","R","E","M","T","R","E","R","M","E","R","B",null,"M","?","?","$","M","E","R","M","T","R","?","E","?","$","R","B",null,"M","$","?","?","M","R","M","R","T","R","M","R","?","M","R","B",null],"character_chosen":"IRONCLAD","items_purchased":["Matryoshka","Oddly Smooth Stone","Bronze Scales","Dexterity Potion","Anchor"],"campfire_rested":5,"item_purchase_floors":[21,21,31,31,36],"current_hp_per_floor":[52,58,63,47,47,71,63,66,66,66,55,79,80,80,80,55,85,78,78,62,62,72,31,58,64,64,90,90,85,85,85,85,90,90,90,90,90,74,60,87,90,90,90,90,90,90,90,90,90,33],"gold":13,"neow_bonus":"ONE_RARE_RELIC","is_prod":false,"is_daily":false,"chose_seed":false,"campfire_upgraded":7,"win_rate":0,"timestamp":1546559133,"path_taken":["M","M","M","?","?","R","E","?","T","R","E","R","M","E","R","BOSS","M","?","?","$","M","E","R","M","T","R","?","E","?","$","R","BOSS","M","$","?","?","M","R","M","R","T","R","M","R","?","M","R","BOSS"],"build_version":"2018-12-20","purchased_purges":0,"victory":true,"max_hp_per_floor":[80,80,80,80,80,80,80,80,80,80,80,80,80,80,80,80,85,85,85,90,90,90,90,90,90,90,90,90,90,90,90,90,90,90,90,90,90,90,90,90,90,90,90,90,90,90,90,90,90,90],"card_choices":[{"not_picked":["Warcry","Corruption"],"picked":"Power Through","floor":1},{"not_picked":["Carnage","Reckless Charge","Havoc"],"picked":"SKIP","floor":2},{"not_picked":["Entrench","Evolve"],"picked":"Rage","floor":3},{"not_picked":["Pummel","Battle Trance"],"picked":"Barricade","floor":7},{"not_picked":["Pummel","Clash"],"picked":"Seeing Red","floor":8},{"not_picked":["Seeing Red","Rage"],"picked":"Headbutt","floor":11},{"not_picked":["Pommel Strike","Havoc"],"picked":"Perfected Strike","floor":13},{"not_picked":["Feel No Pain","Power Through"],"picked":"Shrug It Off","floor":14},{"not_picked":["Double Tap","Barricade"],"picked":"Juggernaut","floor":16},{"not_picked":["Clash","Havoc","Headbutt"],"picked":"SKIP","floor":18},{"not_picked":["Brutality","Pummel+1"],"picked":"Cleave","floor":22},{"not_picked":["Shockwave","Cleave"],"picked":"Metallicize+1","floor":23},{"not_picked":["Disarm+1","Thunderclap+1"],"picked":"Shrug It Off+1","floor":25},{"not_picked":["Headbutt","Shrug It Off+1","Wild Strike"],"picked":"SKIP","floor":29},{"not_picked":["Fiend Fire","Dark Embrace"],"picked":"Impervious","floor":33},{"not_picked":["Dropkick","Twin Strike+1"],"picked":"Ghostly Armor","floor":35},{"not_picked":["Armaments","Pommel Strike+1"],"picked":"Iron Wave+1","floor":38},{"not_picked":["Headbutt","Heavy Blade"],"picked":"Infernal Blade+1","floor":39},{"not_picked":["Combust+1","Clash"],"picked":"Rage+1","floor":41},{"not_picked":["Armaments+1","Havoc+1"],"picked":"Flex","floor":45},{"not_picked":["Warcry+1","Reckless Charge+1"],"picked":"Sword Boomerang+1","floor":48}],"player_experience":276822,"relics_obtained":[{"floor":7,"key":"Shuriken"},{"floor":9,"key":"Incense Burner"},{"floor":11,"key":"Torii"},{"floor":14,"key":"Smiling Mask"},{"floor":23,"key":"Ancient Tea Set"},{"floor":26,"key":"Mercury Hourglass"},{"floor":26,"key":"Letter Opener"},{"floor":29,"key":"Du-Vu Doll"},{"floor":38,"key":"Calipers"},{"floor":43,"key":"Boot"},{"floor":43,"key":"Blue Candle"}],"event_choices":[{"damage_healed":0,"gold_gain":0,"player_choice":"Entered Light","damage_taken":16,"max_hp_gain":0,"max_hp_loss":0,"event_name":"Shining Light","floor":4,"gold_loss":0,"cards_upgraded":["Defend_R","Defend_R"]},{"damage_healed":0,"gold_gain":0,"player_choice":"Got Potions","damage_taken":0,"max_hp_gain":0,"max_hp_loss":0,"event_name":"Lab","floor":5,"gold_loss":0},{"damage_healed":0,"gold_gain":0,"player_choice":"Simplicity","damage_taken":0,"max_hp_gain":0,"max_hp_loss":0,"event_name":"Back to Basics","floor":19,"gold_loss":0,"cards_upgraded":["Strike_R","Strike_R","Strike_R","Strike_R","Defend_R","Defend_R"]},{"damage_healed":0,"gold_gain":0,"player_choice":"Shed Blood","damage_taken":21,"max_hp_gain":5,"max_hp_loss":0,"event_name":"Forgotten Altar","floor":20,"gold_loss":0},{"damage_healed":0,"gold_gain":99,"player_choice":"Stole From Cult","damage_taken":0,"max_hp_gain":0,"max_hp_loss":0,"event_name":"Nest","floor":28,"gold_loss":0},{"damage_healed":0,"gold_gain":0,"player_choice":"Opened","damage_taken":0,"relics_obtained":["Pen Nib"],"max_hp_gain":0,"max_hp_loss":0,"event_name":"The Mausoleum","floor":30,"gold_loss":0},{"cards_removed":["Headbutt"],"damage_healed":0,"gold_gain":0,"player_choice":"Removed Attack","damage_taken":0,"max_hp_gain":0,"max_hp_loss":0,"event_name":"Falling","floor":37,"gold_loss":0},{"damage_healed":0,"gold_gain":0,"player_choice":"Fight","damage_taken":0,"max_hp_gain":0,"max_hp_loss":0,"event_name":"MindBloom","floor":38,"gold_loss":0},{"damage_healed":0,"gold_gain":0,"player_choice":"Paid","damage_taken":0,"relics_obtained":["Red Mask"],"max_hp_gain":0,"max_hp_loss":0,"event_name":"Tomb of Lord Red Mask","floor":47,"gold_loss":236}],"is_beta":false,"boss_relics":[{"not_picked":["Snecko Eye","Empty Cage"],"picked":"Tiny House"},{"not_picked":["Cursed Key","Coffee Dripper"],"picked":"Black Star"}],"items_purged_floors":[],"is_endless":false,"potions_floor_spawned":[3,7,14,16,22,23,29,39,41,45],"ascension_level":2}