{"gold_per_floor":[117,137,137,87,337,371,371,414,495,495,495,509,523,539,539,658,658,671,692,237,187,200,235,58,58],"floor_reached":25,"playtime":756,"items_purged":["Strike_B","Strike_B"],"score":254,"play_id":"bab480e3-7063-4d80-b763-d2c39bcdd116","local_time":"20180712070418","is_ascension_mode":true,"campfire_choices":[{"floor":7,"key":"REST"},{"floor":11,"key":"REST"},{"floor":15,"key":"REST"}],"neow_cost":"","seed_source_timestamp":3908508847362,"circlet_count":0,"master_deck":["Strike_B","Defend_B","Defend_B","Defend_B","Defend_B","Zap","Dualcast","Scrape","Electrodynamics","Consume","Defragment","Gash+1","Amplify","Cold Snap+1","Creative AI","Leap","Tempest+1","Loop","Beam Cell+1","Storm+1","Capacitor"],"relics":["Cracked Core","Golden Idol","Happy Flower","Symbiotic Virus","Molten Egg 2","Nuclear Battery","Bird Faced Urn","Darkstone Periapt"],"potions_floor_usage":[6,23],"damage_taken":[{"damage":4,"enemies":"Small Slimes","floor":1,"turns":4},{"damage":1,"enemies":"Cultist","floor":2,"turns":3},{"damage":31,"enemies":"Lagavulin","floor":6,"turns":8},{"damage":16,"enemies":"3 Sentries","floor":8,"turns":3},{"damage":1,"enemies":"2 Louse","floor":12,"turns":2},{"damage":6,"enemies":"Looter","floor":13,"turns":2},{"damage":25,"enemies":"2 Fungi Beasts","floor":14,"turns":4},{"damage":1,"enemies":"Slime Boss","floor":16,"turns":6},{"damage":18,"enemies":"2 Thieves","floor":18,"turns":4},{"damage":6,"enemies":"Spheric Guardian","floor":19,"turns":3},{"damage":4,"enemies":"3 Cultists","floor":22,"turns":3},{"damage":43,"enemies":"Gremlin Leader","floor":23,"turns":6},{"damage":25,"enemies":"Book of Stabbing","floor":25,"turns":2}],"seed_played":"-2171122912491238483","potions_obtained":[{"floor":2,"key":"SpeedPotion"},{"floor":8,"key":"Ancient Potion"},{"floor":13,"key":"FearPotion"},{"floor":18,"key":"Explosive Potion"},{"floor":22,"key":"LiquidBronze"}],"is_trial":false,"path_per_floor":["M","M","?","?","?","E","R","E","T","?","R","M","M","M","R","B",null,"M","M","$","?","M","E","$"],"character_chosen":"DEFECT","items_purchased":["Bird Faced Urn","Loop","Capacitor"],"campfire_rested":3,"item_purchase_floors":[20,20,24],"current_hp_per_floor":[71,70,52,52,52,21,43,27,27,20,42,41,35,10,32,31,75,57,51,51,51,51,16,16,0],"gold":58,"neow_bonus":"","is_prod":false,"is_daily":false,"chose_seed":false,"campfire_upgraded":0,"win_rate":0,"timestamp":1531371858,"path_taken":["M","M","?","?","?","E","R","E","T","?","R","M","?","?","R","BOSS","M","M","$","?","M","E","?","E"],"build_version":"2018-07-10","purchased_purges":2,"victory":false,"max_hp_per_floor":[75,75,75,75,75,75,75,75,75,75,75,75,75,75,75,75,75,75,75,75,75,75,75,75,75],"card_choices":[{"not_picked":["Compile Driver","Steam"],"picked":"Scrape","floor":1},{"not_picked":["Rebound","Redo"],"picked":"Electrodynamics","floor":2},{"not_picked":["Meteor Strike","Compile Driver"],"picked":"Consume","floor":6},{"not_picked":["Turbo","Rip and Tear"],"picked":"Defragment","floor":8},{"not_picked":["Auto Shields","Sweeping Beam+1"],"picked":"Gash+1","floor":12},{"not_picked":["Hello World","Turbo"],"picked":"Amplify","floor":13},{"not_picked":["Turbo","Conserve Battery"],"picked":"Cold Snap+1","floor":14},{"not_picked":["Core Surge+1","Machine Learning"],"picked":"Creative AI","floor":16},{"not_picked":["Recycle","Hologram"],"picked":"Leap","floor":18},{"not_picked":["Force Field","Self Repair"],"picked":"Tempest+1","floor":19},{"not_picked":["Rebound+1","Sweeping Beam+1"],"picked":"Beam Cell+1","floor":22},{"not_picked":["Beam Cell+1","Ball Lightning+1"],"picked":"Storm+1","floor":23}],"player_experience":45883,"relics_obtained":[{"floor":6,"key":"Happy Flower"},{"floor":8,"key":"Symbiotic Virus"},{"floor":9,"key":"Molten Egg 2"},{"floor":23,"key":"Darkstone Periapt"}],"event_choices":[{"event_name":"Golden Idol","player_choice":"Take Damage","floor":3,"damage_taken":0},{"event_name":"The Cleric","player_choice":"Card Removal","floor":4,"damage_taken":0},{"event_name":"Golden Shrine","player_choice":"Desecrate","floor":5,"damage_taken":0},{"event_name":"Golden Wing","player_choice":"Card Removal","floor":10,"damage_taken":0},{"event_name":"The Joust","player_choice":"Bet on Murderer","floor":21,"damage_taken":0}],"boss_relics":[{"not_picked":["Cursed Key","Sozu"],"picked":"Nuclear Battery"}],"items_purged_floors":[20,24],"is_endless":false,"potions_floor_spawned":[2,8,13,18,22],"killed_by":"Book of Stabbing","ascension_level":2}