{"gold_per_floor":[109,109,119,136,8,37,37,71,71,82,82,102,102,112,112,189,189,203,203,203,222,3,3,23,23,23,36,36,36,55,75,75,153,203,223,223,223,74,94,119,119,151,230,243,0,0,0,14,14,14],"floor_reached":51,"playtime":2638,"items_purged":[],"score":1217,"play_id":"8f4a9e88-714a-4aa4-bdab-6b57d9de7c5a","local_time":"20190506235118","is_ascension_mode":true,"campfire_choices":[{"floor":7,"key":"REST"},{"data":"Envenom","floor":11,"key":"SMITH"},{"floor":15,"key":"REST"},{"data":"Blade Dance","floor":23,"key":"SMITH"},{"data":"Adrenaline","floor":25,"key":"SMITH"},{"data":"1","floor":28,"key":"LIFT"},{"data":"2","floor":32,"key":"LIFT"},{"data":"3","floor":41,"key":"LIFT"},{"data":"Bouncing Flask","floor":47,"key":"SMITH"},{"data":"Riddle With Holes","floor":49,"key":"SMITH"}],"neow_cost":"NONE","seed_source_timestamp":104749493125052,"circlet_count":0,"master_deck":["AscendersBane","Defend_G+1","Defend_G","Defend_G","Defend_G","Strike_G","Strike_G","Strike_G","Strike_G","Survivor","Neutralize+1","Infinite Blades","Dodge and Roll","Acrobatics+1","Envenom+1","Endless Agony","Prepared+1","Blade Dance+1","Riddle With Holes+1","Adrenaline+1","Corpse Explosion","Dagger Spray","Distraction","Accuracy+1","Flying Knee","After Image+1","Cloak And Dagger","Calculated Gamble+1","Tools of the Trade+1","Footwork+1","PiercingWail","Bandage Up","Mayhem+1","Metamorphosis","Underhanded Strike+1","PiercingWail","Bouncing Flask+1","Bane","Poisoned Stab+1"],"relics":["Ring of the Snake","Darkstone Periapt","Mummified Hand","Bag of Preparation","Frozen Egg 2","Mercury Hourglass","WristBlade","MutagenicStrength","Snake Skull","Girya","Centennial Puzzle","Tiny House","Bag of Marbles","War Paint","Blood Vial","The Courier","Red Mask"],"potions_floor_usage":[6,6,8,16,33,33,50,50],"damage_taken":[{"damage":4,"enemies":"Jaw Worm","floor":1,"turns":6},{"damage":0,"enemies":"Cultist","floor":3,"turns":4},{"damage":6,"enemies":"2 Louse","floor":4,"turns":3},{"damage":18,"enemies":"3 Sentries","floor":6,"turns":11},{"damage":10,"enemies":"Lagavulin","floor":8,"turns":6},{"damage":27,"enemies":"Lots of Slimes","floor":10,"turns":5},{"damage":14,"enemies":"Exordium Wildlife","floor":12,"turns":6},{"damage":2,"enemies":"Blue Slaver","floor":14,"turns":3},{"damage":11,"enemies":"Hexaghost","floor":16,"turns":7},{"damage":3,"enemies":"Spheric Guardian","floor":18,"turns":3},{"damage":0,"enemies":"Chosen","floor":21,"turns":2},{"damage":0,"enemies":"Centurion and Healer","floor":24,"turns":2},{"damage":0,"enemies":"3 Cultists","floor":27,"turns":2},{"damage":6,"enemies":"Snake Plant","floor":30,"turns":3},{"damage":0,"enemies":"Cultist and Chosen","floor":31,"turns":2},{"damage":37,"enemies":"Collector","floor":33,"turns":7},{"damage":1,"enemies":"3 Darklings","floor":35,"turns":3},{"damage":0,"enemies":"Orb Walker","floor":39,"turns":2},{"damage":0,"enemies":"Giant Head","floor":40,"turns":1},{"damage":29,"enemies":"Nemesis","floor":42,"turns":5},{"damage":4,"enemies":"Writhing Mass","floor":44,"turns":4},{"damage":0,"enemies":"Spire Growth","floor":48,"turns":3},{"damage":25,"enemies":"Time Eater","floor":50,"turns":5}],"seed_played":"6082797501944793031","potions_obtained":[{"floor":1,"key":"GhostInAJar"},{"floor":3,"key":"Regen Potion"},{"floor":6,"key":"Poison Potion"},{"floor":10,"key":"PowerPotion"},{"floor":20,"key":"Regen Potion"},{"floor":20,"key":"GhostInAJar"},{"floor":33,"key":"Swift Potion"},{"floor":34,"key":"FearPotion"},{"floor":35,"key":"Ancient Potion"},{"floor":42,"key":"Strength Potion"}],"is_trial":false,"path_per_floor":["M","?","M","M","?","E","R","E","T","M","R","M","?","M","R","B",null,"M","?","?","M","$","R","M","R","T","M","R","?","M","M","R","B",null,"M","?","?","$","M","E","R","E","T","M","?","?","R","M","R","B",null],"character_chosen":"THE_SILENT","items_purchased":["Snake Skull","Accuracy+1","Bag of Marbles"],"campfire_rested":2,"item_purchase_floors":[22,22,38],"current_hp_per_floor":[59,59,59,53,53,50,70,60,60,33,33,19,16,14,35,24,59,56,56,56,56,56,56,56,56,56,56,56,56,50,50,50,28,65,64,64,54,54,58,58,58,33,33,35,35,66,66,66,66,45],"gold":14,"neow_bonus":"UPGRADE_CARD","is_prod":false,"is_daily":false,"chose_seed":false,"campfire_upgraded":5,"win_rate":0,"timestamp":1557211878,"path_taken":["M","?","M","?","?","E","R","E","T","M","R","?","?","M","R","BOSS","M","?","?","M","$","R","?","R","T","M","R","?","M","M","R","BOSS","M","?","?","$","M","E","R","E","T","M","?","?","R","?","R","BOSS"],"build_version":"2019-01-23","purchased_purges":0,"victory":true,"max_hp_per_floor":[70,70,70,70,70,70,70,70,70,70,70,70,70,70,70,70,70,70,70,70,70,70,70,70,70,70,70,70,70,70,70,70,70,75,75,75,75,75,75,75,75,75,75,75,75,66,66,66,66,66],"card_choices":[{"not_picked":["Bane","Deadly Poison"],"picked":"Infinite Blades","floor":1},{"not_picked":["Bane","Outmaneuver"],"picked":"Acrobatics","floor":3},{"not_picked":["Deadly Poison","Blade Dance"],"picked":"Envenom","floor":4},{"not_picked":["Quick Slash","Expertise"],"picked":"Endless Agony","floor":6},{"not_picked":["Deflect","Reflex"],"picked":"Prepared","floor":8},{"not_picked":["Reflex","Dodge and Roll"],"picked":"Blade Dance","floor":10},{"not_picked":["Slice","Dagger Throw"],"picked":"Riddle With Holes","floor":12},{"not_picked":["Quick Slash","Backstab"],"picked":"Adrenaline","floor":14},{"not_picked":["Doppelganger","Storm of Steel"],"picked":"Corpse Explosion","floor":16},{"not_picked":["Slice","Quick Slash"],"picked":"Dagger Spray","floor":18},{"not_picked":["Dash","Dodge and Roll"],"picked":"Distraction","floor":21},{"not_picked":["Sucker Punch","Underhanded Strike"],"picked":"Flying Knee","floor":24},{"not_picked":["Dagger Throw","Reflex"],"picked":"After Image+1","floor":27},{"not_picked":["Caltrops+1","Outmaneuver"],"picked":"Cloak And Dagger","floor":30},{"not_picked":["Flying Knee","Acrobatics"],"picked":"Calculated Gamble+1","floor":31},{"not_picked":["Storm of Steel","Phantasmal Killer"],"picked":"Tools of the Trade+1","floor":33},{"not_picked":["Bouncing Flask","Deadly Poison"],"picked":"Footwork+1","floor":34},{"not_picked":["Dagger Spray+1","Tactician"],"picked":"PiercingWail","floor":35},{"not_picked":["Madness","The Bomb"],"picked":"Bandage Up","floor":37},{"not_picked":["Master of Strategy","Good Instincts"],"picked":"Mayhem+1","floor":37},{"not_picked":["Secret Weapon","Secret Technique"],"picked":"Metamorphosis","floor":37},{"not_picked":["Flying Knee+1","Distraction"],"picked":"Underhanded Strike+1","floor":39},{"not_picked":["Flying Knee+1","Setup+1"],"picked":"PiercingWail","floor":40},{"not_picked":["Slice","Heel Hook"],"picked":"Bouncing Flask","floor":42},{"not_picked":["Backflip+1","Prepared+1"],"picked":"Bane","floor":44},{"not_picked":["Burst","Expertise"],"picked":"Poisoned Stab+1","floor":48}],"player_experience":605062,"relics_obtained":[{"floor":6,"key":"Mummified Hand"},{"floor":8,"key":"Bag of Preparation"},{"floor":9,"key":"Frozen Egg 2"},{"floor":26,"key":"Girya"},{"floor":40,"key":"War Paint"},{"floor":42,"key":"Blood Vial"},{"floor":43,"key":"The Courier"}],"event_choices":[{"damage_healed":0,"gold_gain":0,"cards_transformed":["Defend_G"],"player_choice":"Transformed","damage_taken":0,"max_hp_gain":0,"max_hp_loss":0,"event_name":"Transmorgrifier","floor":2,"gold_loss":0,"cards_obtained":["Dodge and Roll"]},{"damage_healed":0,"gold_gain":0,"player_choice":"Paid Gold","damage_taken":0,"relics_obtained":["Darkstone Periapt"],"max_hp_gain":0,"max_hp_loss":0,"event_name":"WeMeetAgain","floor":5,"gold_loss":128},{"damage_healed":0,"gold_gain":0,"player_choice":"Success","damage_taken":3,"relics_obtained":["Mercury Hourglass"],"max_hp_gain":0,"max_hp_loss":0,"event_name":"Scrap Ooze","floor":13,"gold_loss":0},{"damage_healed":0,"gold_gain":0,"player_choice":"Inject Mutagens","damage_taken":0,"relics_obtained":["MutagenicStrength"],"max_hp_gain":0,"max_hp_loss":0,"event_name":"Drug Dealer","floor":19,"gold_loss":0},{"damage_healed":0,"gold_gain":0,"player_choice":"Got Potions","damage_taken":0,"max_hp_gain":0,"max_hp_loss":0,"event_name":"Lab","floor":20,"gold_loss":0},{"damage_healed":0,"gold_gain":0,"player_choice":"Opened","damage_taken":0,"relics_obtained":["Centennial Puzzle"],"max_hp_gain":0,"max_hp_loss":0,"event_name":"The Mausoleum","floor":29,"gold_loss":0},{"cards_removed":["Strike_G"],"damage_healed":0,"gold_gain":0,"player_choice":"Removed Attack","damage_taken":0,"max_hp_gain":0,"max_hp_loss":0,"event_name":"Falling","floor":36,"gold_loss":0},{"damage_healed":0,"gold_gain":0,"player_choice":"Memory 3","damage_taken":10,"max_hp_gain":0,"max_hp_loss":0,"event_name":"SensoryStone","floor":37,"gold_loss":0},{"damage_healed":0,"gold_gain":0,"player_choice":"Paid","damage_taken":0,"relics_obtained":["Red Mask"],"max_hp_gain":0,"max_hp_loss":0,"event_name":"Tomb of Lord Red Mask","floor":45,"gold_loss":243},{"damage_healed":66,"gold_gain":0,"player_choice":"Heal","damage_taken":0,"max_hp_gain":0,"max_hp_loss":9,"event_name":"The Moai Head","floor":46,"gold_loss":0}],"is_beta":false,"boss_relics":[{"not_picked":["Snecko Eye","Eternal Feather"],"picked":"WristBlade"},{"not_picked":["Coffee Dripper","Philosopher\u0027s Stone"],"picked":"Tiny House"}],"items_purged_floors":[],"is_endless":false,"potions_floor_spawned":[1,3,6,10,27,31,33,35,42,48],"ascension_level":13}