{"gold_per_floor":[110,110,51,126,139,139,178,178,178,198,198,212,243,243,243,336,336,355,104,1,19,19],"floor_reached":22,"playtime":538,"items_purged":["Doubt"],"score":434,"play_id":"4d5834be-9ef3-43ca-967a-0191f90883a4","local_time":"20190423170040","is_ascension_mode":true,"campfire_choices":[{"data":"Gash","floor":6,"key":"SMITH"},{"data":"Rip and Tear","floor":8,"key":"SMITH"},{"data":"Beam Cell","floor":11,"key":"SMITH"},{"floor":15,"key":"REST"}],"neow_cost":"NONE","seed_source_timestamp":11635611301214,"circlet_count":0,"master_deck":["AscendersBane","Strike_B","Strike_B","Strike_B","Strike_B","Defend_B","Defend_B","Defend_B","Defend_B","Zap","Dualcast","Steam","Injury","Gash+1","Beam Cell+1","Rip and Tear+1","Tempest","Thunder Strike","Injury","Parasite","Finesse"],"relics":["Cracked Core","NeowsBlessing","Golden Idol","Pantograph","Blue Candle","Bag of Marbles","Calling Bell","Anchor","Gremlin Horn","Torii","Bag of Preparation"],"potions_floor_usage":[13,18,21],"damage_taken":[{"damage":0,"enemies":"Jaw Worm","floor":1,"turns":1},{"damage":0,"enemies":"Small Slimes","floor":5,"turns":1},{"damage":0,"enemies":"Lagavulin","floor":7,"turns":1},{"damage":3,"enemies":"2 Louse","floor":10,"turns":3},{"damage":5,"enemies":"Red Slaver","floor":12,"turns":2},{"damage":24,"enemies":"3 Sentries","floor":13,"turns":4},{"damage":51,"enemies":"Slime Boss","floor":16,"turns":10},{"damage":25,"enemies":"3 Byrds","floor":18,"turns":5},{"damage":19,"enemies":"Chosen","floor":21,"turns":5},{"damage":31,"enemies":"Shelled Parasite and Fungi","floor":22,"turns":2}],"seed_played":"4247666344978274497","potions_obtained":[{"floor":1,"key":"FearPotion"},{"floor":12,"key":"Energy Potion"},{"floor":13,"key":"EssenceOfSteel"},{"floor":18,"key":"Poison Potion"},{"floor":21,"key":"FearPotion"}],"is_trial":false,"path_per_floor":["M","?","$","?","M","R","E","R","T","M","R","M","E","?","R","B",null,"M","$","?","M","M"],"character_chosen":"DEFECT","items_purchased":["Gash","Regen Potion","Finesse"],"campfire_rested":1,"item_purchase_floors":[3,19,19],"current_hp_per_floor":[64,64,64,53,53,53,53,53,53,50,50,45,21,21,42,16,57,32,32,32,25,0],"gold":19,"neow_bonus":"THREE_ENEMY_KILL","is_prod":false,"is_daily":false,"chose_seed":false,"campfire_upgraded":3,"win_rate":0,"timestamp":1556053240,"path_taken":["M","?","$","?","M","R","E","R","T","M","R","M","E","?","R","BOSS","M","$","?","?","?"],"build_version":"2019-01-23","purchased_purges":1,"victory":false,"max_hp_per_floor":[71,71,71,71,71,71,71,71,71,71,71,71,71,71,71,71,71,71,71,71,71,71],"card_choices":[{"not_picked":["Aggregate","Undo"],"picked":"Steam","floor":1},{"not_picked":["Chill","Capacitor"],"picked":"Beam Cell","floor":5},{"not_picked":["Go for the Eyes","Barrage"],"picked":"Rip and Tear","floor":7},{"not_picked":["Go for the Eyes","Blizzard","Leap"],"picked":"SKIP","floor":10},{"not_picked":["Genetic Algorithm","Loop"],"picked":"Tempest","floor":12},{"not_picked":["Redo","Fusion","Conserve Battery"],"picked":"SKIP","floor":13},{"not_picked":["Buffer","Reboot"],"picked":"Thunder Strike","floor":16},{"not_picked":["Steam","Force Field","Reinforced Body"],"picked":"SKIP","floor":18},{"not_picked":["Turbo","Lockon","Barrage"],"picked":"SKIP","floor":21}],"player_experience":925803,"relics_obtained":[{"floor":7,"key":"Pantograph"},{"floor":9,"key":"Blue Candle"},{"floor":13,"key":"Bag of Marbles"},{"floor":17,"key":"Anchor"},{"floor":17,"key":"Gremlin Horn"},{"floor":17,"key":"Torii"}],"event_choices":[{"damage_healed":0,"gold_gain":0,"player_choice":"Take Wound","damage_taken":0,"relics_obtained":["Golden Idol"],"max_hp_gain":0,"max_hp_loss":0,"event_name":"Golden Idol","floor":2,"gold_loss":0,"cards_obtained":["Injury"]},{"damage_healed":0,"gold_gain":75,"player_choice":"Gather Gold","damage_taken":11,"max_hp_gain":0,"max_hp_loss":0,"event_name":"World of Goop","floor":4,"gold_loss":0},{"damage_healed":0,"gold_gain":0,"player_choice":"Ignored","damage_taken":0,"max_hp_gain":0,"max_hp_loss":0,"event_name":"Shining Light","floor":14,"gold_loss":0},{"damage_healed":0,"gold_gain":0,"player_choice":"Paid Gold","damage_taken":0,"relics_obtained":["Bag of Preparation"],"max_hp_gain":0,"max_hp_loss":0,"event_name":"WeMeetAgain","floor":20,"gold_loss":103}],"is_beta":false,"boss_relics":[{"not_picked":["Tiny House","Eternal Feather"],"picked":"Calling Bell"}],"items_purged_floors":[19],"is_endless":false,"potions_floor_spawned":[1,12,13,18,21],"killed_by":"Shelled Parasite and Fungi","ascension_level":20}