{"gold_per_floor":[13,27,41,41,41,73,73,91,91,91,102,132,148,73,73,148,148,160,75,75,47,0,0,0],"floor_reached":24,"playtime":570,"items_purged":[],"score":492,"play_id":"02cc22ee-c9cb-4d0c-a53d-2d36ea5c51e3","local_time":"20190405204802","is_ascension_mode":true,"campfire_choices":[{"data":"Coolheaded","floor":7.0,"key":"SMITH"},{"data":"Zap","floor":10.0,"key":"SMITH"},{"data":"Chaos","floor":15.0,"key":"SMITH"},{"data":"Turbo","floor":23.0,"key":"SMITH"}],"neow_cost":"NO_GOLD","seed_source_timestamp":0,"circlet_count":0,"master_deck":["AscendersBane","Strike_B","Strike_B","Strike_B","Strike_B","Defend_B","Defend_B","Defend_B","Defend_B","Zap+1","Dualcast","Electrodynamics","Doom and Gloom","Coolheaded+1","Conserve Battery","Go for the Eyes","Compile Driver","Turbo+1","Capacitor","Chaos+1","Biased Cognition","Capacitor","Ghostly","Ghostly","Ghostly","Coolheaded+1"],"special_seed":0,"relics":["Cracked Core","Regal Pillow","Sundial","Blood Vial","Calipers","Coffee Dripper","Ice Cream"],"potions_floor_usage":[24],"damage_taken":[{"damage":0.0,"enemies":"Jaw Worm","floor":1.0,"turns":3.0},{"damage":0.0,"enemies":"Cultist","floor":2.0,"turns":3.0},{"damage":7.0,"enemies":"Small Slimes","floor":3.0,"turns":3.0},{"damage":6.0,"enemies":"Lagavulin","floor":6.0,"turns":7.0},{"damage":10.0,"enemies":"Exordium Thugs","floor":8.0,"turns":3.0},{"damage":0.0,"enemies":"Exordium Wildlife","floor":11.0,"turns":2.0},{"damage":10.0,"enemies":"3 Louse","floor":13.0,"turns":2.0},{"damage":0.0,"enemies":"Slime Boss","floor":16.0,"turns":5.0},{"damage":17.0,"enemies":"Shell Parasite","floor":18.0,"turns":5.0},{"damage":22.0,"enemies":"2 Thieves","floor":21.0,"turns":5.0},{"damage":0,"enemies":"Gremlin Leader","floor":24,"turns":2}],"seed_played":"8032568212113965186","potions_obtained":[{"floor":1.0,"key":"Explosive Potion"},{"floor":3.0,"key":"SpeedPotion"},{"floor":11.0,"key":"Fire Potion"},{"floor":13.0,"key":"Strength Potion"}],"is_trial":false,"path_per_floor":["M","M","M","?","T","E","R","M","T","R","M","?","M","$","R","B",null,"M","?","?","M","?","R","E"],"character_chosen":"DEFECT","items_purchased":["Chaos"],"campfire_rested":0,"item_purchase_floors":[14],"current_hp_per_floor":[64,64,57,46,46,40,40,32,32,32,34,34,26,26,26,28,60,45,45,35,13,13,13,15],"gold":0,"neow_bonus":"THREE_RARE_CARDS","is_prod":false,"is_daily":false,"chose_seed":true,"campfire_upgraded":4,"win_rate":0,"timestamp":1554468482,"path_taken":["M","M","M","?","?","E","R","?","T","R","?","?","M","?","R","BOSS","M","?","?","M","?","R","E"],"build_version":"2019-01-23","purchased_purges":0,"victory":false,"max_hp_per_floor":[71,71,71,71,71,71,71,71,71,71,71,71,71,71,71,71,71,71,71,35,35,35,35,35],"card_choices":[{"not_picked":["Meteor Strike","Echo Form"],"picked":"Electrodynamics","floor":0.0},{"not_picked":["Steam Power","Go for the Eyes"],"picked":"Doom and Gloom","floor":1.0},{"not_picked":["Beam Cell","Lockon"],"picked":"Coolheaded","floor":2.0},{"not_picked":["Steam","Hello World"],"picked":"Conserve Battery","floor":3.0},{"not_picked":["Barrage","Storm"],"picked":"Go for the Eyes","floor":6.0},{"not_picked":["Reinforced Body","Stack"],"picked":"Compile Driver","floor":8.0},{"not_picked":["Reinforced Body","Go for the Eyes"],"picked":"Turbo","floor":11.0},{"not_picked":["Streamline","Multi-Cast"],"picked":"Capacitor","floor":13.0},{"not_picked":["Fission","Meteor Strike"],"picked":"Biased Cognition","floor":16.0},{"not_picked":["Redo","Capacitor","Compile Driver"],"picked":"SKIP","floor":18.0},{"not_picked":["Redo","Compile Driver"],"picked":"Capacitor","floor":18.0},{"not_picked":["Stack+1","Sweeping Beam"],"picked":"Coolheaded+1","floor":21.0}],"player_experience":1334517,"relics_obtained":[{"floor":5.0,"key":"Sundial"},{"floor":6.0,"key":"Blood Vial"},{"floor":9.0,"key":"Calipers"}],"event_choices":[{"damage_healed":0.0,"max_hp_gain":0.0,"max_hp_loss":0.0,"gold_gain":0.0,"event_name":"Scrap Ooze","player_choice":"Success","floor":4.0,"gold_loss":0.0,"damage_taken":11.0,"relics_obtained":["Regal Pillow"]},{"damage_healed":0.0,"max_hp_gain":0.0,"max_hp_loss":0.0,"gold_gain":30.0,"event_name":"Dead Adventurer","player_choice":"Searched \u00271\u0027 times","floor":12.0,"gold_loss":0.0,"damage_taken":0.0},{"damage_healed":0.0,"max_hp_gain":0.0,"max_hp_loss":0.0,"gold_gain":0.0,"event_name":"Addict","player_choice":"Obtained Relic","floor":19.0,"gold_loss":85.0,"damage_taken":0.0,"relics_obtained":["Ice Cream"]},{"damage_healed":0.0,"max_hp_gain":0.0,"max_hp_loss":36.0,"gold_gain":0.0,"event_name":"Ghosts","player_choice":"Became a Ghost","floor":20.0,"gold_loss":0.0,"damage_taken":0.0,"cards_obtained":["Ghostly","Ghostly","Ghostly"]},{"damage_healed":0.0,"max_hp_gain":0.0,"max_hp_loss":0.0,"gold_gain":0.0,"event_name":"Masked Bandits","player_choice":"Paid Fearfully","floor":22.0,"gold_loss":47.0,"damage_taken":0.0}],"is_beta":false,"boss_relics":[{"not_picked":["FrozenCore","Velvet Choker"],"picked":"Coffee Dripper"}],"items_purged_floors":[],"is_endless":false,"potions_floor_spawned":[1,3,11,13],"killed_by":"Gremlin Leader","ascension_level":20}