{"gold_per_floor":[118,132,149,101,25,25,37,99,99,99,111,128,156,174,174,270,270,284,384,153,173,173,173,201,201,280,280,298,309,336,356,356,460,490,507,507,517,5,17,17,29,49,97,97,115,115,126,51,51,51],"floor_reached":50,"playtime":5257,"items_purged":["Defend_R"],"score":563,"play_id":"1f41d703-7f26-4580-8423-e59d3789a708","local_time":"20180719164307","is_ascension_mode":false,"campfire_choices":[{"data":"Spot Weakness","floor":6,"key":"SMITH"},{"floor":15,"key":"REST"},{"floor":23,"key":"REST"},{"floor":25,"key":"REST"},{"floor":27,"key":"REST"},{"floor":32,"key":"REST"},{"floor":40,"key":"REST"},{"floor":44,"key":"REST"},{"floor":49,"key":"REST"}],"neow_cost":"NONE","seed_source_timestamp":508315572426018,"circlet_count":0,"master_deck":["Strike_R","Strike_R","Strike_R","Strike_R","Strike_R","Defend_R","Defend_R","Defend_R+1","Bash","Spot Weakness+1","Ghostly Armor","Spot Weakness","Flex","Spot Weakness","Iron Wave","Cleave","Wild Strike","Rampage","Bludgeon","Impervious","Whirlwind","Inflame","Twin Strike+1","Inflame+1","Iron Wave+1","Headbutt+1","Clothesline","Heavy Blade","Limit Break","Shrug It Off","Metallicize+1","Armaments+1","Sadistic Nature","Blood for Blood+1","Iron Wave","Thunderclap+1","Pommel Strike","Rampage"],"relics":["Burning Blood","Ice Cream","Shuriken","Lantern","White Beast Statue","Happy Flower","Red Skull","Kunai","Pen Nib","Tiny House","Self Forming Clay","Centennial Puzzle","Pear"],"potions_floor_usage":[7,8,16,18,21,24,28,29,30,31,33,37,39,39,41,42,45,50,50,50],"damage_taken":[{"damage":2,"enemies":"Cultist","floor":1,"turns":4},{"damage":0,"enemies":"Jaw Worm","floor":2,"turns":3},{"damage":3,"enemies":"2 Louse","floor":3,"turns":3},{"damage":12,"enemies":"Lots of Slimes","floor":7,"turns":4},{"damage":30,"enemies":"Gremlin Nob","floor":8,"turns":5},{"damage":4,"enemies":"Exordium Wildlife","floor":11,"turns":3},{"damage":4,"enemies":"2 Fungi Beasts","floor":12,"turns":2},{"damage":20,"enemies":"Lagavulin","floor":13,"turns":7},{"damage":9,"enemies":"Blue Slaver","floor":14,"turns":3},{"damage":59,"enemies":"Hexaghost","floor":16,"turns":8},{"damage":27,"enemies":"Spheric Guardian","floor":18,"turns":4},{"damage":28,"enemies":"3 Byrds","floor":21,"turns":5},{"damage":37,"enemies":"Book of Stabbing","floor":24,"turns":5},{"damage":32,"enemies":"Slaver and Parasite","floor":28,"turns":5},{"damage":13,"enemies":"3 Cultists","floor":29,"turns":5},{"damage":40,"enemies":"Slavers","floor":30,"turns":5},{"damage":6,"enemies":"Snecko","floor":31,"turns":4},{"damage":25,"enemies":"Collector","floor":33,"turns":5},{"damage":1,"enemies":"3 Shapes","floor":35,"turns":5},{"damage":22,"enemies":"Flame Bruiser 1 Orb","floor":37,"turns":5},{"damage":42,"enemies":"Sphere and 2 Shapes","floor":39,"turns":8},{"damage":30,"enemies":"4 Shapes","floor":41,"turns":8},{"damage":35,"enemies":"3 Darklings","floor":42,"turns":6},{"damage":7,"enemies":"Flame Bruiser 2 Orb","floor":45,"turns":4},{"damage":23,"enemies":"Transient","floor":47,"turns":5},{"damage":84,"enemies":"Awakened One","floor":50,"turns":5}],"seed_played":"-6968140319018118621","potions_obtained":[{"floor":1,"key":"Fire Potion"},{"floor":3,"key":"Poison Potion"},{"floor":13,"key":"Explosive Potion"},{"floor":16,"key":"AttackPotion"},{"floor":18,"key":"Block Potion"},{"floor":21,"key":"FearPotion"},{"floor":24,"key":"Explosive Potion"},{"floor":28,"key":"Block Potion"},{"floor":29,"key":"Regen Potion"},{"floor":30,"key":"PowerPotion"},{"floor":31,"key":"Energy Potion"},{"floor":33,"key":"SteroidPotion"},{"floor":34,"key":"SkillPotion"},{"floor":35,"key":"Regen Potion"},{"floor":37,"key":"Strength Potion"},{"floor":39,"key":"AttackPotion"},{"floor":41,"key":"Ancient Potion"},{"floor":42,"key":"Explosive Potion"},{"floor":45,"key":"Ancient Potion"},{"floor":47,"key":"EssenceOfSteel"}],"is_trial":false,"path_per_floor":["M","M","M","$","$","R","M","?","T","?","M","M","E","M","R","B",null,"M","?","$","M","$","R","E","R","T","R","M","M","E","M","R","B",null,"M","?","M","$","M","R","M","M","T","R","M","T","M","$","R"],"character_chosen":"IRONCLAD","items_purchased":["Flex","Spot Weakness","Inflame","Happy Flower","Self Forming Clay","Sadistic Nature","LiquidBronze"],"campfire_rested":8,"item_purchase_floors":[4,5,20,20,38,38,48],"current_hp_per_floor":[80,80,80,80,80,80,74,50,50,50,52,54,40,37,61,8,80,59,59,59,37,37,61,30,54,54,78,52,45,25,25,49,30,85,85,85,81,81,45,70,46,35,35,60,59,69,52,52,80,0],"gold":51,"neow_bonus":"UPGRADE_CARD","is_prod":false,"is_daily":false,"chose_seed":false,"campfire_upgraded":1,"win_rate":0.0,"timestamp":1532011387,"path_taken":["M","M","M","?","$","R","M","?","T","?","M","M","E","M","R","BOSS","M","?","$","M","$","R","E","R","T","R","M","M","E","M","R","BOSS","M","?","?","$","M","R","M","M","T","R","?","?","?","?","R","BOSS"],"build_version":"2018-07-12","purchased_purges":1,"victory":false,"max_hp_per_floor":[80,80,80,80,80,80,80,80,80,80,80,80,80,80,80,80,80,80,80,80,80,80,80,80,80,80,80,80,80,80,80,80,80,85,85,85,85,85,85,85,85,85,85,85,85,95,95,95,95,95],"card_choices":[{"not_picked":["Headbutt","Sever Soul"],"picked":"Spot Weakness","floor":1},{"not_picked":["Twin Strike","Clothesline"],"picked":"Ghostly Armor","floor":2},{"not_picked":["Entrench","Flame Barrier"],"picked":"Spot Weakness","floor":3},{"not_picked":["Spot Weakness","Body Slam"],"picked":"Iron Wave","floor":7},{"not_picked":["Perfected Strike","Iron Wave"],"picked":"Cleave","floor":8},{"not_picked":["Corruption","Perfected Strike"],"picked":"Wild Strike","floor":11},{"not_picked":["Fire Breathing","Flex"],"picked":"Rampage","floor":12},{"not_picked":["Corruption","Anger"],"picked":"Bludgeon","floor":13},{"not_picked":["Pummel","Perfected Strike"],"picked":"Spot Weakness","floor":14},{"not_picked":["Offering","Dark Embrace"],"picked":"Impervious","floor":16},{"not_picked":["Body Slam+1","Pommel Strike"],"picked":"Whirlwind","floor":18},{"not_picked":["Warcry","Sword Boomerang+1"],"picked":"Twin Strike+1","floor":21},{"not_picked":["Clash","Bludgeon"],"picked":"Inflame+1","floor":24},{"not_picked":["Twin Strike","Perfected Strike"],"picked":"Iron Wave+1","floor":28},{"not_picked":["Sword Boomerang+1","Cleave+1"],"picked":"Headbutt","floor":29},{"not_picked":["Entrench","Armaments"],"picked":"Clothesline","floor":30},{"not_picked":["Wild Strike","Perfected Strike"],"picked":"Heavy Blade","floor":31},{"not_picked":["Dark Embrace","Offering"],"picked":"Limit Break","floor":33},{"not_picked":["Power Through","Clash+1"],"picked":"Shrug It Off","floor":34},{"not_picked":["Sword Boomerang","Shrug It Off"],"picked":"Metallicize+1","floor":35},{"not_picked":["Headbutt","Shockwave+1"],"picked":"Armaments+1","floor":37},{"not_picked":["Clash","Perfected Strike+1"],"picked":"Blood for Blood+1","floor":39},{"not_picked":["Perfected Strike","Carnage"],"picked":"Iron Wave","floor":41},{"not_picked":["Armaments+1","Pummel"],"picked":"Thunderclap+1","floor":42},{"not_picked":["Thunderclap","Pummel+1"],"picked":"Pommel Strike","floor":45},{"not_picked":["Blood for Blood","Cleave"],"picked":"Rampage","floor":47}],"player_experience":91783,"relics_obtained":[{"floor":8,"key":"Ice Cream"},{"floor":9,"key":"Shuriken"},{"floor":13,"key":"Lantern"},{"floor":24,"key":"Red Skull"},{"floor":26,"key":"Kunai"},{"floor":30,"key":"Pen Nib"},{"floor":43,"key":"Centennial Puzzle"},{"floor":46,"key":"Pear"}],"event_choices":[{"event_name":"Dead Adventurer","player_choice":"Searched \u00272\u0027 times","floor":8,"damage_taken":0},{"event_name":"Golden Wing","player_choice":"Ignored","floor":10,"damage_taken":0},{"event_name":"Golden Shrine","player_choice":"Pray","floor":19,"damage_taken":0},{"event_name":"Falling","player_choice":"Removed Skill","floor":36,"damage_taken":0}],"boss_relics":[{"not_picked":["Eternal Feather","Runic Pyramid"],"picked":"White Beast Statue"},{"not_picked":["Snecko Eye","Astrolabe"],"picked":"Tiny House"}],"items_purged_floors":[38],"is_endless":false,"potions_floor_spawned":[1,3,13,16,18,21,24,28,29,30,31,33,35,37,39,41,42,45,47],"killed_by":"Awakened One","ascension_level":0}