{"gold_per_floor":[110,185,185,110,123,123,123,140,140,159,194,220,233,133,133,234,234,248,248,123,48,60,60,91,91,91,91,103,103,103,103,103,205,205,224,224,275,228,245,245,257,289,289,139,164,164,182,194,194,194],"floor_reached":51,"playtime":1895,"items_purged":["Defend_R","Strike_R","Strike_R","Defend_R+1"],"score":921,"play_id":"b095efc8-22c9-44f4-af52-0dc13e742b97","local_time":"20180718234219","is_ascension_mode":false,"campfire_choices":[{"data":"Body Slam","floor":6,"key":"SMITH"},{"floor":15,"key":"REST"},{"data":"Defend_R","floor":23,"key":"SMITH"},{"data":"1","floor":25,"key":"LIFT"},{"data":"Defend_R","floor":27,"key":"SMITH"},{"data":"2","floor":32,"key":"LIFT"},{"data":"Shrug It Off","floor":40,"key":"SMITH"},{"data":"3","floor":49,"key":"LIFT"}],"neow_cost":"NONE","seed_source_timestamp":309330295676960,"circlet_count":0,"master_deck":["Defend_R+1","Defend_R+1","Bash+1","Body Slam+1","Battle Trance","Offering","Shrug It Off+1"],"relics":["Empty Cage","Girya","Vajra","Bag of Preparation","Coffee Dripper","Mummified Hand","Mercury Hourglass","Enchiridion","Black Star","Torii","Anchor","Strawberry","Art of War","Regal Pillow","Bronze Scales"],"potions_floor_usage":[11,22,24,33,33,50,50,50,50],"damage_taken":[{"damage":11,"enemies":"Jaw Worm","floor":1,"turns":2},{"damage":13,"enemies":"2 Louse","floor":5,"turns":2},{"damage":1,"enemies":"Cultist","floor":8,"turns":3},{"damage":5,"enemies":"Looter","floor":10,"turns":2},{"damage":14,"enemies":"Gremlin Nob","floor":11,"turns":4},{"damage":0,"enemies":"3 Louse","floor":13,"turns":3},{"damage":15,"enemies":"The Guardian","floor":16,"turns":12},{"damage":4,"enemies":"Chosen","floor":18,"turns":3},{"damage":4,"enemies":"Spheric Guardian","floor":22,"turns":3},{"damage":4,"enemies":"Slavers","floor":24,"turns":5},{"damage":4,"enemies":"Snake Plant","floor":28,"turns":2},{"damage":33,"enemies":"Automaton","floor":33,"turns":10},{"damage":4,"enemies":"3 Shapes","floor":35,"turns":2},{"damage":4,"floor":37,"turns":3},{"damage":4,"enemies":"Orb Walker","floor":39,"turns":1},{"damage":4,"enemies":"Transient","floor":41,"turns":5},{"damage":12,"enemies":"Giant Head","floor":42,"turns":7},{"damage":4,"enemies":"Nemesis","floor":45,"turns":1},{"damage":4,"enemies":"Sphere and 2 Shapes","floor":47,"turns":1},{"damage":4,"enemies":"Spire Growth","floor":48,"turns":1},{"damage":34,"enemies":"Awakened One","floor":50,"turns":11}],"seed_played":"6416653448993563002","potions_obtained":[{"floor":1,"key":"PowerPotion"},{"floor":8,"key":"Explosive Potion"},{"floor":11,"key":"Explosive Potion"},{"floor":16,"key":"Block Potion"},{"floor":24,"key":"PowerPotion"},{"floor":28,"key":"SpeedPotion"},{"floor":33,"key":"Block Potion"},{"floor":37,"key":"EssenceOfSteel"},{"floor":48,"key":"EntropicBrew"}],"is_trial":false,"path_per_floor":["M","?","?","$","M","R","?","M","T","M","E","T","M","$","R","B",null,"M","?","$","?","M","R","E","R","T","R","M","?","$","?","R","B",null,"M","?","?","$","M","R","M","E","T","$","E","?","M","M","R","B"],"character_chosen":"IRONCLAD","items_purchased":["Shrug It Off"],"campfire_rested":1,"item_purchase_floors":[38],"current_hp_per_floor":[69,58,63,63,50,50,33,32,32,27,13,13,13,13,38,23,85,81,81,81,81,77,77,73,73,73,73,69,53,53,53,53,20,85,84,84,83,83,79,79,75,70,70,70,66,66,62,58,58,39],"gold":194,"neow_bonus":"BOSS_RELIC","is_prod":false,"is_daily":false,"chose_seed":false,"campfire_upgraded":4,"win_rate":0,"timestamp":1531928539,"path_taken":["M","?","?","$","M","R","?","M","T","M","E","?","M","$","R","BOSS","M","?","$","?","M","R","E","R","T","R","?","?","?","?","R","BOSS","M","?","?","$","M","R","M","E","T","$","E","?","M","?","R","BOSS"],"build_version":"2018-07-12","purchased_purges":4,"victory":true,"max_hp_per_floor":[80,80,85,85,85,85,85,85,85,85,85,85,85,85,85,85,85,85,85,85,85,85,85,85,85,85,85,85,85,85,85,85,85,85,88,88,91,91,91,91,91,98,98,98,98,98,98,98,98,98],"card_choices":[{"not_picked":["Fire Breathing","Wild Strike","Clash"],"picked":"SKIP","floor":1},{"not_picked":["Warcry","Inflame"],"picked":"Body Slam","floor":5},{"not_picked":["Uppercut","Twin Strike","Havoc"],"picked":"SKIP","floor":8},{"not_picked":["Heavy Blade","Headbutt"],"picked":"Battle Trance","floor":10},{"not_picked":["Wild Strike","Cleave","Clothesline"],"picked":"SKIP","floor":11},{"not_picked":["Metallicize","Iron Wave","Thunderclap"],"picked":"SKIP","floor":13},{"not_picked":["Demon Form","Berserk"],"picked":"Offering","floor":16},{"not_picked":["Intimidate+1","True Grit"],"picked":"Warcry","floor":18},{"not_picked":["Feel No Pain","Ghostly Armor+1","Rampage+1"],"picked":"SKIP","floor":22},{"not_picked":["Ghostly Armor","Iron Wave","Flex+1"],"picked":"SKIP","floor":24},{"not_picked":["Carnage","Iron Wave","Perfected Strike"],"picked":"SKIP","floor":28},{"not_picked":["Dark Embrace","Double Tap"],"picked":"Feed","floor":33},{"not_picked":["Wild Strike+1","Rage","Headbutt+1"],"picked":"SKIP","floor":35},{"not_picked":["Armaments","Shockwave+1","Havoc+1"],"picked":"SKIP","floor":39},{"not_picked":["Thunderclap+1","Carnage+1","Havoc+1"],"picked":"SKIP","floor":41},{"not_picked":["Corruption+1","Clothesline+1","Exhume"],"picked":"SKIP","floor":42},{"not_picked":["Clash","Headbutt","Pommel Strike"],"picked":"SKIP","floor":45},{"not_picked":["Pummel+1","Clothesline","Body Slam"],"picked":"SKIP","floor":47},{"not_picked":["Perfected Strike","Burning Pact+1","Rage+1"],"picked":"SKIP","floor":48}],"player_experience":304556,"relics_obtained":[{"floor":9,"key":"Girya"},{"floor":11,"key":"Vajra"},{"floor":12,"key":"Bag of Preparation"},{"floor":24,"key":"Mummified Hand"},{"floor":26,"key":"Mercury Hourglass"},{"floor":29,"key":"Enchiridion"},{"floor":37,"key":"Torii"},{"floor":42,"key":"Anchor"},{"floor":42,"key":"Strawberry"},{"floor":43,"key":"Art of War"},{"floor":45,"key":"Regal Pillow"},{"floor":45,"key":"Bronze Scales"}],"event_choices":[{"event_name":"World of Goop","player_choice":"Gather Gold","floor":2,"damage_taken":0},{"event_name":"Big Fish","player_choice":"Donut","floor":3,"damage_taken":0},{"event_name":"Shining Light","player_choice":"Entered Light","floor":7,"damage_taken":0},{"event_name":"Bonfire Elementals","player_choice":"BASIC","floor":19,"damage_taken":0},{"event_name":"Beggar","player_choice":"Gave Gold","floor":21,"damage_taken":0},{"event_name":"Cursed Tome","player_choice":"Obtained Book","floor":29,"damage_taken":0},{"event_name":"Drug Dealer","player_choice":"Ignored","floor":31,"damage_taken":0},{"event_name":"SensoryStone","player_choice":"Memory 1","floor":36,"damage_taken":0},{"event_name":"Mysterious Sphere","player_choice":"Fight","floor":37,"damage_taken":0},{"event_name":"Falling","player_choice":"Removed Attack","floor":46,"damage_taken":0}],"boss_relics":[{"not_picked":["Velvet Choker","Pandora\u0027s Box"],"picked":"Coffee Dripper"},{"not_picked":["Astrolabe","Philosopher\u0027s Stone"],"picked":"Black Star"}],"items_purged_floors":[4,14,20,44],"is_endless":false,"potions_floor_spawned":[1,8,11,16,24,28,33,37,47,48],"ascension_level":0}