{"gold_per_floor":[116,126,143,158,177,177,204,204,204,236,248,280,300,318,318,417,417,436,447,462,171,171,206,206,206],"floor_reached":25,"playtime":2226,"items_purged":["Strike_R"],"score":259,"play_id":"10029200-3f64-484a-86b0-f68a59d4c181","local_time":"20190421114926","is_ascension_mode":true,"campfire_choices":[{"floor":6,"key":"RECALL"},{"data":"Whirlwind","floor":8,"key":"SMITH"},{"data":"Bash","floor":15,"key":"SMITH"},{"data":"Rage","floor":24,"key":"SMITH"}],"neow_cost":"NONE","seed_source_timestamp":917902588300,"circlet_count":0,"master_deck":["Strike_R","Strike_R","Strike_R","Strike_R","Defend_R","Defend_R","Defend_R","Defend_R","Bash+1","Panacea","Ghostly Armor","Whirlwind+1","Headbutt","Dropkick","Juggernaut","Feed","Anger+1","Cleave+1","Bludgeon+1","Whirlwind+1","Pommel Strike+1","Immolate+1","Metallicize+1","Rage+1","Spot Weakness+1","Rage","Anger+1","Rage"],"relics":["Black Blood","Molten Egg 2","Ornamental Fan","Pen Nib","Nloth\u0027s Gift","Peace Pipe"],"potions_floor_usage":[7,12,16,16,18,19,23,23],"damage_taken":[{"damage":7,"enemies":"Cultist","floor":1,"turns":5},{"damage":8,"enemies":"2 Louse","floor":2,"turns":3},{"damage":3,"enemies":"Jaw Worm","floor":3,"turns":4},{"damage":6,"enemies":"2 Fungi Beasts","floor":4,"turns":3},{"damage":0,"enemies":"3 Louse","floor":5,"turns":1},{"damage":17,"enemies":"3 Sentries","floor":7,"turns":4},{"damage":32,"enemies":"Lagavulin","floor":10,"turns":8},{"damage":0,"enemies":"Red Slaver","floor":11,"turns":3},{"damage":15,"enemies":"Gremlin Nob","floor":12,"turns":4},{"damage":6,"enemies":"2 Fungi Beasts","floor":13,"turns":2},{"damage":9,"enemies":"3 Louse","floor":14,"turns":2},{"damage":30,"enemies":"Hexaghost","floor":16,"turns":7},{"damage":19,"enemies":"Shell Parasite","floor":18,"turns":8},{"damage":0,"enemies":"3 Byrds","floor":19,"turns":2},{"damage":24,"enemies":"Snake Plant","floor":20,"turns":4},{"damage":32,"enemies":"Gremlin Leader","floor":23,"turns":5},{"damage":52,"enemies":"Book of Stabbing","floor":25,"turns":5}],"seed_played":"1431783948758838277","potions_obtained":[{"floor":2,"key":"Strength Potion"},{"floor":3,"key":"Strength Potion"},{"floor":5,"key":"GamblersBrew"},{"floor":11,"key":"Ancient Potion"},{"floor":13,"key":"FearPotion"},{"floor":18,"key":"Explosive Potion"}],"is_trial":false,"path_per_floor":["M","M","M","M","M","R","E","R","T","E","M","E","M","M","R","B",null,"M","M","M","$","?","E","R","E"],"character_chosen":"IRONCLAD","items_purchased":["Rage","Anger+1","Explosive Potion","PowerPotion"],"campfire_rested":0,"item_purchase_floors":[21,21,21,21],"current_hp_per_floor":[79,77,80,80,80,80,69,69,69,43,49,40,40,40,40,16,83,74,83,69,69,69,50,50,0],"gold":206,"neow_bonus":"RANDOM_COLORLESS","is_prod":false,"is_daily":false,"chose_seed":false,"campfire_upgraded":3,"win_rate":0,"timestamp":1555840166,"path_taken":["M","M","M","?","M","R","E","R","T","E","M","E","M","M","R","BOSS","M","M","M","$","?","E","R","E"],"build_version":"2019-01-23","purchased_purges":1,"victory":false,"max_hp_per_floor":[80,80,80,80,80,80,80,80,80,80,80,80,80,83,83,83,83,83,83,83,83,83,86,86,86],"card_choices":[{"not_picked":["Power Through","Perfected Strike"],"picked":"Ghostly Armor","floor":1},{"not_picked":["Sword Boomerang","Thunderclap"],"picked":"Whirlwind","floor":2},{"not_picked":["Twin Strike","Whirlwind"],"picked":"Headbutt","floor":3},{"not_picked":["Seeing Red","Body Slam"],"picked":"Dropkick","floor":4},{"not_picked":["Anger","Iron Wave"],"picked":"Juggernaut","floor":5},{"not_picked":["Fire Breathing","Intimidate"],"picked":"Feed","floor":7},{"not_picked":["Armaments","Reckless Charge+1"],"picked":"Anger+1","floor":10},{"not_picked":["Armaments","Clothesline+1"],"picked":"Cleave+1","floor":11},{"not_picked":["True Grit","Flame Barrier"],"picked":"Bludgeon+1","floor":12},{"not_picked":["Dual Wield","Spot Weakness"],"picked":"Whirlwind+1","floor":13},{"not_picked":["Armaments","Combust"],"picked":"Pommel Strike+1","floor":14},{"not_picked":["Juggernaut","Dark Embrace"],"picked":"Immolate+1","floor":16},{"not_picked":["Clothesline+1","Evolve"],"picked":"Metallicize+1","floor":18},{"not_picked":["Iron Wave+1","Feel No Pain"],"picked":"Rage","floor":19},{"not_picked":["Wild Strike+1","Perfected Strike+1"],"picked":"Spot Weakness+1","floor":20},{"not_picked":["Barricade","Heavy Blade+1"],"picked":"Rage","floor":23}],"player_experience":131308,"relics_obtained":[{"floor":7,"key":"Matryoshka"},{"floor":9,"key":"Molten Egg 2"},{"floor":10,"key":"Ornamental Fan"},{"floor":12,"key":"Pen Nib"},{"floor":23,"key":"Peace Pipe"}],"event_choices":[{"damage_healed":0,"gold_gain":0,"player_choice":"Traded Relic","damage_taken":0,"relics_obtained":["Nloth\u0027s Gift"],"max_hp_gain":0,"max_hp_loss":0,"event_name":"N\u0027loth","floor":22,"relics_lost":["Matryoshka"],"gold_loss":0}],"is_beta":false,"boss_relics":[{"not_picked":["Calling Bell","Fusion Hammer"],"picked":"Black Blood"}],"items_purged_floors":[21],"is_endless":false,"potions_floor_spawned":[2,3,5,11,13,18],"killed_by":"Book of Stabbing","ascension_level":1}