{"gold_per_floor":[18,35,35,0,0,0,33,33,33,33,47,66,76,93,93,165,165,179,198,198,211,166,166,185,185,185,201,218,229,42,59,59,131,131,146,165,165,12,12,12,29,0,82,82,82,113,127,144,144,144],"floor_reached":50,"playtime":2878,"items_purged":[],"score":923,"play_id":"2e525c29-c9a7-4238-8a68-60fbeace27ec","local_time":"20190507154537","is_ascension_mode":true,"campfire_choices":[{"data":"Riddle With Holes","floor":6,"key":"SMITH"},{"data":"Adrenaline","floor":8,"key":"SMITH"},{"floor":10,"key":"REST"},{"floor":15,"key":"REST"},{"data":"Phantasmal Killer","floor":23,"key":"SMITH"},{"data":"Neutralize","floor":25,"key":"SMITH"},{"data":"Riddle With Holes","floor":32,"key":"SMITH"},{"floor":40,"key":"REST"},{"floor":45,"key":"REST"},{"floor":49,"key":"REST"}],"neow_cost":"NO_GOLD","seed_source_timestamp":161775200582207,"circlet_count":0,"master_deck":["AscendersBane","Defend_G","Defend_G","Defend_G","Defend_G","Strike_G","Strike_G","Strike_G","Strike_G","Strike_G","Survivor","Neutralize+1","Riddle With Holes+1","Backflip","Adrenaline+1","Concentrate","PiercingWail","Quick Slash","Phantasmal Killer+1","Tools of the Trade","Flying Knee","Concentrate","Outmaneuver","Expertise","Acrobatics","Dagger Throw","Prepared","Underhanded Strike","Outmaneuver+1","Calculated Gamble","Riddle With Holes+1","Glass Knife","Eviscerate+1","Heel Hook+1","Jack Of All Trades","Flash of Steel","Madness","Madness","Madness","Dagger Spray","Adrenaline+1","Infinite Blades","Blade Dance","Dodge and Roll+1"],"relics":["Ring of the Serpent","Tingsha","Dodecahedron","FossilizedHelix","Ninja Scroll","Eternal Feather","Letter Opener","Vajra","Centennial Puzzle","Red Mask","Blue Candle","Ornamental Fan"],"potions_floor_usage":[16,18,29,33,33,46,46],"damage_taken":[{"damage":3,"enemies":"Small Slimes","floor":1,"turns":5},{"damage":3,"enemies":"Cultist","floor":2,"turns":4},{"damage":46,"enemies":"3 Sentries","floor":7,"turns":12},{"damage":0,"enemies":"Jaw Worm","floor":11,"turns":1},{"damage":0,"enemies":"2 Fungi Beasts","floor":12,"turns":4},{"damage":0,"enemies":"3 Louse","floor":13,"turns":2},{"damage":0,"enemies":"Lots of Slimes","floor":14,"turns":4},{"damage":13,"enemies":"Slime Boss","floor":16,"turns":6},{"damage":5,"enemies":"2 Thieves","floor":18,"turns":4},{"damage":0,"enemies":"Spheric Guardian","floor":19,"turns":3},{"damage":8,"enemies":"Chosen and Byrds","floor":21,"turns":6},{"damage":15,"enemies":"Shelled Parasite and Fungi","floor":24,"turns":4},{"damage":0,"enemies":"Snecko","floor":27,"turns":3},{"damage":0,"enemies":"3 Cultists","floor":28,"turns":4},{"damage":13,"enemies":"Snake Plant","floor":29,"turns":3},{"damage":7,"enemies":"Centurion and Healer","floor":31,"turns":3},{"damage":0,"enemies":"Collector","floor":33,"turns":5},{"damage":26,"enemies":"3 Shapes","floor":35,"turns":4},{"damage":0,"enemies":"Orb Walker","floor":36,"turns":2},{"damage":48,"enemies":"Transient","floor":41,"turns":5},{"damage":20,"enemies":"Giant Head","floor":46,"turns":6},{"damage":17,"enemies":"Sphere and 2 Shapes","floor":47,"turns":3},{"damage":14,"enemies":"Spire Growth","floor":48,"turns":3},{"damage":51,"enemies":"Donu and Deca","floor":50,"turns":3}],"seed_played":"-1250934152655801937","potions_obtained":[{"floor":1,"key":"Weak Potion"},{"floor":11,"key":"Energy Potion"},{"floor":12,"key":"Strength Potion"},{"floor":16,"key":"SneckoOil"},{"floor":19,"key":"Block Potion"},{"floor":21,"key":"Strength Potion"},{"floor":28,"key":"PowerPotion"},{"floor":31,"key":"Swift Potion"},{"floor":35,"key":"SmokeBomb"},{"floor":36,"key":"Block Potion"},{"floor":41,"key":"Strength Potion"}],"is_trial":false,"path_per_floor":["M","M","$","?","?","R","E","R","T","R","M","M","M","M","R","B",null,"M","M","?","M","$","R","M","R","T","M","M","M","$","M","R","B",null,"M","M","?","$","?","R","M","?","T","?","R","E","M","M","R","B"],"character_chosen":"THE_SILENT","items_purchased":["Acrobatics","Vajra","Calculated Gamble","Centennial Puzzle"],"campfire_rested":5,"item_purchase_floors":[22,30,30,38],"current_hp_per_floor":[56,53,53,66,66,66,20,20,20,39,39,39,39,39,58,45,61,56,56,56,48,48,63,48,63,63,63,63,50,50,43,61,61,65,39,39,29,29,21,61,13,13,13,13,56,36,19,5,48,0],"gold":144,"neow_bonus":"ONE_RARE_RELIC","is_prod":false,"is_daily":false,"chose_seed":false,"campfire_upgraded":5,"win_rate":0,"timestamp":1557269137,"path_taken":["M","M","$","?","?","R","E","R","T","R","?","M","M","M","R","BOSS","M","M","?","M","$","R","M","R","T","?","M","M","$","M","R","BOSS","M","M","?","$","?","R","M","?","T","?","R","E","?","M","R","BOSS"],"build_version":"2019-01-23","purchased_purges":0,"victory":false,"max_hp_per_floor":[66,66,66,66,66,66,66,66,66,66,66,66,66,66,66,66,66,66,66,66,66,66,66,66,66,66,66,66,66,66,66,66,66,66,66,66,66,66,66,66,66,66,66,66,66,66,66,66,66,66],"card_choices":[{"not_picked":["Poisoned Stab","Deflect"],"picked":"Riddle With Holes","floor":1},{"not_picked":["Endless Agony","Cloak And Dagger"],"picked":"Backflip","floor":2},{"not_picked":["Slice","Underhanded Strike"],"picked":"Adrenaline","floor":7},{"not_picked":["Bouncing Flask","Tactician"],"picked":"Concentrate","floor":11},{"not_picked":["Expertise","Blade Dance"],"picked":"PiercingWail","floor":12},{"not_picked":["Flying Knee","Deadly Poison"],"picked":"Quick Slash","floor":13},{"not_picked":["Quick Slash","Accuracy"],"picked":"Phantasmal Killer","floor":14},{"not_picked":["Envenom","Bullet Time"],"picked":"Tools of the Trade","floor":16},{"not_picked":["Setup","Slice"],"picked":"Flying Knee","floor":18},{"not_picked":["Dodge and Roll","Deflect"],"picked":"Concentrate","floor":19},{"not_picked":["Poisoned Stab+1","Slice"],"picked":"Expertise","floor":21},{"not_picked":["Poisoned Stab","Sucker Punch"],"picked":"Dagger Throw","floor":24},{"not_picked":["Infinite Blades","Bane"],"picked":"Prepared","floor":27},{"not_picked":["Corpse Explosion","Poisoned Stab"],"picked":"Underhanded Strike","floor":28},{"not_picked":["Dagger Spray+1","Heel Hook"],"picked":"Outmaneuver+1","floor":29},{"not_picked":["Concentrate","Deadly Poison"],"picked":"Riddle With Holes","floor":31},{"not_picked":["Doppelganger","Die Die Die"],"picked":"Glass Knife","floor":33},{"not_picked":["Blade Dance","Prepared"],"picked":"Eviscerate+1","floor":35},{"not_picked":["Setup+1","Sucker Punch+1"],"picked":"Heel Hook+1","floor":36},{"not_picked":["PanicButton","The Bomb"],"picked":"Jack Of All Trades","floor":37},{"not_picked":["Trip","Forethought"],"picked":"Flash of Steel","floor":37},{"not_picked":["Trip","The Bomb"],"picked":"Madness","floor":37},{"not_picked":["Expertise","Masterful Stab"],"picked":"Dagger Spray","floor":41},{"not_picked":["Wraith Form v2","Distraction"],"picked":"Infinite Blades","floor":46},{"not_picked":["Cloak And Dagger","Flechettes"],"picked":"Blade Dance","floor":47},{"not_picked":["Eviscerate","Slice"],"picked":"Dodge and Roll+1","floor":48}],"player_experience":607700,"relics_obtained":[{"floor":7,"key":"FossilizedHelix"},{"floor":9,"key":"Ninja Scroll"},{"floor":26,"key":"Letter Opener"},{"floor":43,"key":"Blue Candle"},{"floor":46,"key":"Ornamental Fan"}],"event_choices":[{"damage_healed":16,"gold_gain":0,"player_choice":"Healed","damage_taken":0,"max_hp_gain":0,"max_hp_loss":0,"event_name":"The Cleric","floor":4,"gold_loss":35},{"damage_healed":0,"gold_gain":0,"player_choice":"Gave Potion","damage_taken":0,"relics_obtained":["Dodecahedron"],"max_hp_gain":0,"max_hp_loss":0,"event_name":"WeMeetAgain","floor":5,"gold_loss":0},{"damage_healed":0,"gold_gain":0,"cards_transformed":["Defend_G"],"player_choice":"Transformed","damage_taken":0,"max_hp_gain":0,"max_hp_loss":0,"event_name":"Transmorgrifier","floor":20,"gold_loss":0,"cards_obtained":["Outmaneuver"]},{"damage_healed":0,"gold_gain":0,"player_choice":"Memory 3","damage_taken":10,"max_hp_gain":0,"max_hp_loss":0,"event_name":"SensoryStone","floor":37,"gold_loss":0},{"damage_healed":0,"gold_gain":0,"player_choice":"Embrace Madness","damage_taken":8,"max_hp_gain":0,"max_hp_loss":0,"event_name":"Winding Halls","floor":39,"gold_loss":0,"cards_obtained":["Madness","Madness"]},{"damage_healed":0,"gold_gain":0,"player_choice":"Paid","damage_taken":0,"relics_obtained":["Red Mask"],"max_hp_gain":0,"max_hp_loss":0,"event_name":"Tomb of Lord Red Mask","floor":42,"gold_loss":29},{"damage_healed":0,"gold_gain":0,"player_choice":"Copied","damage_taken":0,"max_hp_gain":0,"max_hp_loss":0,"event_name":"Duplicator","floor":44,"gold_loss":0,"cards_obtained":["Adrenaline"]}],"is_beta":false,"boss_relics":[{"not_picked":["Fusion Hammer","Coffee Dripper"],"picked":"Eternal Feather"},{"not_picked":["Runic Dome","Astrolabe"],"picked":"Ring of the Serpent"}],"items_purged_floors":[],"is_endless":false,"potions_floor_spawned":[1,11,12,14,16,19,21,28,31,35,36,41],"killed_by":"Donu and Deca","ascension_level":14}