{"gold_per_floor":[118,193,206,219,1,1,11,41,67,78,78,98,126,140,140,237,237,257,257,291,307,156,156,190,190,190,205,205,216,246,262,262,262],"floor_reached":33,"playtime":1435,"items_purged":["Strike_R","Strike_R"],"score":324,"play_id":"648c48fc-ffdf-44aa-8a8e-9f98670da9a4","local_time":"20190413224443","is_ascension_mode":false,"campfire_choices":[{"data":"True Grit","floor":6,"key":"SMITH"},{"data":"Uppercut","floor":15,"key":"SMITH"},{"floor":25,"key":"DIG"},{"data":"Juggernaut","floor":28,"key":"SMITH"},{"floor":32,"key":"DIG"}],"neow_cost":"NONE","seed_source_timestamp":223563203666300,"circlet_count":0,"master_deck":["Strike_R","Strike_R","Defend_R+1","Defend_R","Defend_R","Defend_R","Bash","Heavy Blade","Pummel","True Grit+1","Flame Barrier","Uppercut+1","Impervious+1","Juggernaut+1","Pummel","Armaments+1","Spot Weakness","Flex","Shrug It Off","Dark Embrace","Battle Trance"],"relics":["Burning Blood","NeowsBlessing","PreservedInsect","Lantern","Orichalcum","Oddly Smooth Stone","Sozu","MutagenicStrength","Red Mask","Shovel","Mango","War Paint","Dream Catcher","Turnip"],"potions_floor_usage":[8,13,16,24,29],"damage_taken":[{"damage":0,"enemies":"Jaw Worm","floor":1,"turns":1},{"damage":0,"enemies":"Small Slimes","floor":3,"turns":1},{"damage":0,"enemies":"Cultist","floor":4,"turns":1},{"damage":16,"enemies":"3 Louse","floor":7,"turns":6},{"damage":37,"enemies":"Lagavulin","floor":8,"turns":6},{"damage":11,"enemies":"Exordium Thugs","floor":10,"turns":6},{"damage":0,"enemies":"Looter","floor":12,"turns":3},{"damage":15,"enemies":"3 Sentries","floor":13,"turns":7},{"damage":1,"enemies":"2 Fungi Beasts","floor":14,"turns":5},{"damage":13,"enemies":"Hexaghost","floor":16,"turns":13},{"damage":12,"enemies":"2 Thieves","floor":18,"turns":4},{"damage":14,"enemies":"Masked Bandits","floor":20,"turns":5},{"damage":2,"enemies":"Shell Parasite","floor":21,"turns":5},{"damage":2,"enemies":"Gremlin Leader","floor":24,"turns":4},{"damage":37,"enemies":"3 Cultists","floor":27,"turns":6},{"damage":24,"enemies":"Snake Plant","floor":29,"turns":5},{"damage":15,"enemies":"Book of Stabbing","floor":30,"turns":6},{"damage":4,"enemies":"Centurion and Healer","floor":31,"turns":7},{"damage":27,"enemies":"Collector","floor":33,"turns":6}],"seed_played":"-37449814043072720","potions_obtained":[{"floor":1,"key":"SpeedPotion"},{"floor":3,"key":"Weak Potion"},{"floor":7,"key":"SkillPotion"},{"floor":8,"key":"Energy Potion"},{"floor":13,"key":"BloodPotion"}],"is_trial":false,"path_per_floor":["M","?","M","M","$","R","M","E","T","M","?","M","E","M","R","B",null,"M","?","?","M","$","?","E","R","T","M","R","M","E","M","R","B"],"character_chosen":"IRONCLAD","items_purchased":["PreservedInsect","Shrug It Off"],"campfire_rested":0,"item_purchase_floors":[5,22],"current_hp_per_floor":[80,69,75,80,80,80,70,39,39,34,34,40,31,36,36,29,80,74,74,66,70,70,55,59,73,73,42,42,33,24,26,26,0],"gold":262,"neow_bonus":"THREE_ENEMY_KILL","is_prod":false,"is_daily":false,"chose_seed":false,"campfire_upgraded":3,"win_rate":0,"timestamp":1555166683,"path_taken":["M","?","M","M","$","R","M","E","T","M","?","?","E","M","R","BOSS","M","?","?","M","$","?","E","R","T","?","R","M","E","M","R","BOSS"],"build_version":"2019-01-23","purchased_purges":2,"victory":false,"max_hp_per_floor":[80,80,80,80,80,80,80,80,80,80,80,80,80,80,80,80,80,80,80,80,80,80,85,85,99,99,99,99,99,99,99,99,99],"card_choices":[{"not_picked":["Evolve","Power Through"],"picked":"Heavy Blade","floor":1},{"not_picked":["Rage","Pommel Strike"],"picked":"Pummel","floor":3},{"not_picked":["Shrug It Off","Metallicize"],"picked":"True Grit","floor":4},{"not_picked":["Anger","Headbutt","Dropkick"],"picked":"SKIP","floor":7},{"not_picked":["Burning Pact","Shrug It Off"],"picked":"Flame Barrier","floor":8},{"not_picked":["Iron Wave","Sword Boomerang","Cleave"],"picked":"SKIP","floor":10},{"not_picked":["Searing Blow","Twin Strike"],"picked":"Impervious","floor":12},{"not_picked":["Fire Breathing","Evolve"],"picked":"Juggernaut","floor":13},{"not_picked":["Clash","Wild Strike"],"picked":"Pummel","floor":14},{"not_picked":["Infernal Blade+1","Corruption"],"picked":"Armaments+1","floor":18},{"not_picked":["Whirlwind","Heavy Blade"],"picked":"Spot Weakness","floor":20},{"not_picked":["Iron Wave","Heavy Blade"],"picked":"Flex","floor":21},{"not_picked":["Pummel","Armaments"],"picked":"Dark Embrace","floor":24},{"not_picked":["True Grit","Rage","Disarm"],"picked":"SKIP","floor":27},{"not_picked":["Anger+1","Twin Strike","True Grit"],"picked":"SKIP","floor":29},{"not_picked":["Iron Wave","Warcry","Clash"],"picked":"SKIP","floor":30},{"not_picked":["Iron Wave+1","Armaments"],"picked":"Battle Trance","floor":31}],"player_experience":484699,"relics_obtained":[{"floor":8,"key":"Lantern"},{"floor":9,"key":"Orichalcum"},{"floor":13,"key":"Oddly Smooth Stone"},{"floor":20,"key":"Red Mask"},{"floor":24,"key":"Shovel"},{"floor":25,"key":"Mango"},{"floor":26,"key":"War Paint"},{"floor":30,"key":"Dream Catcher"},{"floor":32,"key":"Turnip"}],"event_choices":[{"damage_healed":0,"gold_gain":75,"player_choice":"Gather Gold","damage_taken":11,"max_hp_gain":0,"max_hp_loss":0,"event_name":"World of Goop","floor":2,"gold_loss":0},{"damage_healed":0,"gold_gain":0,"cards_transformed":["Strike_R"],"player_choice":"Transformed","damage_taken":0,"max_hp_gain":0,"max_hp_loss":0,"event_name":"Transmorgrifier","floor":11,"gold_loss":0,"cards_obtained":["Uppercut"]},{"damage_healed":0,"gold_gain":0,"player_choice":"Inject Mutagens","damage_taken":0,"relics_obtained":["MutagenicStrength"],"max_hp_gain":0,"max_hp_loss":0,"event_name":"Drug Dealer","floor":19,"gold_loss":0},{"damage_healed":0,"gold_gain":0,"player_choice":"Fought Bandits","damage_taken":0,"max_hp_gain":0,"max_hp_loss":0,"event_name":"Masked Bandits","floor":20,"gold_loss":0},{"damage_healed":0,"gold_gain":0,"player_choice":"Shed Blood","damage_taken":20,"max_hp_gain":5,"max_hp_loss":0,"event_name":"Forgotten Altar","floor":23,"gold_loss":0}],"is_beta":false,"boss_relics":[{"not_picked":["Snecko Eye","Empty Cage"],"picked":"Sozu"}],"items_purged_floors":[5,22],"is_endless":false,"potions_floor_spawned":[1,3,7,8,13,20,24],"killed_by":"Collector","ascension_level":0}