{"gold_per_floor":[361,6,17,17,36,36,61,81,104,104,134,151,168,243,243,341,341,358,358,358,148,123,151,168,168,218,218,218,235,235,45,45,150,150,162,178,109,0,0,0,28,28,55,55,28,28,128,154,154,154],"floor_reached":50,"playtime":2164,"items_purged":["Decay"],"score":871,"play_id":"cf27c69e-f8fe-4c26-9a54-562a043fd4b5","local_time":"20190409223005","is_ascension_mode":true,"campfire_choices":[{"floor":6,"key":"REST"},{"data":"Footwork","floor":10,"key":"SMITH"},{"data":"Footwork","floor":15,"key":"SMITH"},{"floor":25,"key":"REST"},{"data":"A Thousand Cuts","floor":28,"key":"SMITH"},{"data":"Footwork","floor":30,"key":"SMITH"},{"data":"Neutralize","floor":32,"key":"SMITH"},{"floor":40,"key":"REST"},{"floor":42,"key":"REST"},{"floor":49,"key":"REST"}],"neow_cost":"CURSE","seed_source_timestamp":2380664309598254,"circlet_count":0,"master_deck":["AscendersBane","Survivor","Neutralize+1","All Out Attack+1","Deadly Poison+1","Bouncing Flask+1","Footwork+1","Footwork+1","Deadly Poison+1","Phantasmal Killer+1","Poisoned Stab","Distraction+1","Burst+1","Storm of Steel+1","Reflex+1","Infinite Blades","Leg Sweep+1","Dagger Spray","Blade Dance+1","Footwork+1","PiercingWail+1","A Thousand Cuts+1","Acrobatics+1","Dodge and Roll+1","Catalyst+1","Underhanded Strike","Calculated Gamble+1","Infinite Blades+1","Adrenaline+1","Well Laid Plans+1","Noxious Fumes+1","Tactician+1","Deflect+1","Prepared+1","Mayhem+1","Mind Blast","Panacea+1","Cloak And Dagger+1","Finisher+1"],"relics":["Ring of the Snake","Toxic Egg 2","Anchor","Regal Pillow","Bronze Scales","Pandora\u0027s Box","MealTicket","Frozen Egg 2","Lantern","Vajra","Fusion Hammer","Red Mask","Juzu Bracelet","Dead Branch","Calipers"],"potions_floor_usage":[11,16,33,41,47],"damage_taken":[{"damage":12,"enemies":"Cultist","floor":1,"turns":6},{"damage":2,"enemies":"2 Louse","floor":3,"turns":3},{"damage":0,"enemies":"Small Slimes","floor":5,"turns":3},{"damage":18,"enemies":"Gremlin Nob","floor":7,"turns":4},{"damage":6,"enemies":"2 Fungi Beasts","floor":8,"turns":3},{"damage":12,"enemies":"Lagavulin","floor":11,"turns":6},{"damage":7,"enemies":"Exordium Wildlife","floor":12,"turns":3},{"damage":3,"enemies":"Large Slime","floor":13,"turns":3},{"damage":10,"enemies":"Hexaghost","floor":16,"turns":8},{"damage":30,"enemies":"Spheric Guardian","floor":18,"turns":4},{"damage":31,"enemies":"Gremlin Leader","floor":23,"turns":5},{"damage":0,"enemies":"Shell Parasite","floor":24,"turns":4},{"damage":4,"enemies":"Centurion and Healer","floor":29,"turns":6},{"damage":34,"enemies":"Champ","floor":33,"turns":8},{"damage":0,"enemies":"3 Shapes","floor":35,"turns":2},{"damage":22,"enemies":"3 Darklings","floor":36,"turns":4},{"damage":42,"enemies":"Reptomancer","floor":41,"turns":5},{"damage":42,"enemies":"Mind Bloom Boss Battle","floor":47,"turns":5},{"damage":6,"enemies":"Nemesis","floor":48,"turns":7},{"damage":63,"enemies":"Awakened One","floor":50,"turns":3}],"seed_played":"2148197304907118496","potions_obtained":[{"floor":1,"key":"FearPotion"},{"floor":3,"key":"SmokeBomb"},{"floor":8,"key":"Swift Potion"},{"floor":12,"key":"GamblersBrew"},{"floor":18,"key":"Ancient Potion"},{"floor":33,"key":"Swift Potion"},{"floor":36,"key":"Fruit Juice"},{"floor":48,"key":"Ancient Potion"}],"is_trial":false,"path_per_floor":["M","$","M","?","M","R","E","M","T","R","E","M","M","?","R","B",null,"M","?","?","$","$","E","M","R","T","?","R","M","R","$","R","B",null,"M","M","$","?","$","R","E","R","T","$","$","?","?","E","R","B"],"character_chosen":"THE_SILENT","items_purchased":["Toxic Egg 2","Deadly Poison+1","MealTicket","Dodge and Roll+1","Vajra","Infinite Blades+1","Tactician+1","Prepared+1"],"campfire_rested":5,"item_purchase_floors":[2,2,21,22,31,31,37,45],"current_hp_per_floor":[51,51,49,49,49,70,52,46,46,46,34,27,24,13,13,3,53,23,23,23,23,38,7,7,43,43,43,43,39,39,54,54,20,58,58,36,36,36,51,70,33,70,70,70,75,65,23,17,54,0],"gold":154,"neow_bonus":"TWO_FIFTY_GOLD","is_prod":false,"is_daily":false,"chose_seed":false,"campfire_upgraded":5,"win_rate":0,"timestamp":1554874205,"path_taken":["M","$","?","?","M","R","E","M","T","R","E","M","M","?","R","BOSS","M","?","?","?","$","E","M","R","T","?","R","M","R","$","R","BOSS","M","M","?","?","$","R","E","R","T","?","$","?","?","E","R","BOSS"],"build_version":"2019-01-23","purchased_purges":1,"victory":false,"max_hp_per_floor":[70,70,70,70,70,70,70,70,70,70,70,70,70,70,70,70,70,70,70,70,70,70,70,70,70,70,70,70,70,70,70,70,70,70,70,70,70,70,70,70,75,75,75,75,75,75,75,75,75,75],"card_choices":[{"not_picked":["PiercingWail","Deflect"],"picked":"All Out Attack","floor":1},{"not_picked":["Deadly Poison+1","Dodge and Roll+1"],"picked":"Bouncing Flask+1","floor":3},{"not_picked":["Quick Slash","Accuracy"],"picked":"Footwork","floor":5},{"not_picked":["Poisoned Stab","Slice"],"picked":"Footwork","floor":7},{"not_picked":["PiercingWail+1","Acrobatics+1"],"picked":"Deadly Poison+1","floor":8},{"not_picked":["Bane","Setup+1"],"picked":"Phantasmal Killer+1","floor":11},{"not_picked":["Outmaneuver+1","Dagger Spray"],"picked":"Poisoned Stab","floor":12},{"not_picked":["Bane","Sucker Punch"],"picked":"Distraction+1","floor":13},{"not_picked":["Die Die Die","Glass Knife"],"picked":"Burst+1","floor":16},{"not_picked":["Dagger Spray","Slice"],"picked":"Acrobatics+1","floor":18},{"not_picked":["Crippling Poison+1","Endless Agony"],"picked":"Catalyst+1","floor":23},{"not_picked":["Acrobatics+1","Slice+1"],"picked":"Underhanded Strike","floor":24},{"not_picked":["PiercingWail+1","Reflex+1"],"picked":"Calculated Gamble+1","floor":29},{"not_picked":["Glass Knife","Doppelganger+1"],"picked":"Adrenaline+1","floor":33},{"not_picked":["Blur+1","PiercingWail+1"],"picked":"Well Laid Plans+1","floor":35},{"not_picked":["PiercingWail+1","Sucker Punch+1"],"picked":"Noxious Fumes+1","floor":36},{"not_picked":["Dagger Throw+1","Flying Knee+1"],"picked":"Deflect+1","floor":41},{"not_picked":["Transmutation+1","Metamorphosis+1"],"picked":"Mayhem+1","floor":46},{"not_picked":["Apotheosis+1","Violence+1"],"picked":"Mind Blast","floor":46},{"not_picked":["Flash of Steel","Violence+1"],"picked":"Panacea+1","floor":46},{"not_picked":["Dash+1","Infinite Blades+1"],"picked":"Cloak And Dagger+1","floor":47},{"not_picked":["Unload","Tactician+1"],"picked":"Finisher+1","floor":48}],"player_experience":531356,"relics_obtained":[{"floor":7,"key":"Anchor"},{"floor":9,"key":"Regal Pillow"},{"floor":11,"key":"Bronze Scales"},{"floor":23,"key":"Frozen Egg 2"},{"floor":26,"key":"Lantern"},{"floor":41,"key":"Juzu Bracelet"},{"floor":47,"key":"Dead Branch"},{"floor":48,"key":"Calipers"}],"event_choices":[{"damage_healed":0,"gold_gain":0,"player_choice":"Grow","damage_taken":0,"max_hp_gain":0,"max_hp_loss":0,"event_name":"Living Wall","floor":4,"gold_loss":0,"cards_upgraded":["All Out Attack"]},{"damage_healed":0,"gold_gain":75,"player_choice":"Gather Gold","damage_taken":11,"max_hp_gain":0,"max_hp_loss":0,"event_name":"World of Goop","floor":14,"gold_loss":0},{"cards_removed":["Skewer"],"damage_healed":0,"gold_gain":0,"player_choice":"Elegance","damage_taken":0,"max_hp_gain":0,"max_hp_loss":0,"event_name":"Back to Basics","floor":19,"gold_loss":0},{"damage_healed":0,"gold_gain":0,"player_choice":"Ignored","damage_taken":0,"max_hp_gain":0,"max_hp_loss":0,"event_name":"Beggar","floor":20,"gold_loss":0},{"damage_healed":0,"gold_gain":0,"player_choice":"Bought 0 Potions","damage_taken":0,"max_hp_gain":0,"max_hp_loss":0,"event_name":"The Woman in Blue","floor":27,"gold_loss":0},{"damage_healed":0,"gold_gain":0,"player_choice":"Paid","damage_taken":0,"relics_obtained":["Red Mask"],"max_hp_gain":0,"max_hp_loss":0,"event_name":"Tomb of Lord Red Mask","floor":38,"gold_loss":109},{"damage_healed":0,"gold_gain":0,"player_choice":"Memory 3","damage_taken":10,"max_hp_gain":0,"max_hp_loss":0,"event_name":"SensoryStone","floor":46,"gold_loss":0},{"damage_healed":0,"gold_gain":0,"player_choice":"Fight","damage_taken":0,"max_hp_gain":0,"max_hp_loss":0,"event_name":"MindBloom","floor":47,"gold_loss":0}],"is_beta":false,"boss_relics":[{"not_picked":["Runic Dome","Sozu"],"picked":"Pandora\u0027s Box"},{"not_picked":["WristBlade","White Beast Statue"],"picked":"Fusion Hammer"}],"items_purged_floors":[2],"is_endless":false,"potions_floor_spawned":[1,3,8,12,13,18,29,33,36,48],"killed_by":"Awakened One","ascension_level":10}