{"gold_per_floor":[119,119,8,183,200,232,232,232,232,242,252,27,27,27,27,124,124,142,142,153,171,46,59,75,75,75,75,87,87,105,27,27,122,122,134,134,134,144,157,183,183],"floor_reached":41,"playtime":1772,"items_purged":["Strike_B","Doubt","Strike_B"],"score":571,"play_id":"e3eef7f9-16b1-4edd-a055-edabc2842c6a","local_time":"20180711230712","is_ascension_mode":true,"campfire_choices":[{"floor":7,"key":"REST"},{"data":"Hologram","floor":13,"key":"SMITH"},{"floor":15,"key":"REST"},{"floor":29,"key":"REST"},{"floor":32,"key":"REST"}],"neow_cost":"TEN_PERCENT_HP_LOSS","seed_source_timestamp":302550740135384,"circlet_count":0,"master_deck":["Defend_B+1","Defend_B+1","Defend_B","Zap+1","Dualcast+1","Reboot+1","White Noise","Defragment","Gash","Hologram+1","Coolheaded","Flash of Steel","Streamline","Capacitor","Electrodynamics","Storm","Hologram+1","Skim","Reboot+1","Beam Cell","Amplify","Loop+1","Ball Lightning","White Noise","Rebound","Force Field"],"relics":["Cracked Core","War Paint","Lantern","Lizard Tail","Letter Opener","Runic Dome","Darkstone Periapt"],"potions_floor_usage":[16,16,21,33,33,33,40],"damage_taken":[{"damage":0,"enemies":"2 Louse","floor":1,"turns":2},{"damage":0,"enemies":"Small Slimes","floor":5,"turns":2},{"damage":38,"enemies":"Lagavulin","floor":6,"turns":6},{"damage":0,"enemies":"Cultist","floor":10,"turns":3},{"damage":8,"enemies":"Blue Slaver","floor":11,"turns":2},{"damage":15,"enemies":"Hexaghost","floor":16,"turns":8},{"damage":4,"enemies":"Chosen","floor":18,"turns":4},{"damage":3,"enemies":"Shell Parasite","floor":20,"turns":2},{"damage":18,"enemies":"Snecko","floor":21,"turns":3},{"damage":0,"enemies":"3 Cultists","floor":23,"turns":3},{"damage":12,"enemies":"Cultist and Chosen","floor":24,"turns":3},{"damage":11,"enemies":"Sentry and Sphere","floor":28,"turns":3},{"damage":12,"enemies":"Centurion and Healer","floor":30,"turns":3},{"damage":25,"enemies":"Automaton","floor":33,"turns":6},{"damage":25,"enemies":"Orb Walker","floor":35,"turns":3},{"damage":11,"enemies":"3 Shapes","floor":38,"turns":3},{"damage":9,"enemies":"Maw","floor":39,"turns":5},{"damage":79,"enemies":"Nemesis","floor":40,"turns":5},{"damage":11,"enemies":"4 Shapes","floor":41,"turns":1}],"seed_played":"-5266996571004729396","potions_obtained":[{"floor":10,"key":"Weak Potion"},{"floor":11,"key":"Regen Potion"},{"floor":16,"key":"Poison Potion"},{"floor":20,"key":"PowerPotion"},{"floor":21,"key":"Fire Potion"},{"floor":28,"key":"Energy Potion"},{"floor":33,"key":"Strength Potion"},{"floor":38,"key":"Fire Potion"}],"is_trial":false,"path_per_floor":["M","?","$","?","M","E","R","?","T","M","M","$","R","?","R","B",null,"M","?","M","M","$","M","M","?","T","$","M","R","M","$","R","B",null,"M","?","?","M","M","E"],"character_chosen":"DEFECT","items_purchased":["Defragment","Flash of Steel","Streamline","Amplify"],"campfire_rested":4,"item_purchase_floors":[3,12,12,31],"current_hp_per_floor":[68,54,54,54,54,16,36,36,36,36,28,28,28,28,48,48,63,59,59,56,38,38,38,26,26,26,26,15,35,23,23,43,18,56,31,31,59,48,39,6,0],"gold":183,"neow_bonus":"THREE_RARE_CARDS","is_prod":false,"is_daily":false,"chose_seed":false,"campfire_upgraded":1,"win_rate":0,"timestamp":1531321632,"path_taken":["M","?","?","?","M","E","R","?","T","M","M","$","R","?","R","BOSS","M","?","M","M","$","M","?","?","T","?","M","R","M","?","R","BOSS","M","?","?","M","M","E","M"],"build_version":"2018-07-05","purchased_purges":3,"victory":false,"max_hp_per_floor":[68,68,68,68,68,68,68,68,68,68,68,68,68,68,68,68,68,68,68,68,68,68,68,68,68,68,68,68,68,68,68,68,68,68,68,68,59,59,59,59,59],"card_choices":[{"not_picked":["Buffer","Creative AI"],"picked":"Reboot","floor":0},{"not_picked":["Beam Cell","Turbo"],"picked":"White Noise","floor":1},{"not_picked":["Leap","Steam Power","Compile Driver"],"picked":"SKIP","floor":5},{"not_picked":["Seek","Sunder"],"picked":"Gash","floor":6},{"not_picked":["Consume","Beam Cell"],"picked":"Hologram","floor":10},{"not_picked":["Doom and Gloom","Sweeping Beam"],"picked":"Coolheaded","floor":11},{"not_picked":["Echo Form","Multi-Cast"],"picked":"Electrodynamics","floor":16},{"not_picked":["Tempest","Darkness","Turbo"],"picked":"SKIP","floor":18},{"not_picked":["Turbo","Redo"],"picked":"Storm","floor":20},{"not_picked":["Ball Lightning","Streamline"],"picked":"Hologram+1","floor":21},{"not_picked":["Genetic Algorithm+1","Steam+1","Rip and Tear+1"],"picked":"SKIP","floor":23},{"not_picked":["Coolheaded","Recycle+1"],"picked":"Skim","floor":24},{"not_picked":["Stack","Go for the Eyes"],"picked":"Beam Cell","floor":28},{"not_picked":["Force Field","Skim","Hologram+1"],"picked":"SKIP","floor":30},{"not_picked":["Conserve Battery+1","Sweeping Beam"],"picked":"Loop+1","floor":35},{"not_picked":["Compile Driver+1","Streamline"],"picked":"White Noise","floor":38},{"not_picked":["Beam Cell","Stack"],"picked":"Rebound","floor":39},{"not_picked":["Steam Power","Genetic Algorithm+1"],"picked":"Force Field","floor":40}],"player_experience":288655,"relics_obtained":[{"floor":6,"key":"War Paint"},{"floor":9,"key":"Lantern"},{"floor":26,"key":"Letter Opener"},{"floor":40,"key":"Darkstone Periapt"}],"event_choices":[{"event_name":"Shining Light","player_choice":"Entered Light","floor":2,"damage_taken":0},{"event_name":"Liars Game","player_choice":"agreed","floor":4,"damage_taken":0},{"event_name":"Accursed Blacksmith","player_choice":"Forge","floor":8,"damage_taken":0},{"event_name":"Transmorgrifier","player_choice":"Transform","floor":14,"damage_taken":0},{"event_name":"Back to Basics","player_choice":"Elegance","floor":19,"damage_taken":0},{"event_name":"Duplicator","player_choice":"One dupe","floor":25,"damage_taken":0},{"event_name":"Transmorgrifier","player_choice":"Transform","floor":36,"damage_taken":0},{"event_name":"The Moai Head","player_choice":"Heal","floor":37,"damage_taken":0}],"boss_relics":[{"not_picked":["Philosopher\u0027s Stone","Fusion Hammer"],"picked":"Lizard Tail"},{"not_picked":["Tiny House","White Beast Statue"],"picked":"Runic Dome"}],"items_purged_floors":[3,12,22],"is_endless":false,"potions_floor_spawned":[10,11,16,20,21,28,33,38],"killed_by":"4 Shapes","ascension_level":7}