{"gold_per_floor":[116,116,40,66,66,66,84,109,109,122,186,201,227,242,242,344,344,357,357,357,115,129,155,173,173,173,192,192,203,203,203],"floor_reached":31,"playtime":1313,"items_purged":[],"score":340,"play_id":"62fc7c1b-308e-43c2-bb67-36bd41b4975f","local_time":"20190221185837","is_ascension_mode":false,"campfire_choices":[{"data":"Armaments","floor":6,"key":"SMITH"},{"data":"Seeing Red","floor":15,"key":"SMITH"}],"neow_cost":"NONE","seed_source_timestamp":434096822473185,"circlet_count":0,"master_deck":["Defend_R+1","Defend_R+1","Defend_R+1","Bash","Pommel Strike","Bandage Up","Flex","Armaments+1","Anger","Cleave","Perfected Strike","Pommel Strike","Clash","Seeing Red+1","Flex","Impervious","Flame Barrier+1","Heavy Blade+1","Spot Weakness+1","Rage","Inflame+1","Flex","Perfected Strike","Infernal Blade","Flex","Iron Wave","True Grit","Bite","Bite","Bite","Bite","Bite"],"relics":["Burning Blood","NeowsBlessing","Orichalcum","Whetstone","Du-Vu Doll","Frozen Egg 2","Pocketwatch","Astrolabe","Bag of Marbles","Dodecahedron","Pantograph","MutagenicStrength"],"potions_floor_usage":[23,24,31,31,31],"damage_taken":[{"damage":0,"enemies":"Jaw Worm","floor":1,"turns":1},{"damage":0,"enemies":"Cultist","floor":7,"turns":1},{"damage":0,"enemies":"3 Sentries","floor":8,"turns":1},{"damage":0,"enemies":"2 Louse","floor":10,"turns":2},{"damage":26,"enemies":"Lagavulin Event","floor":11,"turns":5},{"damage":2,"enemies":"Large Slime","floor":12,"turns":5},{"damage":7,"enemies":"Gremlin Nob","floor":13,"turns":3},{"damage":7,"enemies":"Blue Slaver","floor":14,"turns":2},{"damage":41,"enemies":"The Guardian","floor":16,"turns":9},{"damage":15,"enemies":"2 Thieves","floor":18,"turns":4},{"damage":27,"enemies":"3 Byrds","floor":22,"turns":5},{"damage":36,"enemies":"Book of Stabbing","floor":23,"turns":5},{"damage":17,"enemies":"Shelled Parasite and Fungi","floor":24,"turns":4},{"damage":23,"enemies":"Centurion and Healer","floor":27,"turns":5},{"damage":10,"enemies":"Snecko","floor":29,"turns":4},{"damage":30,"enemies":"Snake Plant","floor":31,"turns":3}],"seed_played":"8275547674858123268","potions_obtained":[{"floor":8,"key":"SteroidPotion"},{"floor":11,"key":"SteroidPotion"},{"floor":12,"key":"Swift Potion"},{"floor":27,"key":"SneckoOil"},{"floor":29,"key":"BloodPotion"}],"is_trial":false,"path_per_floor":["M","?","$","T","?","R","M","E","T","M","?","M","E","M","R","B",null,"M","?","?","$","M","E","M","?","T","M","?","M","?","M"],"character_chosen":"IRONCLAD","items_purchased":["Flex","Armaments","Inflame+1","Flex","Bag of Marbles"],"campfire_rested":0,"item_purchase_floors":[3,3,21,21,21],"current_hp_per_floor":[80,80,80,80,80,80,80,80,80,80,60,68,73,76,76,45,80,75,75,75,75,58,32,25,25,25,12,12,14,14,0],"gold":203,"neow_bonus":"THREE_ENEMY_KILL","is_prod":false,"is_daily":false,"chose_seed":false,"campfire_upgraded":2,"win_rate":0.0,"timestamp":1550797117,"path_taken":["M","?","$","?","?","R","M","E","T","M","?","?","E","M","R","BOSS","M","?","?","?","M","E","M","?","T","M","?","M","?","M"],"build_version":"2019-01-23","purchased_purges":0,"victory":false,"max_hp_per_floor":[80,80,80,80,80,80,80,80,80,80,80,80,80,80,80,80,80,80,80,80,80,80,80,80,80,80,80,80,80,56,56],"card_choices":[{"not_picked":["Clothesline","Combust"],"picked":"Pommel Strike","floor":1},{"not_picked":["Hemokinesis","Shrug It Off"],"picked":"Anger","floor":7},{"not_picked":["Bloodletting","Body Slam"],"picked":"Cleave","floor":8},{"not_picked":["Heavy Blade","Thunderclap"],"picked":"Perfected Strike","floor":10},{"not_picked":["Armaments","Rampage"],"picked":"Pommel Strike","floor":11},{"not_picked":["Ghostly Armor","Body Slam"],"picked":"Clash","floor":12},{"not_picked":["Fire Breathing+1","Feed"],"picked":"Seeing Red","floor":13},{"not_picked":["Clash","Reckless Charge"],"picked":"Flex","floor":14},{"not_picked":["Brutality+1","Feed"],"picked":"Impervious","floor":16},{"not_picked":["Searing Blow","Warcry"],"picked":"Rage","floor":18},{"not_picked":["Twin Strike+1","Pommel Strike"],"picked":"Perfected Strike","floor":22},{"not_picked":["Body Slam+1","Shrug It Off+1"],"picked":"Infernal Blade","floor":23},{"not_picked":["Sword Boomerang","Metallicize+1"],"picked":"Flex","floor":24},{"not_picked":["Feel No Pain+1","Shrug It Off"],"picked":"Iron Wave","floor":27},{"not_picked":["Uppercut+1","Entrench"],"picked":"True Grit","floor":29}],"player_experience":55159,"relics_obtained":[{"floor":4,"key":"Orichalcum"},{"floor":8,"key":"Whetstone"},{"floor":9,"key":"Du-Vu Doll"},{"floor":11,"key":"Frozen Egg 2"},{"floor":13,"key":"Pocketwatch"},{"floor":23,"key":"Dodecahedron"},{"floor":26,"key":"Pantograph"}],"event_choices":[{"damage_healed":0,"gold_gain":0,"player_choice":"1 cards matched","damage_taken":0,"max_hp_gain":0,"max_hp_loss":0,"event_name":"Match and Keep!","floor":2,"gold_loss":0,"cards_obtained":["Bandage Up"]},{"damage_healed":0,"gold_gain":0,"player_choice":"Leave","damage_taken":0,"max_hp_gain":0,"max_hp_loss":0,"event_name":"The Cleric","floor":5,"gold_loss":0},{"damage_healed":0,"gold_gain":30,"player_choice":"Searched \u00272\u0027 times","damage_taken":0,"max_hp_gain":0,"max_hp_loss":0,"event_name":"Dead Adventurer","floor":11,"gold_loss":0},{"damage_healed":0,"gold_gain":0,"player_choice":"Ignored","damage_taken":0,"max_hp_gain":0,"max_hp_loss":0,"event_name":"Beggar","floor":19,"gold_loss":0},{"damage_healed":0,"gold_gain":0,"player_choice":"Ignored","damage_taken":0,"max_hp_gain":0,"max_hp_loss":0,"event_name":"Ghosts","floor":20,"gold_loss":0},{"damage_healed":0,"gold_gain":0,"player_choice":"Simplicity","damage_taken":0,"max_hp_gain":0,"max_hp_loss":0,"event_name":"Back to Basics","floor":25,"gold_loss":0,"cards_upgraded":["Strike_R","Defend_R","Defend_R","Defend_R"]},{"damage_healed":0,"gold_gain":0,"player_choice":"Inject Mutagens","damage_taken":0,"relics_obtained":["MutagenicStrength"],"max_hp_gain":0,"max_hp_loss":0,"event_name":"Drug Dealer","floor":28,"gold_loss":0},{"damage_healed":0,"gold_gain":0,"player_choice":"Became a vampire","damage_taken":0,"max_hp_gain":0,"max_hp_loss":24,"event_name":"Vampires","floor":30,"gold_loss":0,"cards_obtained":["Bite","Bite","Bite","Bite","Bite"]}],"is_beta":false,"boss_relics":[{"not_picked":["Empty Cage","Black Star"],"picked":"Astrolabe"}],"items_purged_floors":[],"is_endless":false,"potions_floor_spawned":[8,11,12,16,27,29],"killed_by":"Snake Plant","ascension_level":0}