{"gold_per_floor":[109,121,121,139,150,150,172,185,185,195,208,208,8,21,21,120,120,139,139,114,103,116,116,116],"floor_reached":24,"playtime":2013,"items_purged":[],"score":192,"play_id":"d45daaf7-da3d-459d-b5df-c918fd9c1c24","local_time":"20181225193303","is_ascension_mode":false,"campfire_choices":[{"data":"Zap","floor":6.0,"key":"SMITH"},{"floor":15,"key":"REST"},{"floor":23,"key":"REST"}],"neow_cost":"NONE","seed_source_timestamp":0,"circlet_count":0,"master_deck":["Strike_B","Strike_B","Strike_B+1","Strike_B","Defend_B","Defend_B","Defend_B","Defend_B","Zap+1","Capacitor","Gash","Thunder Strike","Barrage","Ball Lightning+1","Conserve Battery+1","Leap+1","Leap+1","Auto Shields+1","Thunder Strike","Stack+1","Streamline","Redo+1","Go for the Eyes"],"special_seed":0,"relics":["Cracked Core","Odd Mushroom","Toxic Egg 2","Whetstone","Empty Cage"],"potions_floor_usage":[18,24],"damage_taken":[{"damage":6.0,"enemies":"Jaw Worm","floor":1.0,"turns":3.0},{"damage":5.0,"enemies":"Small Slimes","floor":2.0,"turns":3.0},{"damage":0.0,"enemies":"2 Louse","floor":4.0,"turns":2.0},{"damage":0.0,"enemies":"Large Slime","floor":5.0,"turns":4.0},{"damage":35.0,"enemies":"The Mushroom Lair","floor":7.0,"turns":4.0},{"damage":0.0,"enemies":"Blue Slaver","floor":8.0,"turns":3.0},{"damage":10,"enemies":"3 Louse","floor":10,"turns":2},{"damage":12,"enemies":"Exordium Thugs","floor":11,"turns":4},{"damage":4,"enemies":"Large Slime","floor":14,"turns":5},{"damage":11,"enemies":"Slime Boss","floor":16,"turns":10},{"damage":15,"enemies":"Spheric Guardian","floor":18,"turns":5},{"damage":0,"enemies":"2 Thieves","floor":21,"turns":4},{"damage":17,"enemies":"Snecko","floor":22,"turns":8},{"damage":91,"enemies":"Gremlin Leader","floor":24,"turns":10}],"seed_played":"7553179546712785753","potions_obtained":[{"floor":4.0,"key":"GamblersBrew"},{"floor":5.0,"key":"GamblersBrew"},{"floor":7.0,"key":"GamblersBrew"},{"floor":8.0,"key":"SpeedPotion"},{"floor":14,"key":"SpeedPotion"},{"floor":16,"key":"Ancient Potion"},{"floor":18,"key":"EssenceOfSteel"}],"is_trial":false,"path_per_floor":["M","M","?","M","M","R","?","M","T","M","M","?","$","M","R","B",null,"M","?","$","M","M","R","E"],"character_chosen":"DEFECT","items_purchased":["Leap+1","Whetstone","Streamline"],"campfire_rested":2,"item_purchase_floors":[13,13,20],"current_hp_per_floor":[76,71,76,76,76,76,41,41,41,31,19,19,19,15,41,30,87,72,72,72,72,55,81,0],"gold":116,"neow_bonus":"TEN_PERCENT_HP_BONUS","is_prod":false,"is_daily":false,"chose_seed":false,"campfire_upgraded":1,"win_rate":0.0,"timestamp":1545784383,"path_taken":["M","M","?","M","M","R","?","M","T","M","M","?","?","M","R","BOSS","M","?","$","M","M","R","E"],"build_version":"2018-12-20","purchased_purges":0,"victory":false,"max_hp_per_floor":[82,82,87,87,87,87,87,87,87,87,87,87,87,87,87,87,87,87,87,87,87,87,87,87],"card_choices":[{"not_picked":["Conserve Battery","Auto Shields"],"picked":"Capacitor","floor":1.0},{"not_picked":["Steam Power","Beam Cell"],"picked":"Gash","floor":2.0},{"not_picked":["Coolheaded","Stack"],"picked":"Thunder Strike","floor":4.0},{"not_picked":["Beam Cell","FTL"],"picked":"Barrage","floor":5.0},{"not_picked":["Blizzard","Coolheaded"],"picked":"Cold Snap","floor":7.0},{"not_picked":["FTL","Gash"],"picked":"Ball Lightning","floor":8.0},{"not_picked":["Cold Snap","Go for the Eyes"],"picked":"Conserve Battery+1","floor":10},{"not_picked":["Coolheaded+1","Sweeping Beam"],"picked":"Leap+1","floor":11},{"not_picked":["Darkness+1","Stack+1"],"picked":"Auto Shields+1","floor":14},{"not_picked":["Amplify+1","Seek+1"],"picked":"Thunder Strike","floor":16},{"not_picked":["Hologram+1","Rebound+1"],"picked":"Stack+1","floor":18},{"not_picked":["Genetic Algorithm+1","Go for the Eyes"],"picked":"Redo+1","floor":21},{"not_picked":["Aggregate+1","Beam Cell"],"picked":"Go for the Eyes","floor":22}],"player_experience":11753,"relics_obtained":[{"floor":7.0,"key":"Odd Mushroom"},{"floor":9,"key":"Toxic Egg 2"}],"event_choices":[{"damage_healed":0.0,"max_hp_gain":5.0,"max_hp_loss":0.0,"gold_gain":0.0,"event_name":"Big Fish","player_choice":"Donut","floor":3.0,"gold_loss":0.0,"damage_taken":0.0},{"damage_healed":0.0,"max_hp_gain":0.0,"max_hp_loss":0.0,"gold_gain":0.0,"event_name":"Mushrooms","player_choice":"Fought Mushrooms","floor":7.0,"gold_loss":0.0,"damage_taken":0.0},{"damage_healed":0,"gold_gain":0,"player_choice":"Ignored","damage_taken":0,"max_hp_gain":0,"max_hp_loss":0,"event_name":"Shining Light","floor":12,"gold_loss":0},{"damage_healed":0,"gold_gain":0,"player_choice":"Ignored","damage_taken":0,"max_hp_gain":0,"max_hp_loss":0,"event_name":"Beggar","floor":19,"gold_loss":0}],"is_beta":false,"boss_relics":[{"not_picked":["Ectoplasm","Runic Dome"],"picked":"Empty Cage"}],"items_purged_floors":[],"is_endless":false,"potions_floor_spawned":[4,5,7,8,14,16,18],"killed_by":"Gremlin Leader","ascension_level":0}