{"gold_per_floor":[117,128,128,303,10,10,10,42,54,66,93,105,176,200,212,322,334,361,298,410,422,446,458,470,514,526,538,566,578,32,47,47,47],"floor_reached":33,"playtime":1370,"items_purged":["Doubt"],"score":386,"play_id":"d332fce9-223a-4e80-b111-81e30e0b481c","local_time":"20190323224840","is_ascension_mode":true,"campfire_choices":[{"floor":6,"key":"REST"},{"data":"Calculated Gamble","floor":10,"key":"SMITH"},{"data":"Choke","floor":12,"key":"SMITH"},{"floor":15,"key":"REST"},{"floor":23,"key":"REST"},{"floor":27,"key":"REST"},{"floor":29,"key":"REST"},{"floor":32,"key":"REST"}],"neow_cost":"NONE","seed_source_timestamp":913794446233916,"circlet_count":0,"master_deck":["Survivor","Neutralize","Calculated Gamble+1","Sucker Punch","Outmaneuver","Choke+1","Masterful Stab","Poisoned Stab","Bullet Time","Quick Slash","Eviscerate","Wraith Form v2","Outmaneuver","Eviscerate","Catalyst","Caltrops","Tactician","Backstab","Unload","Terror","All Out Attack","Dagger Throw","Backstab","Deflect+1","Flying Knee+1","Discovery","Flying Knee"],"relics":["Ring of the Snake","NeowsBlessing","Tough Bandages","WarpedTongs","MawBank","Sundial","Pandora\u0027s Box","Thread and Needle","Darkstone Periapt","WingedGreaves","Turnip","TwistedFunnel","Happy Flower"],"potions_floor_usage":[13,16,18,33,33],"damage_taken":[{"damage":0,"enemies":"Jaw Worm","floor":1,"turns":1},{"damage":0,"enemies":"Small Slimes","floor":2,"turns":1},{"damage":0,"enemies":"Gremlin Nob","floor":8,"turns":1},{"damage":3,"enemies":"Cultist","floor":11,"turns":4},{"damage":26,"enemies":"Gremlin Nob","floor":13,"turns":4},{"damage":2,"enemies":"Blue Slaver","floor":14,"turns":3},{"damage":40,"enemies":"Hexaghost","floor":16,"turns":9},{"damage":17,"enemies":"3 Byrds","floor":18,"turns":1},{"damage":20,"enemies":"Colosseum Slavers","floor":20,"turns":5},{"damage":9,"enemies":"Colosseum Nobs","floor":20,"turns":4},{"damage":5,"enemies":"Shell Parasite","floor":22,"turns":2},{"damage":19,"enemies":"Book of Stabbing","floor":25,"turns":4},{"damage":14,"enemies":"Snecko","floor":28,"turns":4},{"damage":0,"enemies":"Centurion and Healer","floor":31,"turns":3},{"damage":59,"enemies":"Champ","floor":33,"turns":8}],"seed_played":"6216566772457789988","potions_obtained":[{"floor":1,"key":"Poison Potion"},{"floor":14,"key":"Poison Potion"},{"floor":16,"key":"PowerPotion"},{"floor":22,"key":"SmokeBomb"},{"floor":31,"key":"Block Potion"}],"is_trial":false,"path_per_floor":["M","M","?","?","$","R","?","E","T","R","M","R","?","M","R","B",null,"M","?","?","$","M","R","?","E","T","R","M","R","$","M","R","B"],"character_chosen":"THE_SILENT","items_purchased":["Tough Bandages","TwistedFunnel","Happy Flower","Discovery","Poison Potion"],"campfire_rested":6,"item_purchase_floors":[5,30,30,30,30],"current_hp_per_floor":[63,63,49,49,49,70,70,70,70,70,67,67,41,39,60,20,58,41,41,12,12,7,28,28,9,9,30,16,37,37,37,58,0],"gold":47,"neow_bonus":"THREE_ENEMY_KILL","is_prod":false,"is_daily":false,"chose_seed":false,"campfire_upgraded":2,"win_rate":0,"timestamp":1553406520,"path_taken":["M","M","?","?","?","R","?","E","T","R","?","R","?","M","R","BOSS","M","?","?","$","M","R","?","E","T","R","M","R","$","M","R","BOSS"],"build_version":"2019-01-23","purchased_purges":1,"victory":false,"max_hp_per_floor":[70,70,70,70,70,70,70,70,70,70,70,70,70,70,70,70,70,70,70,70,70,70,70,70,70,70,70,70,70,70,70,70,70],"card_choices":[{"not_picked":["Slice","Sucker Punch"],"picked":"Calculated Gamble","floor":1},{"not_picked":["Backflip","Deflect"],"picked":"Sucker Punch","floor":2},{"not_picked":["Acrobatics","Underhanded Strike"],"picked":"Outmaneuver","floor":8},{"not_picked":["Caltrops","Deadly Poison"],"picked":"Choke","floor":11},{"not_picked":["Catalyst","Sucker Punch"],"picked":"Masterful Stab","floor":13},{"not_picked":["Predator","Outmaneuver"],"picked":"Poisoned Stab","floor":14},{"not_picked":["Glass Knife","Wraith Form v2"],"picked":"Bullet Time","floor":16},{"not_picked":["Cloak And Dagger","Blade Dance"],"picked":"Terror","floor":18},{"not_picked":["Cloak And Dagger","Backflip"],"picked":"All Out Attack","floor":20},{"not_picked":["Burst","Bane"],"picked":"Dagger Throw","floor":22},{"not_picked":["Quick Slash","Endless Agony"],"picked":"Deflect+1","floor":25},{"not_picked":["Setup","Dodge and Roll"],"picked":"Flying Knee+1","floor":28},{"not_picked":["Cloak And Dagger","Deflect+1"],"picked":"Flying Knee","floor":31}],"player_experience":405455,"relics_obtained":[{"floor":8,"key":"MawBank"},{"floor":13,"key":"Sundial"},{"floor":20,"key":"Thread and Needle"},{"floor":20,"key":"Darkstone Periapt"},{"floor":25,"key":"WingedGreaves"},{"floor":26,"key":"Turnip"}],"event_choices":[{"damage_healed":0,"gold_gain":0,"player_choice":"Entered Light","damage_taken":14,"max_hp_gain":0,"max_hp_loss":0,"event_name":"Shining Light","floor":3,"gold_loss":0,"cards_upgraded":["Strike_G","Defend_G"]},{"damage_healed":0,"gold_gain":175,"player_choice":"AGREE","damage_taken":0,"max_hp_gain":0,"max_hp_loss":0,"event_name":"Liars Game","floor":4,"gold_loss":0,"cards_obtained":["Doubt"]},{"damage_healed":0,"gold_gain":0,"player_choice":"Rummage","damage_taken":0,"relics_obtained":["WarpedTongs"],"max_hp_gain":0,"max_hp_loss":0,"event_name":"Accursed Blacksmith","floor":7,"gold_loss":0,"cards_obtained":["Pain"]},{"damage_healed":0,"gold_gain":0,"player_choice":"Searched \u00272\u0027 times","damage_taken":0,"max_hp_gain":0,"max_hp_loss":0,"event_name":"Dead Adventurer","floor":13,"gold_loss":0},{"cards_removed":["Pain"],"damage_healed":0,"gold_gain":0,"player_choice":"Gave Gold","damage_taken":0,"max_hp_gain":0,"max_hp_loss":0,"event_name":"Beggar","floor":19,"gold_loss":75},{"damage_healed":0,"gold_gain":0,"player_choice":"Fight","damage_taken":0,"max_hp_gain":0,"max_hp_loss":0,"event_name":"Colosseum","floor":20,"gold_loss":0},{"damage_healed":0,"gold_gain":0,"player_choice":"Fought Nobs","damage_taken":0,"max_hp_gain":0,"max_hp_loss":0,"event_name":"Colosseum","floor":20,"gold_loss":0},{"damage_healed":0,"gold_gain":0,"player_choice":"Copied","damage_taken":0,"max_hp_gain":0,"max_hp_loss":0,"event_name":"Duplicator","floor":24,"gold_loss":0,"cards_obtained":["Backstab"]}],"is_beta":false,"boss_relics":[{"not_picked":["Cursed Key","Coffee Dripper"],"picked":"Pandora\u0027s Box"}],"items_purged_floors":[30],"is_endless":false,"potions_floor_spawned":[1,14,16,22,31],"killed_by":"Champ","ascension_level":7}