{"gold_per_floor":[109,109,132,132,53,53,94,17,68,87,112,112],"floor_reached":12,"playtime":351,"items_purged":[],"score":156,"play_id":"1e961b1c-628c-4672-b85b-925a80df23e3","local_time":"20190326153151","is_ascension_mode":true,"campfire_choices":[{"data":"Streamline","floor":6,"key":"SMITH"}],"neow_cost":"CURSE","seed_source_timestamp":94039184950983,"circlet_count":0,"master_deck":["AscendersBane","Strike_B","Strike_B","Strike_B","Strike_B","Defend_B","Defend_B","Defend_B","Defend_B","Zap","Dualcast","Injury","Streamline+1","Injury","White Noise","Glacier","Beam Cell","Self Repair","Barrage"],"relics":["Cracked Core","StoneCalendar","Golden Idol","Happy Flower","Orichalcum"],"potions_floor_usage":[11,11,12],"damage_taken":[{"damage":1,"enemies":"Cultist","floor":1,"turns":3},{"damage":7,"enemies":"Jaw Worm","floor":3,"turns":3},{"damage":39,"enemies":"Gremlin Nob","floor":7,"turns":5},{"damage":4,"enemies":"2 Louse","floor":10,"turns":3},{"damage":7,"enemies":"Large Slime","floor":11,"turns":4},{"damage":30,"enemies":"Lagavulin","floor":12,"turns":4}],"seed_played":"-9030878075125542241","potions_obtained":[{"floor":7,"key":"Fire Potion"},{"floor":10,"key":"Weak Potion"},{"floor":11,"key":"AttackPotion"}],"is_trial":false,"path_per_floor":["M","?","M","?","$","R","E","$","T","M","M","E"],"character_chosen":"DEFECT","items_purchased":["Glacier","Self Repair"],"campfire_rested":0,"item_purchase_floors":[5,8],"current_hp_per_floor":[63,63,56,56,56,56,17,17,17,20,20,0],"gold":112,"neow_bonus":"ONE_RARE_RELIC","is_prod":false,"is_daily":false,"chose_seed":false,"campfire_upgraded":1,"win_rate":0,"timestamp":1553628711,"path_taken":["M","?","M","?","$","R","E","?","T","M","M","E"],"build_version":"2019-01-23","purchased_purges":0,"victory":false,"max_hp_per_floor":[71,71,71,71,71,71,71,71,71,71,71,71],"card_choices":[{"not_picked":["Barrage","Skim"],"picked":"Streamline","floor":1},{"not_picked":["Sweeping Beam","Melter"],"picked":"White Noise","floor":3},{"not_picked":["Auto Shields","Cold Snap"],"picked":"Beam Cell","floor":7},{"not_picked":["Recycle","Compile Driver","Turbo"],"picked":"SKIP","floor":10},{"not_picked":["Beam Cell","Steam"],"picked":"Barrage","floor":11}],"player_experience":880574,"relics_obtained":[{"floor":7,"key":"Happy Flower"},{"floor":9,"key":"Orichalcum"}],"event_choices":[{"damage_healed":0,"gold_gain":0,"player_choice":"Take Wound","damage_taken":0,"relics_obtained":["Golden Idol"],"max_hp_gain":0,"max_hp_loss":0,"event_name":"Golden Idol","floor":2,"gold_loss":0,"cards_obtained":["Injury"]},{"damage_healed":0,"gold_gain":0,"player_choice":"Fled","damage_taken":0,"max_hp_gain":0,"max_hp_loss":0,"event_name":"Scrap Ooze","floor":4,"gold_loss":0}],"is_beta":false,"boss_relics":[],"items_purged_floors":[],"is_endless":false,"potions_floor_spawned":[7,10,11],"killed_by":"Lagavulin","ascension_level":20}