{"gold_per_floor":[118,118,8,22,22,55,67,126,203,203,229,244,262,281,281,385,385,397,297,312,187,187,221,71,71,71,71,71,25,41,41,41,41],"floor_reached":33,"playtime":1037,"items_purged":["Strike_R","Perfected Strike","Hemokinesis","Combust"],"score":512,"play_id":"478673bd-e562-4334-80a8-236e7187d9d9","local_time":"20190417130353","is_ascension_mode":true,"campfire_choices":[{"data":"Rampage","floor":10,"key":"SMITH"},{"data":"Armaments","floor":15,"key":"SMITH"},{"floor":25,"key":"REST"},{"data":"Metallicize","floor":27,"key":"SMITH"},{"data":"Pommel Strike","floor":32,"key":"SMITH"}],"neow_cost":"NONE","seed_source_timestamp":534754836587100,"circlet_count":0,"master_deck":["Bash","Pommel Strike+1","Rampage+1","Armaments+1","Shrug It Off","Warcry","Dropkick","Feed","Demon Form","Warcry","Disarm","Burning Pact","Dark Embrace","Metallicize+1","True Grit","Writhe"],"relics":["Burning Blood","NeowsBlessing","Anchor","Red Skull","Mercury Hourglass","Centennial Puzzle","Pandora\u0027s Box","Incense Burner","Paper Frog","Potion Belt"],"potions_floor_usage":[23,30],"damage_taken":[{"damage":0,"enemies":"Small Slimes","floor":1,"turns":1},{"damage":0,"enemies":"Cultist","floor":4,"turns":1},{"damage":0,"enemies":"Lagavulin","floor":6,"turns":1},{"damage":2,"enemies":"Jaw Worm","floor":7,"turns":4},{"damage":37,"enemies":"3 Sentries","floor":8,"turns":7},{"damage":32,"enemies":"Gremlin Nob","floor":11,"turns":4},{"damage":0,"enemies":"Looter","floor":12,"turns":3},{"damage":0,"enemies":"2 Fungi Beasts","floor":13,"turns":3},{"damage":2,"enemies":"Exordium Wildlife","floor":14,"turns":4},{"damage":0,"enemies":"Slime Boss","floor":16,"turns":5},{"damage":18,"enemies":"Shell Parasite","floor":18,"turns":4},{"damage":6,"enemies":"Spheric Guardian","floor":20,"turns":3},{"damage":74,"enemies":"Book of Stabbing","floor":23,"turns":7},{"damage":14,"enemies":"Colosseum Slavers","floor":28,"turns":6},{"damage":0,"enemies":"Cultist and Chosen","floor":30,"turns":6},{"damage":39,"enemies":"Collector","floor":33,"turns":7}],"seed_played":"-5158548967443473682","potions_obtained":[{"floor":4,"key":"GamblersBrew"},{"floor":11,"key":"Block Potion"},{"floor":12,"key":"Ancient Potion"},{"floor":16,"key":"Regen Potion"},{"floor":20,"key":"Swift Potion"}],"is_trial":false,"path_per_floor":["M","?","$","M","?","E","M","?","T","R","E","M","M","M","R","B",null,"M","$","M","$","?","E","$","R","T","R","?","$","M","?","R","B"],"character_chosen":"IRONCLAD","items_purchased":["Rampage","True Grit"],"campfire_rested":1,"item_purchase_floors":[3,29],"current_hp_per_floor":[78,80,80,80,80,80,80,49,49,49,23,29,35,39,39,45,71,63,63,63,63,63,13,13,39,39,39,35,35,45,45,45,6],"gold":41,"neow_bonus":"THREE_ENEMY_KILL","is_prod":false,"is_daily":false,"chose_seed":false,"campfire_upgraded":4,"win_rate":0,"timestamp":1555477433,"path_taken":["M","?","?","M","?","E","?","?","T","R","E","M","M","M","R","BOSS","M","$","M","$","?","E","$","R","T","R","?","?","M","?","R","BOSS"],"build_version":"2019-01-23","purchased_purges":4,"victory":false,"max_hp_per_floor":[80,80,80,80,80,80,80,80,80,80,80,80,80,80,80,80,80,84,84,84,84,84,87,87,87,87,87,91,91,95,95,95,95],"card_choices":[{"not_picked":["Cleave","Dual Wield"],"picked":"Pommel Strike","floor":1},{"not_picked":["Anger","Corruption"],"picked":"Armaments","floor":4},{"not_picked":["Burning Pact","Anger"],"picked":"Shrug It Off","floor":6},{"not_picked":["Pommel Strike","Warcry","Clash"],"picked":"SKIP","floor":7},{"not_picked":["Pommel Strike","Clash"],"picked":"Warcry","floor":7},{"not_picked":["Reckless Charge","Barricade","Dropkick"],"picked":"SKIP","floor":11},{"not_picked":["Reckless Charge","Barricade","Dropkick"],"picked":"SKIP","floor":11},{"not_picked":["Reckless Charge","Barricade"],"picked":"Dropkick","floor":11},{"not_picked":["Heavy Blade","Sword Boomerang","Blood for Blood"],"picked":"SKIP","floor":12},{"not_picked":["Clothesline","Twin Strike","Exhume"],"picked":"SKIP","floor":13},{"not_picked":["Cleave","Wild Strike","Infernal Blade"],"picked":"SKIP","floor":14},{"not_picked":["Bludgeon","Fiend Fire"],"picked":"Feed","floor":16},{"not_picked":["Clothesline","Twin Strike","Iron Wave"],"picked":"SKIP","floor":18},{"not_picked":["Armaments+1","Clash","Hemokinesis"],"picked":"SKIP","floor":20},{"not_picked":["Dual Wield","Havoc+1"],"picked":"Metallicize","floor":23},{"not_picked":["Burning Pact","Seeing Red","Heavy Blade"],"picked":"SKIP","floor":30}],"player_experience":507039,"relics_obtained":[{"floor":6,"key":"Anchor"},{"floor":9,"key":"Mercury Hourglass"},{"floor":11,"key":"Centennial Puzzle"},{"floor":23,"key":"Incense Burner"},{"floor":26,"key":"Paper Frog"}],"event_choices":[{"damage_healed":2,"gold_gain":0,"player_choice":"Full Heal","damage_taken":0,"max_hp_gain":0,"max_hp_loss":0,"event_name":"Wheel of Change","floor":2,"gold_loss":0},{"damage_healed":0,"gold_gain":0,"player_choice":"Ignored","damage_taken":0,"max_hp_gain":0,"max_hp_loss":0,"event_name":"Liars Game","floor":5,"gold_loss":0},{"damage_healed":0,"gold_gain":0,"player_choice":"Searched \u00272\u0027 times","damage_taken":0,"relics_obtained":["Red Skull"],"max_hp_gain":0,"max_hp_loss":0,"event_name":"Dead Adventurer","floor":8,"gold_loss":0},{"damage_healed":0,"gold_gain":0,"cards_transformed":["Cleave","Anger"],"player_choice":"Became Test Subject","damage_taken":0,"max_hp_gain":0,"max_hp_loss":0,"event_name":"Drug Dealer","floor":22,"gold_loss":0,"cards_obtained":["Dark Embrace","Combust"]},{"damage_healed":0,"gold_gain":0,"player_choice":"Fight","damage_taken":0,"max_hp_gain":0,"max_hp_loss":0,"event_name":"Colosseum","floor":28,"gold_loss":0},{"damage_healed":0,"gold_gain":0,"player_choice":"Fled From Nobs","damage_taken":0,"max_hp_gain":0,"max_hp_loss":0,"event_name":"Colosseum","floor":28,"gold_loss":0},{"damage_healed":0,"gold_gain":0,"player_choice":"Opened","damage_taken":0,"relics_obtained":["Potion Belt"],"max_hp_gain":0,"max_hp_loss":0,"event_name":"The Mausoleum","floor":31,"gold_loss":0,"cards_obtained":["Writhe"]}],"is_beta":false,"boss_relics":[{"not_picked":["Tiny House","Philosopher\u0027s Stone"],"picked":"Pandora\u0027s Box"}],"items_purged_floors":[3,19,21,24],"is_endless":false,"potions_floor_spawned":[4,11,12,13,16,20,28],"killed_by":"Collector","ascension_level":8}