{"gold_per_floor":[116,22,32,107,107,132,29,41,41,57,83,83,97,97,97,97],"floor_reached":16,"playtime":627,"items_purged":[],"score":135,"play_id":"86ed58ab-07b3-499a-90c0-f6af5689b469","local_time":"20190402171903","is_ascension_mode":false,"campfire_choices":[{"floor":12,"key":"REST"},{"floor":15,"key":"REST"}],"neow_cost":"NONE","seed_source_timestamp":909262760183,"circlet_count":0,"master_deck":["Strike_B","Strike_B","Strike_B","Strike_B","Defend_B","Defend_B","Defend_B","Defend_B","Zap","Dualcast","Force Field","Heatsinks","Steam","Loop","Tempest","Storm","Go for the Eyes","Genetic Algorithm","Barrage+1","Ball Lightning","Doom and Gloom+1"],"relics":["Cracked Core","NeowsBlessing","Calipers","Shovel","Thread and Needle"],"potions_floor_usage":[],"damage_taken":[{"damage":0,"enemies":"2 Louse","floor":1,"turns":1},{"damage":0,"enemies":"Jaw Worm","floor":3,"turns":1},{"damage":0,"enemies":"Gremlin Nob","floor":6,"turns":1},{"damage":0,"enemies":"Cultist","floor":8,"turns":3},{"damage":17,"enemies":"Lots of Slimes","floor":10,"turns":4},{"damage":27,"enemies":"Lagavulin","floor":11,"turns":6},{"damage":0,"enemies":"Exordium Wildlife","floor":13,"turns":4},{"damage":51,"enemies":"Hexaghost","floor":16,"turns":9}],"seed_played":"-9005487085309881712","potions_obtained":[{"floor":1,"key":"Poison Potion"},{"floor":6,"key":"Fire Potion"},{"floor":13,"key":"Weak Potion"}],"is_trial":false,"path_per_floor":["M","$","M","?","T","E","$","M","T","M","E","R","M","?","R","B"],"character_chosen":"DEFECT","items_purchased":["Heatsinks","Steam","Storm","Go for the Eyes"],"campfire_rested":2,"item_purchase_floors":[2,2,7,7],"current_hp_per_floor":[75,75,75,64,64,64,64,64,64,47,20,42,42,27,49,0],"gold":97,"neow_bonus":"THREE_ENEMY_KILL","is_prod":false,"is_daily":false,"chose_seed":false,"campfire_upgraded":0,"win_rate":0,"timestamp":1554250743,"path_taken":["M","$","M","?","?","E","$","M","T","?","E","R","?","?","R","BOSS"],"build_version":"2019-01-23","purchased_purges":0,"victory":false,"max_hp_per_floor":[75,75,75,75,75,75,75,75,75,75,75,75,75,75,75,75],"card_choices":[{"not_picked":["Turbo","Go for the Eyes"],"picked":"Force Field","floor":1},{"not_picked":["Force Field","Redo"],"picked":"Loop","floor":3},{"not_picked":["Leap","Turbo"],"picked":"Tempest","floor":6},{"not_picked":["Ball Lightning","Steam"],"picked":"Genetic Algorithm","floor":8},{"not_picked":["Genetic Algorithm","Gash"],"picked":"Barrage","floor":10},{"not_picked":["Hologram","Steam"],"picked":"Ball Lightning","floor":11},{"not_picked":["Gash","Reprogram"],"picked":"Doom and Gloom","floor":13}],"player_experience":466415,"relics_obtained":[{"floor":6,"key":"Calipers"},{"floor":9,"key":"Shovel"},{"floor":11,"key":"Thread and Needle"}],"event_choices":[{"damage_healed":0,"gold_gain":75,"player_choice":"Gather Gold","damage_taken":11,"max_hp_gain":0,"max_hp_loss":0,"event_name":"World of Goop","floor":4,"gold_loss":0},{"damage_healed":0,"gold_gain":0,"player_choice":"Entered Light","damage_taken":15,"max_hp_gain":0,"max_hp_loss":0,"event_name":"Shining Light","floor":14,"gold_loss":0,"cards_upgraded":["Doom and Gloom","Barrage"]}],"is_beta":false,"boss_relics":[],"items_purged_floors":[],"is_endless":false,"potions_floor_spawned":[1,6,13],"killed_by":"Hexaghost","ascension_level":0}