{"gold_per_floor":[112,112,124,138,156,156,169,197,224,224,254,267,71,89,89,184,184,196,51,71,91,91,91,42,60,60,60,60,77,107,118,118,118],"floor_reached":33,"playtime":3459,"items_purged":[],"score":436,"play_id":"5eecca32-8819-413e-85b8-96bbad330e0f","local_time":"20190408212053","is_ascension_mode":true,"campfire_choices":[{"data":"Shrug It Off","floor":6,"key":"SMITH"},{"floor":10,"key":"REST"},{"data":"Armaments","floor":15,"key":"SMITH"},{"floor":23,"key":"REST"},{"floor":27,"key":"REST"},{"floor":32,"key":"REST"}],"neow_cost":"NONE","seed_source_timestamp":1284230087394500,"circlet_count":0,"master_deck":["AscendersBane","Strike_R+1","Strike_R+1","Defend_R+1","Defend_R+1","Defend_R+1","Bash","Finesse","Shrug It Off+1","Iron Wave","Seeing Red","Evolve","Ghostly Armor","Rampage","Armaments+1","Sword Boomerang","Double Tap","Shockwave+1","Wild Strike+1","Twin Strike","Uppercut","Berserk","Juggernaut","Flame Barrier+1","Demon Form"],"relics":["Burning Blood","Dodecahedron","Potion Belt","Vajra","Red Skull","Lee\u0027s Waffle","Astrolabe","PreservedInsect","Mummified Hand","Shuriken"],"potions_floor_usage":[8,11,20,21,21,25,30,30,33,33],"damage_taken":[{"damage":0,"enemies":"2 Louse","floor":1,"turns":4},{"damage":1,"enemies":"Jaw Worm","floor":3,"turns":5},{"damage":12,"enemies":"Small Slimes","floor":4,"turns":4},{"damage":7,"enemies":"3 Louse","floor":5,"turns":5},{"damage":7,"enemies":"Looter","floor":7,"turns":4},{"damage":25,"enemies":"3 Sentries","floor":8,"turns":9},{"damage":39,"enemies":"Lagavulin","floor":11,"turns":11},{"damage":7,"enemies":"Large Slime","floor":12,"turns":5},{"damage":0,"enemies":"2 Fungi Beasts","floor":14,"turns":4},{"damage":45,"enemies":"Slime Boss","floor":16,"turns":8},{"damage":5,"enemies":"Shell Parasite","floor":18,"turns":7},{"damage":14,"enemies":"2 Thieves","floor":20,"turns":5},{"damage":13,"enemies":"Centurion and Healer","floor":21,"turns":8},{"damage":36,"enemies":"Snake Plant","floor":25,"turns":5},{"damage":34,"enemies":"Shelled Parasite and Fungi","floor":29,"turns":9},{"damage":25,"enemies":"Gremlin Leader","floor":30,"turns":7},{"damage":22,"enemies":"Centurion and Healer","floor":31,"turns":5},{"damage":46,"enemies":"Champ","floor":33,"turns":6}],"seed_played":"-7542644552486756233","potions_obtained":[{"floor":5,"key":"Weak Potion"},{"floor":7,"key":"Explosive Potion"},{"floor":12,"key":"Block Potion"},{"floor":14,"key":"EssenceOfSteel"},{"floor":16,"key":"FearPotion"},{"floor":18,"key":"LiquidBronze"},{"floor":20,"key":"SkillPotion"},{"floor":29,"key":"Block Potion"},{"floor":31,"key":"FearPotion"}],"is_trial":false,"path_per_floor":["M","?","M","M","M","R","M","E","T","R","E","M","$","M","R","B",null,"M","$","M","M","?","R","$","M","T","R","?","M","E","M","R","B"],"character_chosen":"IRONCLAD","items_purchased":["Lee\u0027s Waffle","PreservedInsect","Block Potion"],"campfire_rested":4,"item_purchase_floors":[13,19,24],"current_hp_per_floor":[78,71,76,70,69,69,68,49,49,73,40,39,87,87,87,48,77,78,78,70,63,63,87,87,57,57,83,83,55,36,20,46,0],"gold":118,"neow_bonus":"RANDOM_COLORLESS","is_prod":false,"is_daily":false,"chose_seed":false,"campfire_upgraded":2,"win_rate":0,"timestamp":1554751253,"path_taken":["M","?","M","M","M","R","M","E","T","R","E","M","$","M","R","BOSS","M","$","M","M","?","R","$","M","T","R","?","M","E","M","R","BOSS"],"build_version":"2019-01-23","purchased_purges":0,"victory":false,"max_hp_per_floor":[80,80,80,80,80,80,80,80,80,80,80,80,87,87,87,87,87,87,87,87,87,87,87,87,87,87,87,87,87,87,87,87,87],"card_choices":[{"not_picked":["Headbutt","Armaments"],"picked":"Shrug It Off","floor":1},{"not_picked":["Armaments","Heavy Blade"],"picked":"Iron Wave","floor":3},{"not_picked":["Heavy Blade","Blood for Blood"],"picked":"Seeing Red","floor":4},{"not_picked":["Anger","Battle Trance"],"picked":"Evolve","floor":5},{"not_picked":["Bloodletting","Flex","Exhume"],"picked":"SKIP","floor":7},{"not_picked":["Havoc","Headbutt"],"picked":"Ghostly Armor","floor":8},{"not_picked":["Flex","Body Slam"],"picked":"Rampage","floor":11},{"not_picked":["Disarm","Uppercut"],"picked":"Armaments","floor":12},{"not_picked":["Clash","Flex"],"picked":"Sword Boomerang","floor":14},{"not_picked":["Exhume","Feed"],"picked":"Double Tap","floor":16},{"not_picked":["Combust","Intimidate"],"picked":"Twin Strike","floor":18},{"not_picked":["Pommel Strike","Perfected Strike"],"picked":"Uppercut","floor":20},{"not_picked":["Armaments","Warcry","Wild Strike"],"picked":"SKIP","floor":21},{"not_picked":["Bloodletting","Rampage"],"picked":"Flame Barrier+1","floor":25},{"not_picked":["Bloodletting","Havoc"],"picked":"Demon Form","floor":29},{"not_picked":["Dual Wield","Thunderclap","Headbutt+1"],"picked":"SKIP","floor":30},{"not_picked":["Armaments","Bloodletting+1","Warcry"],"picked":"SKIP","floor":31}],"player_experience":641376,"relics_obtained":[{"floor":8,"key":"Potion Belt"},{"floor":9,"key":"Vajra"},{"floor":11,"key":"Red Skull"},{"floor":26,"key":"Mummified Hand"},{"floor":30,"key":"Shuriken"}],"event_choices":[{"damage_healed":0,"gold_gain":0,"player_choice":"Success","damage_taken":7,"relics_obtained":["Dodecahedron"],"max_hp_gain":0,"max_hp_loss":0,"event_name":"Scrap Ooze","floor":2,"gold_loss":0},{"damage_healed":0,"gold_gain":0,"cards_transformed":["Havoc","Strike_R"],"player_choice":"Became Test Subject","damage_taken":0,"max_hp_gain":0,"max_hp_loss":0,"event_name":"Drug Dealer","floor":22,"gold_loss":0,"cards_obtained":["Berserk","Juggernaut"]},{"damage_healed":0,"gold_gain":0,"player_choice":"Simplicity","damage_taken":0,"max_hp_gain":0,"max_hp_loss":0,"event_name":"Back to Basics","floor":28,"gold_loss":0,"cards_upgraded":["Strike_R","Strike_R","Defend_R","Defend_R","Defend_R"]}],"is_beta":false,"boss_relics":[{"not_picked":["Lizard Tail","Pandora\u0027s Box"],"picked":"Astrolabe"}],"items_purged_floors":[],"is_endless":false,"potions_floor_spawned":[5,7,12,14,16,18,20,29,31],"killed_by":"Champ","ascension_level":11}