{"gold_per_floor":[114,114,125,125,47,47,67,78,153,164,174,99,99,114,114,212,212,225,236,136,166,16,32,32,51,125,125,141,141,121,138,138,138],"floor_reached":33,"playtime":851,"items_purged":["Bash","Defend_R","Defend_R"],"score":266,"play_id":"c9bc281a-0bf4-4351-b169-ad1ee6ad1bd2","local_time":"20180726215128","is_ascension_mode":false,"campfire_choices":[{"data":"Perfected Strike","floor":6,"key":"SMITH"},{"floor":13,"key":"REST"},{"data":"Battle Trance","floor":15,"key":"SMITH"},{"floor":24,"key":"REST"},{"data":"Perfected Strike","floor":29,"key":"SMITH"},{"floor":32,"key":"REST"}],"neow_cost":"NONE","seed_source_timestamp":25614872538047,"circlet_count":0,"master_deck":["Strike_R","Strike_R","Strike_R","Strike_R","Strike_R","Defend_R","Defend_R","Perfected Strike+1","Perfected Strike+1","Wild Strike","Perfected Strike","Battle Trance+1","Perfected Strike","Offering","Twin Strike","Offering","Thunderclap","Warcry+1","Twin Strike","Wild Strike","Power Through","Ghostly Armor"],"relics":["White Beast Statue"],"potions_floor_usage":[8,8,10,11,11,11,16,16,16,19,19,25,25,28,31,33,33,33],"damage_taken":[{"damage":22,"enemies":"Small Slimes","floor":1,"turns":3},{"damage":0,"enemies":"2 Louse","floor":3,"turns":3},{"damage":6,"enemies":"Jaw Worm","floor":7,"turns":2},{"damage":12,"enemies":"Blue Slaver","floor":8,"turns":2},{"damage":6,"enemies":"Looter","floor":10,"turns":2},{"damage":8,"enemies":"Lots of Slimes","floor":11,"turns":2},{"damage":0,"enemies":"Large Slime","floor":14,"turns":2},{"damage":34,"enemies":"Hexaghost","floor":16,"turns":6},{"damage":15,"enemies":"Chosen","floor":18,"turns":2},{"damage":5,"enemies":"3 Byrds","floor":19,"turns":3},{"damage":15,"floor":21,"turns":2},{"damage":5,"enemies":"Centurion and Healer","floor":23,"turns":2},{"damage":3,"enemies":"Snake Plant","floor":25,"turns":2},{"damage":28,"enemies":"Chosen and Byrds","floor":28,"turns":3},{"damage":10,"enemies":"Snecko","floor":31,"turns":1},{"damage":92,"enemies":"Champ","floor":33,"turns":7}],"seed_played":"-1628866287813201971","potions_obtained":[{"floor":1,"key":"EntropicBrew"},{"floor":3,"key":"Swift Potion"},{"floor":7,"key":"EntropicBrew"},{"floor":8,"key":"EntropicBrew"},{"floor":10,"key":"Fire Potion"},{"floor":11,"key":"BloodPotion"},{"floor":16,"key":"AttackPotion"},{"floor":19,"key":"Explosive Potion"},{"floor":21,"key":"Block Potion"},{"floor":25,"key":"BloodPotion"},{"floor":28,"key":"SneckoOil"},{"floor":30,"key":"FearPotion"},{"floor":31,"key":"BloodPotion"}],"is_trial":false,"path_per_floor":["M","?","M","?","$","R","M","M","T","M","M","$","R","M","R","B",null,"M","M","$","?","$","M","R","M","T","?","M","R","?","M","R"],"character_chosen":"IRONCLAD","items_purchased":["Wild Strike","Perfected Strike","Twin Strike"],"campfire_rested":3,"item_purchase_floors":[5,5,22],"current_hp_per_floor":[58,55,55,55,55,55,49,37,37,31,23,23,47,47,47,21,80,65,60,60,45,45,40,64,61,61,61,33,33,33,23,47,0],"gold":138,"neow_bonus":"BOSS_RELIC","is_prod":false,"is_daily":false,"chose_seed":false,"campfire_upgraded":3,"win_rate":0,"timestamp":1532613088,"path_taken":["M","?","M","?","$","R","M","M","T","M","M","$","R","M","R","BOSS","M","M","$","?","$","M","R","M","T","?","M","R","?","?","R","BOSS"],"build_version":"2018-07-19v2","purchased_purges":3,"victory":false,"max_hp_per_floor":[80,80,80,80,80,80,80,80,80,80,80,80,80,80,80,80,80,80,80,80,80,80,80,80,80,80,80,80,80,80,80,80,80],"card_choices":[{"not_picked":["Heavy Blade","Corruption"],"picked":"Perfected Strike","floor":1},{"not_picked":["Disarm","Flame Barrier"],"picked":"Perfected Strike","floor":3},{"not_picked":["Heavy Blade","Perfected Strike"],"picked":"Battle Trance","floor":7},{"not_picked":["Pummel","Flex"],"picked":"Perfected Strike","floor":8},{"not_picked":["Carnage","Clash"],"picked":"Offering","floor":10},{"not_picked":["Sword Boomerang","Flex"],"picked":"Twin Strike","floor":11},{"not_picked":["Armaments","Whirlwind","Havoc"],"picked":"SKIP","floor":14},{"not_picked":["Barricade","Immolate"],"picked":"Offering","floor":16},{"not_picked":["Power Through+1","Inflame","Spot Weakness"],"picked":"SKIP","floor":18},{"not_picked":["Headbutt+1","Flex"],"picked":"Thunderclap","floor":19},{"not_picked":["Anger","Thunderclap+1"],"picked":"Warcry+1","floor":21},{"not_picked":["Power Through","Searing Blow"],"picked":"Wild Strike","floor":23},{"not_picked":["Fire Breathing+1","Shrug It Off"],"picked":"Power Through","floor":25},{"not_picked":["Reckless Charge","Combust+1","Spot Weakness"],"picked":"SKIP","floor":28},{"not_picked":["Body Slam","Heavy Blade+1"],"picked":"Ghostly Armor","floor":31}],"player_experience":326529,"relics_obtained":[],"event_choices":[{"event_name":"Scrap Ooze","player_choice":"unsuccessful","floor":2,"damage_taken":3},{"event_name":"Golden Idol","player_choice":"Ignored","floor":4,"damage_taken":0},{"event_name":"Masked Bandits","player_choice":"Fought over 136 gold","floor":21,"damage_taken":0},{"event_name":"Ghosts","player_choice":"Ignored","floor":27,"damage_taken":0},{"event_name":"The Woman in Blue","player_choice":"Bought 1 Potion","floor":30,"damage_taken":0}],"is_beta":false,"boss_relics":[{"not_picked":["Sozu","Runic Pyramid","Tiny House"]}],"items_purged_floors":[12,20,22],"is_endless":false,"potions_floor_spawned":[1,3,7,8,10,11,14,16,18,19,21,23,25,28,31],"killed_by":"Champ","ascension_level":0}