{"gold_per_floor":[111,130,142,5,24,24,53,53,53,72,103,103,121,132,132,235,235,254,48,82,82,100,133,151,151,205,205,216,216,53,64,64,64],"floor_reached":33,"playtime":3560,"items_purged":["Strike_R"],"score":279,"play_id":"88b76b47-9edd-4356-b833-e448ce338624","local_time":"20180713142631","is_ascension_mode":false,"campfire_choices":[{"data":"Infernal Blade","floor":6,"key":"SMITH"},{"floor":8,"key":"REST"},{"data":"Iron Wave","floor":15,"key":"SMITH"},{"floor":25,"key":"REST"},{"data":"Cleave","floor":27,"key":"SMITH"},{"floor":32,"key":"REST"}],"neow_cost":"NONE","seed_source_timestamp":4483160748174,"circlet_count":0,"master_deck":["Strike_R","Strike_R","Strike_R","Strike_R","Defend_R","Defend_R","Defend_R","Defend_R","Bash","Armaments","Cleave+1","Infernal Blade+1","True Grit","Impervious","Armaments","Clothesline","Disarm","Iron Wave+1","Flex","Shrug It Off","Bludgeon","Seeing Red+1","Cleave","Warcry+1","Spot Weakness+1","Flex+1","Headbutt+1","Infernal Blade+1","Finesse+1","Flame Barrier+1"],"relics":["Burning Blood","Meat on the Bone","Question Card","Dodecahedron","Black Star","Sling","Red Mask","Toxic Egg 2","Oddly Smooth Stone","Strawberry","Anchor"],"potions_floor_usage":[14,16,23,33,33],"damage_taken":[{"damage":5,"enemies":"Cultist","floor":1,"turns":4},{"damage":1,"enemies":"Jaw Worm","floor":2,"turns":3},{"damage":0,"enemies":"2 Louse","floor":3,"turns":2},{"damage":7,"enemies":"2 Fungi Beasts","floor":5,"turns":3},{"damage":24,"enemies":"Gremlin Nob","floor":7,"turns":4},{"damage":4,"enemies":"Lots of Slimes","floor":10,"turns":5},{"damage":22,"enemies":"3 Sentries","floor":11,"turns":7},{"damage":0,"enemies":"Exordium Thugs","floor":13,"turns":4},{"damage":21,"enemies":"Gremlin Gang","floor":14,"turns":7},{"damage":60,"enemies":"The Guardian","floor":16,"turns":21},{"damage":0,"enemies":"Spheric Guardian","floor":18,"turns":3},{"damage":60,"floor":20,"turns":8},{"damage":4,"enemies":"3 Byrds","floor":22,"turns":6},{"damage":24,"enemies":"Slavers","floor":23,"turns":4},{"damage":11,"enemies":"Snecko","floor":24,"turns":4},{"damage":29,"enemies":"3 Cultists","floor":28,"turns":6},{"damage":16,"enemies":"Cultist and Chosen","floor":31,"turns":6},{"damage":89,"enemies":"Collector","floor":33,"turns":10}],"seed_played":"6347880489080325224","potions_obtained":[{"floor":2,"key":"GamblersBrew"},{"floor":3,"key":"SmokeBomb"},{"floor":11,"key":"AttackPotion"},{"floor":12,"key":"Regen Potion"},{"floor":16,"key":"SteroidPotion"},{"floor":18,"key":"Swift Potion"},{"floor":28,"key":"SpeedPotion"},{"floor":31,"key":"Dexterity Potion"}],"is_trial":false,"path_per_floor":["M","M","M","$","M","R","E","R","T","M","E","?","M","M","R","B",null,"M","$","?","T","M","E","M","R","T","R","M","?","$","M","R"],"character_chosen":"IRONCLAD","items_purchased":["Impervious","Sling","Finesse+1"],"campfire_rested":3,"item_purchase_floors":[4,19,30],"current_hp_per_floor":[80,80,80,80,79,79,61,80,80,80,64,64,70,70,70,28,80,80,80,38,38,52,53,60,86,86,86,63,63,63,53,79,0],"gold":64,"neow_bonus":"THREE_CARDS","is_prod":false,"is_daily":false,"chose_seed":false,"campfire_upgraded":3,"win_rate":0.0,"timestamp":1531484791,"path_taken":["M","?","M","$","M","R","E","R","T","M","E","?","M","M","R","BOSS","M","$","?","?","M","E","M","R","T","R","?","?","$","?","R","BOSS"],"build_version":"2018-07-12","purchased_purges":1,"victory":false,"max_hp_per_floor":[80,80,80,80,80,80,80,80,80,80,80,80,80,80,80,80,80,80,80,80,80,80,87,87,87,87,87,87,87,87,87,87,87],"card_choices":[{"not_picked":["Entrench","Sever Soul"],"picked":"Armaments","floor":0},{"not_picked":["Armaments","Shrug It Off"],"picked":"Cleave","floor":1},{"not_picked":["Twin Strike","Shockwave"],"picked":"Infernal Blade","floor":2},{"not_picked":["Anger","Body Slam"],"picked":"True Grit","floor":3},{"not_picked":["Cleave","Brutality"],"picked":"Armaments","floor":5},{"not_picked":["Clash","True Grit"],"picked":"Clothesline","floor":7},{"not_picked":["Perfected Strike","Entrench","Blood for Blood"],"picked":"Disarm","floor":10},{"not_picked":["Second Wind","Reckless Charge","Carnage"],"picked":"Iron Wave","floor":11},{"not_picked":["Heavy Blade","Clash","Warcry"],"picked":"Flex","floor":13},{"not_picked":["True Grit","Bloodletting","Clash"],"picked":"Shrug It Off","floor":14},{"not_picked":["Double Tap","Demon Form","Barricade"],"picked":"Bludgeon","floor":16},{"not_picked":["Pummel","Armaments","Clash"],"picked":"Seeing Red+1","floor":18},{"not_picked":["Pommel Strike","Corruption","Thunderclap"],"picked":"Cleave","floor":20},{"not_picked":["Disarm+1","Dropkick","Dual Wield+1"],"picked":"Warcry+1","floor":22},{"not_picked":["Perfected Strike","Reckless Charge+1","Warcry+1"],"picked":"Spot Weakness+1","floor":23},{"not_picked":["Anger","Pommel Strike","Headbutt"],"picked":"Flex+1","floor":24},{"not_picked":["Pommel Strike","Warcry+1","True Grit+1"],"picked":"Headbutt+1","floor":28},{"not_picked":["Clash+1","Flex+1","Anger"],"picked":"Flame Barrier+1","floor":31}],"player_experience":70317,"relics_obtained":[{"floor":7,"key":"Meat on the Bone"},{"floor":9,"key":"Question Card"},{"floor":11,"key":"Dodecahedron"},{"floor":20,"key":"Red Mask"},{"floor":21,"key":"Toxic Egg 2"},{"floor":23,"key":"Oddly Smooth Stone"},{"floor":23,"key":"Strawberry"},{"floor":26,"key":"Anchor"}],"event_choices":[{"event_name":"The Lab","player_choice":"Got Potions","floor":12,"damage_taken":0},{"event_name":"Masked Bandits","player_choice":"Fought over 48 gold","floor":20,"damage_taken":0},{"event_name":"The Library","player_choice":"Read","floor":29,"damage_taken":0}],"boss_relics":[{"not_picked":["Fusion Hammer","Philosopher\u0027s Stone"],"picked":"Black Star"}],"items_purged_floors":[30],"is_endless":false,"potions_floor_spawned":[2,3,11,16,18,28,31],"killed_by":"Collector","ascension_level":0}