{"gold_per_floor":[111,111,111,121,50,50,78,78,78,78,89,118,135,153,153,253,253,271,271,63,76,87,87,119,119,144,69,103,121,140,175,175,175],"floor_reached":33,"playtime":1956,"items_purged":["Regret"],"score":340,"play_id":"c07232b3-8fef-4540-82bf-1670bc49b6a2","local_time":"20180715114122","is_ascension_mode":false,"campfire_choices":[{"data":"Rampage","floor":6,"key":"SMITH"},{"floor":8,"key":"REST"},{"data":"Heavy Blade","floor":10,"key":"SMITH"},{"floor":15,"key":"REST"},{"floor":23,"key":"REST"},{"floor":25,"key":"REST"},{"floor":32,"key":"REST"}],"neow_cost":"NONE","seed_source_timestamp":147895060536933,"circlet_count":0,"master_deck":["Strike_R","Strike_R","Strike_R","Strike_R","Strike_R","Defend_R","Defend_R","Defend_R","Bash","Body Slam","Heavy Blade+1","Rampage+1","Inflame","Cleave","Barricade","Feed","Spot Weakness","Flex","Limit Break","Flex","Warcry+1","Headbutt","True Grit","Infernal Blade","True Grit","Seeing Red","Thunderclap+1"],"relics":["Burning Blood","Ice Cream","Lantern","Letter Opener","Mercury Hourglass","Cursed Key","Sling","Strawberry","Vajra","Blood Vial","Bag of Preparation"],"potions_floor_usage":[7,16,16,16,28,28,28],"damage_taken":[{"damage":0,"enemies":"Small Slimes","floor":1,"turns":3},{"damage":3,"enemies":"Jaw Worm","floor":4,"turns":4},{"damage":27,"enemies":"Gremlin Nob","floor":7,"turns":5},{"damage":1,"enemies":"Cultist","floor":11,"turns":3},{"damage":35,"enemies":"Lagavulin","floor":12,"turns":6},{"damage":12,"enemies":"Exordium Wildlife","floor":13,"turns":3},{"damage":0,"enemies":"Large Slime","floor":14,"turns":5},{"damage":46,"enemies":"The Guardian","floor":16,"turns":8},{"damage":5,"enemies":"Chosen","floor":18,"turns":4},{"damage":0,"enemies":"Spheric Guardian","floor":21,"turns":3},{"damage":47,"enemies":"Snecko","floor":22,"turns":5},{"damage":36,"enemies":"Book of Stabbing","floor":24,"turns":4},{"damage":23,"enemies":"Slavers","floor":28,"turns":2},{"damage":29,"enemies":"Snake Plant","floor":29,"turns":4},{"damage":5,"enemies":"Centurion and Healer","floor":30,"turns":3},{"damage":21,"enemies":"Book of Stabbing","floor":31,"turns":3},{"damage":83,"enemies":"Collector","floor":33,"turns":5}],"seed_played":"1929118282310946423","potions_obtained":[{"floor":4,"key":"SpeedPotion"},{"floor":11,"key":"Swift Potion"},{"floor":12,"key":"Swift Potion"},{"floor":14,"key":"Ancient Potion"},{"floor":16,"key":"Ancient Potion"},{"floor":22,"key":"Explosive Potion"},{"floor":24,"key":"EssenceOfSteel"}],"is_trial":false,"path_per_floor":["M","?","?","M","$","R","E","R","T","R","M","E","M","M","R","B",null,"M","?","$","M","M","R","E","R","T","$","E","M","M","E","R"],"character_chosen":"IRONCLAD","items_purchased":["Inflame","Sling"],"campfire_rested":5,"item_purchase_floors":[5,20],"current_hp_per_floor":[80,80,73,76,76,76,55,79,79,79,80,51,48,54,78,41,86,86,86,86,86,48,74,51,79,79,79,62,41,44,31,59,0],"gold":175,"neow_bonus":"TRANSFORM_CARD","is_prod":false,"is_daily":false,"chose_seed":false,"campfire_upgraded":2,"win_rate":0.0,"timestamp":1531647682,"path_taken":["M","?","?","M","?","R","E","R","T","R","?","E","M","M","R","BOSS","M","?","$","M","M","R","E","R","T","?","E","M","M","E","R","BOSS"],"build_version":"2018-07-12","purchased_purges":1,"victory":false,"max_hp_per_floor":[80,80,80,80,80,80,80,80,80,80,80,80,83,83,83,86,86,86,86,86,86,89,89,96,96,96,96,96,96,96,96,96,96],"card_choices":[{"not_picked":["Twin Strike","Anger"],"picked":"Heavy Blade","floor":1},{"not_picked":["Flame Barrier","Heavy Blade"],"picked":"Rampage","floor":4},{"not_picked":["Corruption","Armaments"],"picked":"Cleave","floor":7},{"not_picked":["Armaments","Flex"],"picked":"Barricade","floor":11},{"not_picked":["Perfected Strike","Headbutt"],"picked":"Feed","floor":12},{"not_picked":["Second Wind","Twin Strike"],"picked":"Spot Weakness","floor":13},{"not_picked":["Cleave","Armaments"],"picked":"Flex","floor":14},{"not_picked":["Berserk","Demon Form"],"picked":"Limit Break","floor":16},{"not_picked":["Uppercut+1","Twin Strike+1"],"picked":"Flex","floor":18},{"not_picked":["Sword Boomerang","Second Wind"],"picked":"Warcry+1","floor":21},{"not_picked":["Anger+1","Sword Boomerang"],"picked":"Headbutt","floor":22},{"not_picked":["Anger","Clash"],"picked":"True Grit","floor":24},{"not_picked":["Iron Wave","Sword Boomerang+1"],"picked":"Infernal Blade","floor":28},{"not_picked":["Bloodletting+1","Second Wind"],"picked":"True Grit","floor":29},{"not_picked":["Sword Boomerang","Battle Trance"],"picked":"Seeing Red","floor":30},{"not_picked":["Barricade","Disarm+1"],"picked":"Thunderclap+1","floor":31}],"player_experience":75834,"relics_obtained":[{"floor":7,"key":"Lantern"},{"floor":9,"key":"Letter Opener"},{"floor":12,"key":"Mercury Hourglass"},{"floor":24,"key":"Strawberry"},{"floor":26,"key":"Vajra"},{"floor":28,"key":"Blood Vial"},{"floor":31,"key":"Bag of Preparation"}],"event_choices":[{"event_name":"Shining Light","player_choice":"Ignored","floor":2,"damage_taken":0},{"event_name":"Scrap Ooze","player_choice":"success","floor":3,"damage_taken":7},{"event_name":"Drug Dealer","player_choice":"Ignored","floor":19,"damage_taken":0}],"boss_relics":[{"not_picked":["Fusion Hammer","Runic Dome"],"picked":"Cursed Key"}],"items_purged_floors":[27],"is_endless":false,"potions_floor_spawned":[4,11,12,14,16,22,24],"killed_by":"Collector","ascension_level":0}