{"gold_per_floor":[116,116,135,154,179,218,218,143,143,181,205,223,254,254],"floor_reached":14,"playtime":597,"items_purged":["Injury"],"score":140,"play_id":"92b2cf74-7c5a-4d08-bdf0-398a9fee48f1","local_time":"20180818134810","is_ascension_mode":true,"campfire_choices":[{"floor":7,"key":"REST"}],"neow_cost":"NONE","seed_source_timestamp":157624876918514,"circlet_count":0,"master_deck":["Strike_B","Strike_B","Strike_B","Strike_B","Defend_B","Defend_B","Defend_B","Defend_B","Zap","Dualcast","Reboot","Storm","Leap","Coolheaded","Reinforced Body","Conserve Battery","Thunder Strike","Redo"],"relics":["Cracked Core","Golden Idol","Juzu Bracelet","Lantern","Gremlin Horn","Darkstone Periapt"],"potions_floor_usage":[6,10,10,13],"damage_taken":[{"damage":6,"enemies":"Small Slimes","floor":1,"turns":4},{"damage":4,"enemies":"Jaw Worm","floor":3,"turns":4},{"damage":1,"enemies":"Cultist","floor":4,"turns":4},{"damage":10,"enemies":"Red Slaver","floor":5,"turns":4},{"damage":28,"enemies":"Lagavulin","floor":6,"turns":9},{"damage":5,"enemies":"3 Sentries","floor":10,"turns":8},{"damage":7,"enemies":"3 Louse","floor":11,"turns":4},{"damage":9,"enemies":"Large Slime","floor":12,"turns":7},{"damage":21,"enemies":"Gremlin Nob","floor":13,"turns":5},{"damage":14,"enemies":"Gremlin Gang","floor":14,"turns":3}],"seed_played":"-2078622397969768626","potions_obtained":[{"floor":1,"key":"Swift Potion"},{"floor":4,"key":"Weak Potion"},{"floor":5,"key":"Explosive Potion"},{"floor":11,"key":"Block Potion"}],"is_trial":false,"path_per_floor":["M","?","M","M","M","E","R","$","T","E","M","M","E"],"character_chosen":"DEFECT","items_purchased":[],"campfire_rested":1,"item_purchase_floors":[],"current_hp_per_floor":[69,69,65,64,54,26,48,48,48,43,36,27,6,0],"gold":254,"neow_bonus":"ONE_RANDOM_RARE_CARD","is_prod":false,"is_daily":false,"chose_seed":false,"campfire_upgraded":0,"win_rate":0,"timestamp":1534592890,"path_taken":["M","?","M","?","M","E","R","?","T","E","M","M","E","M"],"build_version":"2018-08-16","purchased_purges":1,"victory":false,"max_hp_per_floor":[75,75,75,75,75,75,75,75,75,75,75,75,75,75],"card_choices":[{"not_picked":["Consume","Double Energy"],"picked":"Storm","floor":1},{"not_picked":["Lockon","Coolheaded"],"picked":"Leap","floor":3},{"not_picked":["Chill","Ball Lightning"],"picked":"Coolheaded","floor":4},{"not_picked":["Coolheaded","Redo"],"picked":"Reinforced Body","floor":5},{"not_picked":["Steam","Beam Cell"],"picked":"Conserve Battery","floor":6},{"not_picked":["Barrage","Ball Lightning"],"picked":"Thunder Strike","floor":10},{"not_picked":["Leap","Auto Shields"],"picked":"Redo","floor":11},{"not_picked":["Glacier","Beam Cell","Hologram"],"picked":"SKIP","floor":12},{"not_picked":["Steam","Streamline","Cold Snap"],"picked":"SKIP","floor":13}],"player_experience":80131,"relics_obtained":[{"floor":6,"key":"Juzu Bracelet"},{"floor":9,"key":"Lantern"},{"floor":10,"key":"Gremlin Horn"},{"floor":13,"key":"Darkstone Periapt"}],"event_choices":[{"event_name":"Golden Idol","player_choice":"Take Wound","floor":2,"damage_taken":0}],"is_beta":true,"boss_relics":[],"items_purged_floors":[8],"is_endless":false,"potions_floor_spawned":[1,4,5,11],"killed_by":"Gremlin Gang","ascension_level":5}