{"gold_per_floor":[13,13,13,13,32,63,63,73,73,73,73,88,4,24,24,95,95,113,113,128,128],"floor_reached":21,"playtime":805,"items_purged":[],"score":358,"play_id":"3b1d245e-6399-4d10-a24e-9a232e85a430","local_time":"20190422024419","is_ascension_mode":true,"campfire_choices":[{"floor":7.0,"key":"REST"},{"data":"Catalyst","floor":11.0,"key":"SMITH"},{"floor":15.0,"key":"REST"}],"neow_cost":"NO_GOLD","seed_source_timestamp":579674131389900,"circlet_count":0,"master_deck":["AscendersBane","Defend_G","Defend_G","Defend_G","Defend_G","Defend_G","Strike_G","Strike_G","Strike_G","Strike_G","Survivor","Neutralize","Skewer+1","Poisoned Stab","Catalyst+1","Catalyst+1","Backstab","Dash","Backflip","Poisoned Stab"],"special_seed":0,"relics":["Ring of the Snake","Ginger","Calipers","Velvet Choker"],"potions_floor_usage":[21,21],"damage_taken":[{"damage":31.0,"enemies":"Jaw Worm","floor":1.0,"turns":8.0},{"damage":0.0,"enemies":"Cultist","floor":5.0,"turns":4.0},{"damage":25.0,"enemies":"3 Sentries","floor":6.0,"turns":8.0},{"damage":1.0,"enemies":"Small Slimes","floor":8.0,"turns":3.0},{"damage":6.0,"enemies":"2 Fungi Beasts","floor":12.0,"turns":4.0},{"damage":20.0,"enemies":"Large Slime","floor":14.0,"turns":6.0},{"damage":33.0,"enemies":"The Guardian","floor":16.0,"turns":9.0},{"damage":21.0,"enemies":"Shell Parasite","floor":18.0,"turns":4.0},{"damage":12.0,"enemies":"Chosen","floor":20.0,"turns":3.0},{"damage":27,"enemies":"Shelled Parasite and Fungi","floor":21,"turns":3}],"seed_played":"2059533110501519335","potions_obtained":[{"floor":6.0,"key":"Strength Potion"},{"floor":14.0,"key":"Fire Potion"},{"floor":16.0,"key":"LiquidBronze"},{"floor":20.0,"key":"Dexterity Potion"}],"is_trial":false,"path_per_floor":["M","?","$","?","M","E","R","M","T","?","R","M","$","M","R","B",null,"M","?","M","M"],"character_chosen":"THE_SILENT","items_purchased":["Backstab"],"campfire_rested":2,"item_purchase_floors":[13],"current_hp_per_floor":[40,40,40,40,40,15,38,37,37,37,37,31,31,11,34,1,59,38,38,26,0],"gold":128,"neow_bonus":"TWENTY_PERCENT_HP_BONUS","is_prod":false,"is_daily":false,"chose_seed":false,"campfire_upgraded":1,"win_rate":0,"timestamp":1555915459,"path_taken":["M","?","?","?","M","E","R","M","T","?","R","M","$","M","R","BOSS","M","?","?","M"],"build_version":"2019-04-21","purchased_purges":0,"victory":false,"max_hp_per_floor":[78,78,78,78,78,78,78,78,78,78,78,78,78,78,78,78,78,78,78,78,78],"card_choices":[{"not_picked":["PiercingWail","Deadly Poison"],"picked":"Skewer","floor":1.0},{"not_picked":["Underhanded Strike","Dodge and Roll"],"picked":"Poisoned Stab","floor":5.0},{"not_picked":["PiercingWail","Sucker Punch"],"picked":"Catalyst","floor":6.0},{"not_picked":["Deadly Poison","Blade Dance"],"picked":"Catalyst","floor":8.0},{"not_picked":["Quick Slash","Infinite Blades","Deflect"],"picked":"SKIP","floor":12.0},{"not_picked":["Blade Dance","Deflect"],"picked":"Dash","floor":14.0},{"not_picked":["Quick Slash","Dagger Throw"],"picked":"Backflip","floor":18.0},{"not_picked":["Sucker Punch","Blade Dance","Underhanded Strike+1"],"picked":"SKIP","floor":20.0}],"player_experience":1359840,"relics_obtained":[{"floor":6.0,"key":"Ginger"},{"floor":9.0,"key":"Calipers"}],"event_choices":[{"damage_healed":0.0,"max_hp_gain":0.0,"max_hp_loss":0.0,"gold_gain":0.0,"event_name":"Accursed Blacksmith","player_choice":"Forge","floor":2.0,"gold_loss":0.0,"damage_taken":0.0,"cards_upgraded":["Skewer"]},{"damage_healed":0.0,"max_hp_gain":0.0,"max_hp_loss":0.0,"gold_gain":0.0,"event_name":"Liars Game","player_choice":"Ignored","floor":4.0,"gold_loss":0.0,"damage_taken":0.0},{"damage_healed":0.0,"max_hp_gain":0.0,"max_hp_loss":0.0,"gold_gain":0.0,"event_name":"Living Wall","player_choice":"Grow","floor":10.0,"gold_loss":0.0,"damage_taken":0.0,"cards_upgraded":["Catalyst"]},{"damage_healed":0.0,"max_hp_gain":0.0,"max_hp_loss":0.0,"gold_gain":0.0,"cards_transformed":["Strike_G"],"event_name":"Transmorgrifier","player_choice":"Transformed","floor":19.0,"gold_loss":0.0,"damage_taken":0.0,"cards_obtained":["Poisoned Stab"]}],"is_beta":true,"boss_relics":[{"not_picked":["Tiny House","Snecko Eye"],"picked":"Velvet Choker"}],"items_purged_floors":[],"is_endless":false,"potions_floor_spawned":[6,14,16,20],"killed_by":"Shelled Parasite and Fungi","ascension_level":20}