{"gold_per_floor":[219,219,237,49,14,48,48,198,223,223,66,66,76,91,91,163,163,178,212,60,74,17,17,17,17,17,17,36,49,49,60,60,137,137,150,166,137,154,154,154,166,183,183,183,202,202],"floor_reached":46,"playtime":1978,"items_purged":["Doubt"],"score":890,"play_id":"c85a1a11-47f0-4f79-973d-4d9c01355b8e","local_time":"20190503010758","is_ascension_mode":true,"campfire_choices":[{"data":"Catalyst","floor":7.0,"key":"SMITH"},{"data":"Footwork","floor":10.0,"key":"SMITH"},{"data":"Poisoned Stab","floor":12.0,"key":"SMITH"},{"data":"1","floor":15.0,"key":"LIFT"},{"floor":23.0,"key":"REST"},{"data":"Setup","floor":25.0,"key":"SMITH"},{"data":"Corpse Explosion","floor":27.0,"key":"SMITH"},{"floor":30.0,"key":"REST"},{"floor":32.0,"key":"REST"},{"floor":40.0,"key":"REST"},{"floor":44.0,"key":"REST"}],"neow_cost":"NONE","seed_source_timestamp":0,"circlet_count":0,"master_deck":["AscendersBane","Survivor","Neutralize","Well Laid Plans","Poisoned Stab+1","Catalyst+1","Footwork+1","Bane+1","Glass Knife+1","PiercingWail","Malaise","Corpse Explosion+1","After Image","Noxious Fumes","Finisher","Escape Plan","Poisoned Stab","Unload","Setup+1","Leg Sweep","Escape Plan","Backflip","Die Die Die","Prepared+1","Night Terror","Escape Plan","Backflip","Crippling Poison","Deep Breath","Secret Technique","Catalyst","PiercingWail+1"],"special_seed":0,"relics":["Ring of the Snake","Girya","Whetstone","Snake Skull","Pandora\u0027s Box","Red Mask","Pear","Velvet Choker","Singing Bowl"],"potions_floor_usage":[46],"damage_taken":[{"damage":5.0,"enemies":"Small Slimes","floor":1.0,"turns":5.0},{"damage":4.0,"enemies":"Jaw Worm","floor":3.0,"turns":8.0},{"damage":11.0,"enemies":"Lagavulin","floor":6.0,"turns":6.0},{"damage":0.0,"enemies":"2 Louse","floor":13.0,"turns":1.0},{"damage":0.0,"enemies":"2 Fungi Beasts","floor":14.0,"turns":4.0},{"damage":38.0,"enemies":"Hexaghost","floor":16.0,"turns":8.0},{"damage":24.0,"enemies":"Shell Parasite","floor":18.0,"turns":3.0},{"damage":20.0,"enemies":"Masked Bandits","floor":19.0,"turns":3.0},{"damage":0.0,"enemies":"Chosen","floor":21.0,"turns":2.0},{"damage":8.0,"enemies":"Centurion and Healer","floor":28.0,"turns":3.0},{"damage":14.0,"enemies":"Snake Plant","floor":29.0,"turns":5.0},{"damage":21.0,"enemies":"Snecko","floor":31.0,"turns":7.0},{"damage":31.0,"enemies":"Collector","floor":33.0,"turns":8.0},{"damage":7.0,"enemies":"Orb Walker","floor":35.0,"turns":3.0},{"damage":19.0,"enemies":"3 Darklings","floor":36.0,"turns":2.0},{"damage":11.0,"enemies":"Jaw Worm Horde","floor":38.0,"turns":2.0},{"damage":14.0,"enemies":"Writhing Mass","floor":41.0,"turns":3.0},{"damage":20.0,"enemies":"3 Darklings","floor":42.0,"turns":3.0},{"damage":18.0,"enemies":"4 Shapes","floor":45.0,"turns":2.0},{"damage":1,"enemies":"Writhing Mass","floor":46,"turns":2}],"seed_played":"-3773750935094433494","potions_obtained":[{"floor":1.0,"key":"SkillPotion"},{"floor":6.0,"key":"Regen Potion"},{"floor":14.0,"key":"Fire Potion"},{"floor":29.0,"key":"Explosive Potion"},{"floor":33.0,"key":"Weak Potion"},{"floor":38.0,"key":"Ancient Potion"},{"floor":45.0,"key":"GhostInAJar"}],"is_trial":false,"path_per_floor":["M","?","M","$","?","E","R","?","T","R","$","R","M","M","R","B",null,"M","?","$","M","$","R","?","R","T","R","M","M","R","M","R","B",null,"M","M","$","M","?","R","M","M","T","R","M","M"],"character_chosen":"THE_SILENT","items_purchased":["Catalyst","Footwork","Bane","Snake Skull","Leg Sweep","Backflip","Backflip"],"campfire_rested":5,"item_purchase_floors":[4,4,4,11,20,22,37],"current_hp_per_floor":[54,47,43,43,59,48,48,48,48,48,48,48,48,48,48,10,52,28,20,20,20,20,39,39,39,49,49,41,27,49,28,50,19,62,55,36,36,25,15,37,23,3,3,25,7,6],"gold":202,"neow_bonus":"HUNDRED_GOLD","is_prod":false,"is_daily":false,"chose_seed":false,"campfire_upgraded":5,"win_rate":0,"timestamp":1556860078,"path_taken":["M","?","M","$","?","E","R","?","T","R","$","R","M","M","R","BOSS","M","?","$","M","$","R","?","R","T","R","M","M","R","M","R","BOSS","M","M","$","M","?","R","M","M","T","R","M","M"],"build_version":"2019-04-23","purchased_purges":1,"victory":false,"max_hp_per_floor":[66,66,66,66,66,66,66,66,66,66,66,66,66,66,66,66,66,66,66,66,66,66,66,66,66,76,76,76,76,76,76,76,76,76,76,76,76,76,76,76,76,76,76,76,76,76],"card_choices":[{"not_picked":["Setup","Dagger Throw"],"picked":"Well Laid Plans","floor":1.0},{"not_picked":["Cloak And Dagger","Outmaneuver"],"picked":"Poisoned Stab","floor":3.0},{"not_picked":["Slice","Backstab"],"picked":"Glass Knife","floor":6.0},{"not_picked":["Underhanded Strike","Prepared"],"picked":"PiercingWail","floor":13.0},{"not_picked":["Bane","Well Laid Plans","Dodge and Roll"],"picked":"SKIP","floor":14.0},{"not_picked":["Storm of Steel","Unload"],"picked":"Malaise","floor":16.0},{"not_picked":["Dagger Spray","Heel Hook","Accuracy+1"],"picked":"SKIP","floor":18.0},{"not_picked":["Well Laid Plans","Dodge and Roll"],"picked":"Escape Plan","floor":21.0},{"not_picked":["Heel Hook+1","Acrobatics","Dodge and Roll"],"picked":"SKIP","floor":28.0},{"not_picked":["Masterful Stab+1","Slice"],"picked":"Die Die Die","floor":29.0},{"not_picked":["Dagger Throw","Cloak And Dagger"],"picked":"Prepared+1","floor":31.0},{"not_picked":["Grand Finale","Adrenaline"],"picked":"Night Terror","floor":33.0},{"not_picked":["Poisoned Stab","Underhanded Strike+1","Choke+1"],"picked":"SKIP","floor":35.0},{"not_picked":["Prepared+1","Poisoned Stab"],"picked":"Escape Plan","floor":36.0},{"not_picked":["Dodge and Roll","Deadly Poison"],"picked":"Crippling Poison","floor":38.0},{"not_picked":["Transmutation","Panache"],"picked":"Deep Breath","floor":39.0},{"not_picked":["Panacea","Purity"],"picked":"Secret Technique","floor":39.0},{"not_picked":["Cloak And Dagger","Dagger Spray"],"picked":"Catalyst","floor":41.0},{"not_picked":["Dodge and Roll","Bane","Concentrate"],"picked":"SKIP","floor":42.0},{"not_picked":["Slice","Acrobatics"],"picked":"PiercingWail+1","floor":45.0}],"player_experience":1393655,"relics_obtained":[{"floor":6.0,"key":"Girya"},{"floor":9.0,"key":"Whetstone"},{"floor":19.0,"key":"Red Mask"},{"floor":26.0,"key":"Pear"},{"floor":43.0,"key":"Singing Bowl"}],"event_choices":[{"cards_removed":["Strike_G"],"damage_healed":0.0,"max_hp_gain":0.0,"max_hp_loss":0.0,"gold_gain":0.0,"event_name":"Golden Wing","player_choice":"Card Removal","floor":2.0,"gold_loss":0.0,"damage_taken":7.0},{"damage_healed":16.0,"max_hp_gain":0.0,"max_hp_loss":0.0,"gold_gain":0.0,"event_name":"The Cleric","player_choice":"Healed","floor":5.0,"gold_loss":35.0,"damage_taken":0.0},{"damage_healed":0.0,"max_hp_gain":0.0,"max_hp_loss":0.0,"gold_gain":150.0,"event_name":"Liars Game","player_choice":"AGREE","floor":8.0,"gold_loss":0.0,"damage_taken":0.0,"cards_obtained":["Doubt"]},{"damage_healed":0.0,"max_hp_gain":0.0,"max_hp_loss":0.0,"gold_gain":0.0,"event_name":"Masked Bandits","player_choice":"Fought Bandits","floor":19.0,"gold_loss":0.0,"damage_taken":0.0},{"cards_removed":["Accuracy"],"damage_healed":0.0,"max_hp_gain":0.0,"max_hp_loss":0.0,"gold_gain":0.0,"event_name":"Back to Basics","player_choice":"Elegance","floor":24.0,"gold_loss":0.0,"damage_taken":0.0},{"damage_healed":0.0,"max_hp_gain":0.0,"max_hp_loss":0.0,"gold_gain":0.0,"event_name":"SensoryStone","player_choice":"Memory 3","floor":39.0,"gold_loss":0.0,"damage_taken":10.0}],"is_beta":true,"boss_relics":[{"not_picked":["HoveringKite","Lizard Tail"],"picked":"Pandora\u0027s Box"},{"not_picked":["Black Star","Coffee Dripper"],"picked":"Velvet Choker"}],"items_purged_floors":[20],"is_endless":false,"potions_floor_spawned":[1,6,14,18,29,33,38,42,45],"killed_by":"Writhing Mass","ascension_level":20}