{"path_per_floor":["M","M","?","$","M","E","R","M","T","M","M","M","R","M","R","B",null,"M","M","$","M","M"],"character_chosen":"THE_SILENT","items_purchased":["Acrobatics","Master of Strategy"],"gold_per_floor":[118,133,133,13,30,56,56,71,71,81,95,114,114,125,125,224,224,235,250,41,54,65],"floor_reached":23,"campfire_rested":0,"playtime":2513,"current_hp_per_floor":[70,70,63,63,61,32,32,32,32,31,31,27,27,26,26,20,70,58,51,51,51,22],"items_purged":["Defend_G"],"gold":65,"play_id":"807e5868-4fa4-4dce-a58b-f54345235085","is_prod":false,"is_daily":false,"is_ascension_mode":false,"campfire_upgraded":3,"path_taken":["M","M","?","$","?","E","R","M","T","M","M","M","R","M","R","BOSS","M","M","$","M","M","E"],"build_version":"2018-01-25-PROD3","purchased_purges":1,"victory":false,"master_deck":["Defend_G","Defend_G","Defend_G","Defend_G","Strike_G","Strike_G","Strike_G","Strike_G","Survivor","Neutralize","Deflect","Dagger Throw","Eviscerate","Acrobatics","Accuracy+1","Heel Hook","Storm of Steel+1","Well Laid Plans+1","Envenom","Doppelganger","Heel Hook","Heel Hook","Master of Strategy","Phantasmal Killer"],"max_hp_per_floor":[70,70,70,70,70,70,70,70,70,70,70,70,70,70,70,70,70,70,70,70,70,70],"relics":["Ring of the Snake","Pantograph","Orichalcum","Dodecahedron","The Specimen"],"card_choices":[{"not_picked":["Cloak And Dagger","Sucker Punch"],"picked":"Dagger Throw"},{"not_picked":["Backstab","Bane"],"picked":"Eviscerate"},{"not_picked":["Malaise","PiercingWail"],"picked":"Accuracy"},{"not_picked":["Dodge and Roll","Quick Slash"],"picked":"Heel Hook"},{"not_picked":["Bane","Slice"],"picked":"Storm of Steel"},{"not_picked":["PiercingWail","Dagger Spray"],"picked":"Well Laid Plans"},{"not_picked":["Flying Knee","Distraction"],"picked":"Envenom"},{"not_picked":["Night Terror","Wraith Form"],"picked":"Doppelganger"},{"not_picked":["Deadly Poison","Predator"],"picked":"Heel Hook"},{"not_picked":["Dash","Deflect"],"picked":"Heel Hook"},{"not_picked":["Sucker Punch","Dodge and Roll"],"picked":"Phantasmal Killer"}],"player_experience":108952,"potions_floor_usage":[6,6,11,14,19,21,23],"damage_taken":[{"damage":0,"enemies":"Cultist","floor":1,"turns":4},{"damage":0,"enemies":"2 Louse","floor":2,"turns":3},{"damage":2,"enemies":"Blue Slaver","floor":5,"turns":8},{"damage":29,"enemies":"Gremlin Nob","floor":6,"turns":6},{"damage":0,"enemies":"2 Fungi Beasts","floor":8,"turns":4},{"damage":1,"enemies":"Looter","floor":10,"turns":3},{"damage":0,"enemies":"3 Louse","floor":11,"turns":2},{"damage":4,"enemies":"Large Slime","floor":12,"turns":4},{"damage":7,"enemies":"Exordium Wildlife","floor":14,"turns":3},{"damage":31,"enemies":"The Guardian","floor":16,"turns":10},{"damage":12,"enemies":"Shell Parasite","floor":18,"turns":4},{"damage":16,"enemies":"2 Thieves","floor":19,"turns":4},{"damage":0,"enemies":"Snecko","floor":21,"turns":2},{"damage":29,"enemies":"Slaver and Parasite","floor":22,"turns":6},{"damage":26,"enemies":"Gremlin Leader","floor":23,"turns":4}],"event_choices":[{"event_name":"Scrap Ooze","player_choice":"success","floor":3,"damage_taken":7}],"boss_relics":[{"not_picked":["White Beast Statue","Philosopher\u0027s Stone"],"picked":"The Specimen"}],"potions_floor_spawned":[2,5,8,12,18,19,22],"seed_played":"7371634053582177338","killed_by":"Gremlin Leader","ascension_level":0,"is_trial":false}