{"gold_per_floor":[110,185,204,218,218,218,230,230,230,37,50,63,63,76,76,151,151,168,188,188,207,207,207,46,46,72,84,127,139,170,182,194,280,292,315,338,369,395,407,452,464,501,513,541,606,477,477,504,504,504,504,504,504,12,44,44],"floor_reached":57,"playtime":2470,"items_purged":[],"score":3329,"play_id":"52218c63-9232-478c-b61a-b4c0322214b3","local_time":"20190429230835","is_ascension_mode":true,"campfire_choices":[{"data":"Defragment","floor":6.0,"key":"SMITH"},{"data":"Zap","floor":8.0,"key":"SMITH"},{"data":"Fission","floor":13.0,"key":"SMITH"},{"floor":15.0,"key":"REST"},{"data":"Heatsinks","floor":23.0,"key":"SMITH"},{"data":"Recycle","floor":25.0,"key":"SMITH"},{"data":"Storm","floor":29.0,"key":"SMITH"},{"data":"Dualcast","floor":32.0,"key":"SMITH"},{"data":"Defragment","floor":41.0,"key":"SMITH"},{"floor":47.0,"key":"RECALL"},{"data":"Capacitor","floor":49.0,"key":"SMITH"},{"data":"Loop","floor":53.0,"key":"SMITH"}],"neow_cost":"PERCENT_DAMAGE","seed_source_timestamp":429667904568998,"circlet_count":0,"master_deck":["AscendersBane","Zap+1","Dualcast+1","Defragment+1","Heatsinks+1","Recycle+1","Fission+1","Coolheaded+1","Tempest+1","Self Repair","Hologram+1","Auto Shields+1","Turbo+1","Echo Form","Steam Power+1","Undo+1","Biased Cognition","Fission+1","Darkness+1","Stack+1","Storm+1","Defragment+1","Reinforced Body+1","White Noise+1","BootSequence+1","Core Surge","Fusion+1","Glacier+1","White Noise+1","Storm","Stack+1","Loop+1","White Noise+1","Coolheaded+1","Conserve Battery+1","Coolheaded+1","Buffer","Go for the Eyes+1","Ball Lightning+1","Capacitor+1","Coolheaded+1","Heatsinks","Leap+1","Double Energy+1"],"special_seed":0,"relics":["Cracked Core","Toxic Egg 2","Pandora\u0027s Box","MawBank","Mummified Hand","Orrery","Dream Catcher","Anchor","Calipers","Happy Flower","War Paint","Lee\u0027s Waffle","Bronze Scales"],"potions_floor_usage":[56],"damage_taken":[{"damage":4.0,"enemies":"Small Slimes","floor":1.0,"turns":3.0},{"damage":4.0,"enemies":"Jaw Worm","floor":3.0,"turns":4.0},{"damage":2.0,"enemies":"2 Louse","floor":4.0,"turns":3.0},{"damage":2.0,"enemies":"Exordium Wildlife","floor":7.0,"turns":4.0},{"damage":8.0,"enemies":"Looter","floor":11.0,"turns":4.0},{"damage":10.0,"enemies":"3 Louse","floor":12.0,"turns":4.0},{"damage":5.0,"enemies":"Gremlin Gang","floor":14.0,"turns":3.0},{"damage":22.0,"enemies":"The Guardian","floor":16.0,"turns":10.0},{"damage":17.0,"enemies":"2 Thieves","floor":18.0,"turns":3.0},{"damage":10.0,"enemies":"Spheric Guardian","floor":19.0,"turns":4.0},{"damage":0.0,"enemies":"Centurion and Healer","floor":21.0,"turns":5.0},{"damage":0.0,"enemies":"Slavers","floor":28.0,"turns":3.0},{"damage":0.0,"enemies":"Chosen and Byrds","floor":30.0,"turns":3.0},{"damage":0.0,"enemies":"Champ","floor":33.0,"turns":4.0},{"damage":7.0,"enemies":"3 Shapes","floor":35.0,"turns":2.0},{"damage":0.0,"enemies":"Orb Walker","floor":36.0,"turns":1.0},{"damage":22.0,"enemies":"Sphere and 2 Shapes","floor":37.0,"turns":5.0},{"damage":0.0,"enemies":"Maw","floor":38.0,"turns":3.0},{"damage":4.0,"enemies":"Nemesis","floor":40.0,"turns":5.0},{"damage":2.0,"enemies":"Reptomancer","floor":42.0,"turns":2.0},{"damage":14.0,"enemies":"3 Darklings","floor":44.0,"turns":3.0},{"damage":6.0,"enemies":"2 Orb Walkers","floor":45.0,"turns":3.0},{"damage":0.0,"enemies":"Giant Head","floor":48.0,"turns":4.0},{"damage":25.0,"enemies":"Time Eater","floor":50.0,"turns":4.0},{"damage":0.0,"enemies":"Donu and Deca","floor":51.0,"turns":5.0},{"damage":0.0,"enemies":"Shield and Spear","floor":55.0,"turns":1.0},{"damage":0,"enemies":"The Heart","floor":56,"turns":11}],"seed_played":"-6307696576983268936","potions_obtained":[{"floor":1.0,"key":"Block Potion"},{"floor":4.0,"key":"Poison Potion"},{"floor":14.0,"key":"SpeedPotion"},{"floor":16.0,"key":"Fruit Juice"},{"floor":30.0,"key":"Regen Potion"},{"floor":33.0,"key":"SkillPotion"},{"floor":55.0,"key":"LiquidBronze"}],"is_trial":false,"path_per_floor":["M","?","M","M","?","R","M","R","T","$","M","M","R","M","R","B",null,"M","M","?","M","?","R","$","R","T","?","E","R","M","?","R","B",null,"M","M","M","M","?","E","R","E","T","M","?","$","R","E","R","B","B",null,"R","$","E","B",null],"character_chosen":"DEFECT","items_purchased":["Coolheaded+1","Tempest+1","Self Repair","Defragment","Reinforced Body+1","Capacitor","Swift Potion","Heatsinks","War Paint","Leap+1","Lee\u0027s Waffle"],"campfire_rested":1,"item_purchase_floors":[10,10,10,24,24,46,46,54,54,54,54],"current_hp_per_floor":[42,31,27,25,18,18,16,16,16,16,15,12,12,14,35,25,63,53,57,57,71,49,49,49,49,49,49,56,56,56,56,56,63,77,70,77,62,69,69,79,79,81,81,74,68,68,68,75,75,57,64,77,77,88,88,88],"gold":44,"neow_bonus":"TRANSFORM_TWO_CARDS","is_prod":false,"is_daily":false,"chose_seed":false,"campfire_upgraded":10,"win_rate":0,"timestamp":1556550515,"path_taken":["M","?","M","M","?","R","M","R","T","$","M","M","R","M","R","BOSS","M","M","?","M","?","R","?","R","T","?","E","R","?","?","R","BOSS","M","M","M","?","?","E","R","E","T","M","?","$","R","E","R","BOSS","BOSS","R","$","E","BOSS"],"build_version":"2019-01-23","purchased_purges":0,"victory":true,"max_hp_per_floor":[71,71,71,71,71,71,71,71,71,71,71,71,71,71,71,76,76,76,76,76,76,81,81,81,81,81,81,81,81,81,81,81,81,81,81,81,81,81,81,81,81,81,81,81,81,81,81,81,81,81,81,81,81,88,88,88],"card_choices":[{"not_picked":["Hologram","Sweeping Beam"],"picked":"Heatsinks","floor":1.0},{"not_picked":["Storm","Barrage"],"picked":"Recycle","floor":3.0},{"not_picked":["Leap","Beam Cell"],"picked":"Fission","floor":4.0},{"not_picked":["Go for the Eyes","Redo"],"picked":"Ball Lightning","floor":7.0},{"not_picked":["Loop","Ball Lightning"],"picked":"Hologram+1","floor":11.0},{"not_picked":["Barrage","Rebound"],"picked":"Auto Shields+1","floor":12.0},{"not_picked":["Barrage","Redo+1"],"picked":"Turbo+1","floor":14.0},{"not_picked":["Electrodynamics","Hyperbeam"],"picked":"Echo Form","floor":16.0},{"not_picked":["Leap+1","Ball Lightning+1"],"picked":"Darkness+1","floor":18.0},{"not_picked":["Rebound","Lockon"],"picked":"Stack+1","floor":19.0},{"not_picked":["Leap+1","Gash"],"picked":"Storm","floor":21.0},{"not_picked":["FTL","Hologram+1"],"picked":"White Noise+1","floor":28.0},{"not_picked":["Aggregate+1","Ball Lightning","Go for the Eyes"],"picked":"SKIP","floor":30.0},{"not_picked":["Meteor Strike","Echo Form"],"picked":"Core Surge","floor":33.0},{"not_picked":["Cold Snap","Gash"],"picked":"Fusion+1","floor":34.0},{"not_picked":["Ball Lightning","Static Discharge"],"picked":"Glacier+1","floor":34.0},{"not_picked":["Steam+1","Glacier+1"],"picked":"White Noise+1","floor":34.0},{"not_picked":["Streamline","Conserve Battery+1"],"picked":"Storm","floor":34.0},{"not_picked":["Steam+1","Darkness+1"],"picked":"Stack+1","floor":34.0},{"not_picked":["White Noise+1","Reinforced Body+1"],"picked":"Loop","floor":35.0},{"not_picked":["Sweeping Beam","Doom and Gloom"],"picked":"White Noise+1","floor":36.0},{"not_picked":["Loop","Rebound+1"],"picked":"Coolheaded+1","floor":37.0},{"not_picked":["Compile Driver","Rebound+1"],"picked":"Conserve Battery+1","floor":38.0},{"not_picked":["Buffer","Turbo+1"],"picked":"Coolheaded+1","floor":40.0},{"not_picked":["Gash","Conserve Battery+1"],"picked":"Buffer","floor":42.0},{"not_picked":["Steam+1","Melter+1"],"picked":"Go for the Eyes+1","floor":44.0},{"not_picked":["Leap+1","Cold Snap"],"picked":"Ball Lightning+1","floor":45.0},{"not_picked":["Consume+1","Conserve Battery+1"],"picked":"Coolheaded+1","floor":48.0},{"not_picked":["Sweeping Beam","Beam Cell"],"picked":"Double Energy+1","floor":55.0}],"player_experience":1513925,"relics_obtained":[{"floor":9.0,"key":"Toxic Egg 2"},{"floor":26.0,"key":"MawBank"},{"floor":28.0,"key":"Mummified Hand"},{"floor":40.0,"key":"Dream Catcher"},{"floor":42.0,"key":"Anchor"},{"floor":45.0,"key":"Calipers"},{"floor":48.0,"key":"Happy Flower"},{"floor":55.0,"key":"Bronze Scales"}],"event_choices":[{"damage_healed":0.0,"max_hp_gain":0.0,"max_hp_loss":0.0,"gold_gain":75.0,"event_name":"World of Goop","player_choice":"Gather Gold","floor":2.0,"gold_loss":0.0,"damage_taken":11.0},{"cards_removed":["Strike_B"],"damage_healed":0.0,"max_hp_gain":0.0,"max_hp_loss":0.0,"gold_gain":0.0,"event_name":"Golden Wing","player_choice":"Card Removal","floor":5.0,"gold_loss":0.0,"damage_taken":7.0},{"cards_removed":["Steam Power"],"damage_healed":0.0,"max_hp_gain":0.0,"max_hp_loss":0.0,"gold_gain":0.0,"event_name":"Back to Basics","player_choice":"Elegance","floor":20.0,"gold_loss":0.0,"damage_taken":0.0},{"damage_healed":0.0,"max_hp_gain":5.0,"max_hp_loss":0.0,"gold_gain":0.0,"event_name":"Forgotten Altar","player_choice":"Shed Blood","floor":22.0,"gold_loss":0.0,"damage_taken":27.0},{"damage_healed":0.0,"max_hp_gain":0.0,"max_hp_loss":0.0,"gold_gain":0.0,"event_name":"Cursed Tome","player_choice":"Ignored","floor":27.0,"gold_loss":0.0,"damage_taken":0.0},{"damage_healed":0.0,"max_hp_gain":0.0,"max_hp_loss":0.0,"gold_gain":0.0,"cards_transformed":["Sweeping Beam"],"event_name":"Transmorgrifier","player_choice":"Transformed","floor":31.0,"gold_loss":0.0,"damage_taken":0.0,"cards_obtained":["BootSequence"]},{"cards_removed":["Ball Lightning"],"damage_healed":0.0,"max_hp_gain":0.0,"max_hp_loss":0.0,"gold_gain":0.0,"event_name":"Falling","player_choice":"Removed Attack","floor":39.0,"gold_loss":0.0,"damage_taken":0.0},{"damage_healed":0.0,"max_hp_gain":0.0,"max_hp_loss":0.0,"gold_gain":0.0,"event_name":"Mysterious Sphere","player_choice":"Fight","floor":45.0,"gold_loss":0.0,"damage_taken":0.0}],"is_beta":false,"boss_relics":[{"not_picked":["FrozenCore","Cursed Key"],"picked":"Pandora\u0027s Box"},{"not_picked":["Eternal Feather","Coffee Dripper"],"picked":"Orrery"}],"items_purged_floors":[],"is_endless":false,"potions_floor_spawned":[1,4,14,16,30,33,37,38,40,45,48,55],"ascension_level":20}