{"gold_per_floor":[210,210,225,243,2,32,32,207,253,272,288,318,161,171,171,275,275,292,542,542,39,55,55,70,70,70,99,109,109,122,136,136,235,235,250,265,281,281,281,281,313,330,330,347,347],"floor_reached":45,"playtime":3121,"items_purged":[],"score":579,"play_id":"9febd7c4-2a46-4e39-95f0-ebc696fd5f0f","local_time":"20180806233340","is_ascension_mode":true,"campfire_choices":[{"data":"Thunderclap","floor":7,"key":"SMITH"},{"floor":15,"key":"REST"},{"floor":23,"key":"REST"},{"floor":25,"key":"REST"},{"floor":29,"key":"REST"},{"floor":32,"key":"REST"},{"floor":40,"key":"REST"}],"neow_cost":"NONE","seed_source_timestamp":719766983890693,"circlet_count":0,"master_deck":["Strike_R","Strike_R+1","Strike_R+1","Strike_R","Strike_R","Defend_R+1","Defend_R","Defend_R","Bash","Thunderclap+1","Perfected Strike","Sword Boomerang","Rage","Body Slam","Thunderclap","Barricade","Metallicize","Fire Breathing","Armaments+1","Flame Barrier+1","Rage","Inflame","Entrench+1","Cleave","Immolate","Disarm+1","Power Through+1","Second Wind+1","Metallicize+1","Intimidate+1","Feel No Pain+1","Writhe","Pommel Strike+1","Flex","Metallicize+1","Disarm+1"],"relics":["Burning Blood","Self Forming Clay","Omamori","Blood Vial","Dream Catcher","Pen Nib","Sozu","Enchiridion","Pear","Matryoshka","War Paint","Centennial Puzzle","Whetstone","Astrolabe","Bottled Flame","Bag of Marbles","Question Card"],"potions_floor_usage":[10,14,16,16],"damage_taken":[{"damage":0,"enemies":"2 Louse","floor":1,"turns":2},{"damage":8,"enemies":"Jaw Worm","floor":3,"turns":4},{"damage":4,"enemies":"Small Slimes","floor":4,"turns":4},{"damage":10,"enemies":"Gremlin Nob","floor":6,"turns":4},{"damage":0,"enemies":"Red Slaver","floor":10,"turns":3},{"damage":10,"enemies":"3 Louse","floor":11,"turns":2},{"damage":23,"enemies":"3 Sentries","floor":12,"turns":7},{"damage":3,"enemies":"Blue Slaver","floor":14,"turns":3},{"damage":37,"enemies":"Slime Boss","floor":16,"turns":12},{"damage":16,"enemies":"Spheric Guardian","floor":18,"turns":5},{"damage":36,"enemies":"2 Thieves","floor":22,"turns":4},{"damage":31,"enemies":"Snake Plant","floor":24,"turns":5},{"damage":26,"enemies":"Slavers","floor":27,"turns":4},{"damage":8,"enemies":"Snecko","floor":28,"turns":5},{"damage":30,"enemies":"Sentry and Sphere","floor":30,"turns":8},{"damage":29,"enemies":"Slaver and Parasite","floor":31,"turns":5},{"damage":9,"enemies":"Champ","floor":33,"turns":13},{"damage":23,"enemies":"3 Shapes","floor":35,"turns":3},{"damage":28,"enemies":"3 Darklings","floor":36,"turns":5},{"damage":47,"enemies":"Transient","floor":37,"turns":5},{"damage":44,"enemies":"2 Orb Walkers","floor":41,"turns":8},{"damage":26,"enemies":"Spire Growth","floor":42,"turns":7},{"damage":10,"enemies":"3 Darklings","floor":44,"turns":3},{"damage":19,"enemies":"Transient","floor":45,"turns":4}],"seed_played":"-2792093852828880543","potions_obtained":[{"floor":3,"key":"EssenceOfSteel"},{"floor":10,"key":"Block Potion"},{"floor":11,"key":"SteroidPotion"},{"floor":12,"key":"EssenceOfSteel"}],"is_trial":false,"path_per_floor":["M","?","M","M","$","E","R","?","T","M","M","E","$","M","R","B",null,"M","?","?","$","M","R","M","R","T","E","M","R","M","M","R","B",null,"M","M","M","?","?","R","E","M","T","M"],"character_chosen":"IRONCLAD","items_purchased":["Self Forming Clay","Pen Nib","Pear","Matryoshka"],"campfire_rested":6,"item_purchase_floors":[5,13,21,21],"current_hp_per_floor":[80,80,78,80,80,76,76,76,76,80,76,61,61,66,80,49,80,70,70,54,64,36,63,40,67,67,49,49,76,54,33,60,59,90,73,53,14,14,37,64,28,10,10,8,0],"gold":347,"neow_bonus":"HUNDRED_GOLD","is_prod":false,"is_daily":false,"chose_seed":false,"campfire_upgraded":1,"win_rate":0,"timestamp":1533591220,"path_taken":["M","?","?","M","$","E","R","?","T","M","M","E","$","M","R","BOSS","M","?","?","$","M","R","M","R","T","E","M","R","M","M","R","BOSS","M","M","M","?","?","R","E","?","T","M","M"],"build_version":"2018-08-02","purchased_purges":0,"victory":false,"max_hp_per_floor":[80,80,80,80,80,80,80,80,80,80,80,80,80,80,80,80,80,80,80,80,90,90,90,90,90,90,90,90,90,90,90,90,90,90,90,90,90,90,90,90,90,90,90,90,90],"card_choices":[{"not_picked":["Havoc","Body Slam"],"picked":"Thunderclap","floor":1},{"not_picked":["Sever Soul","Exhume"],"picked":"Perfected Strike","floor":3},{"not_picked":["Anger","Hemokinesis"],"picked":"Sword Boomerang","floor":4},{"not_picked":["Clash","Pummel"],"picked":"Sword Boomerang","floor":6},{"not_picked":["Thunderclap","Anger"],"picked":"Rage","floor":10},{"not_picked":["Rupture","Heavy Blade"],"picked":"Pummel","floor":11},{"not_picked":["Dark Embrace","True Grit"],"picked":"Body Slam","floor":12},{"not_picked":["Battle Trance","Power Through"],"picked":"Thunderclap","floor":14},{"not_picked":["Fiend Fire","Brutality"],"picked":"Barricade","floor":16},{"not_picked":["Thunderclap","Headbutt"],"picked":"Metallicize","floor":18},{"not_picked":["Second Wind","Thunderclap"],"picked":"Fire Breathing","floor":22},{"not_picked":["Rampage","Cleave"],"picked":"Armaments+1","floor":24},{"not_picked":["Blood for Blood","Clothesline"],"picked":"Flame Barrier","floor":25},{"not_picked":["Shockwave","Uppercut"],"picked":"Rage","floor":27},{"not_picked":["Heavy Blade","Shrug It Off","Iron Wave"],"picked":"SKIP","floor":28},{"not_picked":["Armaments","Shockwave"],"picked":"Inflame","floor":29},{"not_picked":["True Grit+1","Pommel Strike"],"picked":"Entrench+1","floor":30},{"not_picked":["Combust+1","Warcry"],"picked":"Cleave","floor":31},{"not_picked":["Exhume","Fiend Fire"],"picked":"Immolate","floor":33},{"not_picked":["Perfected Strike+1","Thunderclap+1"],"picked":"Metallicize+1","floor":35},{"not_picked":["Power Through+1","Iron Wave+1"],"picked":"Intimidate+1","floor":36},{"not_picked":["Warcry+1","Power Through"],"picked":"Feel No Pain+1","floor":37},{"not_picked":["Anger","Twin Strike"],"picked":"Pommel Strike+1","floor":40},{"not_picked":["Disarm","Hemokinesis"],"picked":"Flex","floor":41},{"not_picked":["Headbutt+1","Wild Strike+1"],"picked":"Metallicize+1","floor":42},{"not_picked":["Offering","Body Slam","Battle Trance+1"],"picked":"Disarm+1","floor":44}],"player_experience":142345,"relics_obtained":[{"floor":6,"key":"Omamori"},{"floor":9,"key":"Blood Vial"},{"floor":12,"key":"Dream Catcher"},{"floor":20,"key":"Enchiridion"},{"floor":26,"key":"War Paint"},{"floor":26,"key":"Centennial Puzzle"},{"floor":27,"key":"Whetstone"},{"floor":41,"key":"Bottled Flame"},{"floor":43,"key":"Bag of Marbles"},{"floor":43,"key":"Question Card"}],"event_choices":[{"event_name":"The Cleric","player_choice":"Leave","floor":2,"damage_taken":0},{"event_name":"Liars Game","player_choice":"agreed","floor":8,"damage_taken":0},{"event_name":"Golden Shrine","player_choice":"Desecrate","floor":19,"damage_taken":0},{"event_name":"Cursed Tome","player_choice":"Obtained Book","floor":20,"damage_taken":0},{"event_name":"Duplicator","player_choice":"Ignored","floor":38,"damage_taken":0},{"event_name":"Winding Halls","player_choice":"Writhe","floor":39,"damage_taken":0}],"is_beta":false,"boss_relics":[{"not_picked":["Coffee Dripper","Cursed Key"],"picked":"Sozu"},{"not_picked":["Snecko Eye","Runic Pyramid"],"picked":"Astrolabe"}],"items_purged_floors":[],"is_endless":false,"potions_floor_spawned":[3,10,11,12,18,30,33,36,37],"killed_by":"Transient","ascension_level":1}