{"gold_per_floor":[20,20,35,185,11,11,11,11,35,35,68,83,63],"floor_reached":13,"playtime":502,"items_purged":["Doubt"],"score":162,"play_id":"4a78bd67-08b1-40c4-8ebd-c1865ca33f10","local_time":"20190506014645","is_ascension_mode":true,"campfire_choices":[{"data":"Catalyst","floor":6.0,"key":"SMITH"},{"data":"Poisoned Stab","floor":8.0,"key":"SMITH"}],"neow_cost":"NO_GOLD","seed_source_timestamp":0,"circlet_count":0,"master_deck":["AscendersBane","Defend_G","Defend_G","Defend_G","Defend_G","Defend_G","Strike_G","Strike_G","Strike_G","Strike_G","Survivor","Neutralize","Dark Shackles","Madness+1","Backflip","Poisoned Stab+1","Catalyst+1","Poisoned Stab","Distraction","Crippling Poison"],"special_seed":0,"relics":["Ring of the Snake","Strawberry","Bottled Flame"],"potions_floor_usage":[11],"damage_taken":[{"damage":1.0,"enemies":"Small Slimes","floor":1.0,"turns":4.0},{"damage":0.0,"enemies":"2 Louse","floor":3.0,"turns":4.0},{"damage":39,"enemies":"3 Sentries","floor":11,"turns":9},{"damage":1,"enemies":"Cultist","floor":12,"turns":3},{"damage":10,"enemies":"Exordium Thugs","floor":13,"turns":2}],"seed_played":"7518738047613748925","potions_obtained":[{"floor":3.0,"key":"Swift Potion"}],"is_trial":false,"path_per_floor":["M","?","M","?","$","R","$","R","T","?","E","M","M"],"character_chosen":"THE_SILENT","items_purchased":["Catalyst","Poisoned Stab"],"campfire_rested":0,"item_purchase_floors":[5,5],"current_hp_per_floor":[58,58,58,58,58,58,58,58,65,65,26,25,15],"gold":63,"neow_bonus":"RANDOM_COLORLESS_2","is_prod":false,"is_daily":false,"chose_seed":false,"campfire_upgraded":2,"win_rate":0,"timestamp":1557121605,"path_taken":["M","?","M","?","$","R","$","R","T","?","E","?","M"],"build_version":"2019-04-23","purchased_purges":1,"victory":false,"max_hp_per_floor":[66,66,66,66,66,66,66,66,73,73,73,73,73],"card_choices":[{"not_picked":["Calculated Gamble","Slice"],"picked":"Backflip","floor":1.0},{"not_picked":["PiercingWail","Prepared"],"picked":"Poisoned Stab","floor":3.0},{"not_picked":["Blade Dance","Tools of the Trade","Distraction"],"picked":"SKIP","floor":11},{"not_picked":["Blade Dance","Tools of the Trade"],"picked":"Distraction","floor":11},{"not_picked":["Terror","Endless Agony"],"picked":"Crippling Poison","floor":12}],"player_experience":1405002,"relics_obtained":[{"floor":9.0,"key":"Strawberry"},{"floor":11,"key":"Bottled Flame"}],"event_choices":[{"damage_healed":0.0,"max_hp_gain":0.0,"max_hp_loss":0.0,"gold_gain":0.0,"event_name":"Living Wall","player_choice":"Grow","floor":2.0,"gold_loss":0.0,"damage_taken":0.0,"cards_upgraded":["Madness"]},{"damage_healed":0.0,"max_hp_gain":0.0,"max_hp_loss":0.0,"gold_gain":150.0,"event_name":"Liars Game","player_choice":"AGREE","floor":4.0,"gold_loss":0.0,"damage_taken":0.0,"cards_obtained":["Doubt"]},{"cards_removed":["Strike_G"],"damage_healed":0.0,"max_hp_gain":0.0,"max_hp_loss":0.0,"gold_gain":0.0,"event_name":"Purifier","player_choice":"Purged","floor":10.0,"gold_loss":0.0,"damage_taken":0.0}],"is_beta":true,"boss_relics":[],"items_purged_floors":[5],"is_endless":false,"potions_floor_spawned":[3],"killed_by":"Exordium Thugs","ascension_level":20}