{"path_per_floor":["M","M","$","?","M","M","R","E","T","E","M","$","R","M","R","B",null,"M","?","$","?","M","R"],"character_chosen":"DEFECT","items_purchased":["Darkness","Go for the Eyes"],"gold_per_floor":[112,125,16,16,36,56,56,87,87,118,134,34,34,44,44,141,141,159,159,10,10,28,28,28],"floor_reached":24,"campfire_rested":2,"playtime":936,"item_purchase_floors":[3,20],"current_hp_per_floor":[72,68,68,53,53,36,36,14,14,1,1,1,23,8,30,10,75,55,55,55,55,51,51,0],"items_purged":["Strike_B","Strike_B","Writhe"],"gold":28,"score":247,"play_id":"0d5063fb-deb4-47a8-a687-112d4a933f95","local_time":"20180610104130","is_prod":false,"is_daily":false,"chose_seed":false,"is_ascension_mode":true,"campfire_upgraded":2,"win_rate":0,"timestamp":1528598490,"campfire_choices":[{"data":"Darkness","floor":7,"key":"SMITH"},{"floor":13,"key":"REST"},{"floor":15,"key":"REST"},{"data":"RitualDagger","floor":23,"key":"SMITH"}],"path_taken":["M","M","$","?","M","?","R","E","T","E","M","?","R","M","R","BOSS","M","?","$","?","M","R","E"],"build_version":"2018-06-07v3","seed_source_timestamp":235192221908148,"purchased_purges":3,"victory":false,"master_deck":["Strike_B","Strike_B","Defend_B+1","Defend_B","Defend_B","Defend_B","Zap","Dualcast+1","Skim","Hologram","Darkness+1","Glacier","Compile Driver","Leap","Seek","Go for the Eyes","Blizzard","RitualDagger+1","Redo+1"],"max_hp_per_floor":[75,75,75,75,75,75,75,75,75,75,75,75,75,75,75,75,75,75,75,75,75,75,75,75],"relics":["Cracked Core","Juzu Bracelet","Pen Nib","Frozen Egg 2","Runic Pyramid","Kunai"],"card_choices":[{"not_picked":["Chaos","Stack"],"picked":"Skim","floor":1},{"not_picked":["Sweeping Beam","Conserve Battery"],"picked":"Hologram","floor":2},{"not_picked":["Cold Snap","Darkness","Capacitor"],"picked":"SKIP","floor":5},{"not_picked":["Recycle","Barrage"],"picked":"Glacier","floor":6},{"not_picked":["Electrodynamics","Hologram"],"picked":"Compile Driver","floor":8},{"not_picked":["Turbo","Lockon"],"picked":"Leap","floor":10},{"not_picked":["Gash","Steam","Conserve Battery"],"picked":"SKIP","floor":11},{"not_picked":["Barrage","Beam Cell","Cold Snap"],"picked":"SKIP","floor":14},{"not_picked":["Biased Cognition+1","Hyperbeam"],"picked":"Seek","floor":16},{"not_picked":["Steam+1","Beam Cell"],"picked":"Blizzard+1","floor":18},{"not_picked":["Beam Cell","Sweeping Beam+1"],"picked":"Redo+1","floor":22}],"player_experience":246352,"potions_floor_usage":[6,16,16,16,24],"damage_taken":[{"damage":3,"enemies":"2 Louse","floor":1,"turns":2},{"damage":4,"enemies":"Jaw Worm","floor":2,"turns":4},{"damage":0,"enemies":"Cultist","floor":5,"turns":3},{"damage":17,"enemies":"Exordium Thugs","floor":6,"turns":3},{"damage":22,"enemies":"Lagavulin","floor":8,"turns":5},{"damage":13,"enemies":"Gremlin Nob","floor":10,"turns":4},{"damage":0,"enemies":"Large Slime","floor":11,"turns":2},{"damage":15,"enemies":"2 Fungi Beasts","floor":14,"turns":5},{"damage":20,"enemies":"Hexaghost","floor":16,"turns":9},{"damage":20,"enemies":"Chosen","floor":18,"turns":5},{"damage":4,"enemies":"Spheric Guardian","floor":22,"turns":4},{"damage":54,"enemies":"Gremlin Leader","floor":24,"turns":6}],"relics_obtained":[{"floor":8,"key":"Juzu Bracelet"},{"floor":9,"key":"Pen Nib"},{"floor":10,"key":"Frozen Egg 2"}],"event_choices":[{"event_name":"Shining Light","player_choice":"Entered Light","floor":4,"damage_taken":0},{"event_name":"The Mausoleum","player_choice":"Yes","floor":19,"damage_taken":0},{"event_name":"Nest","player_choice":"Joined the Cult","floor":21,"damage_taken":0}],"boss_relics":[{"not_picked":["Ectoplasm","Velvet Choker"],"picked":"Runic Pyramid"}],"items_purged_floors":[3,12,20],"potions_floor_spawned":[1,5,8,14,16],"seed_played":"6949247908094730919","killed_by":"Gremlin Leader","ascension_level":4,"potions_obtained":[{"floor":1,"key":"Strength Potion"},{"floor":5,"key":"Fire Potion"},{"floor":8,"key":"Strength Potion"},{"floor":14,"key":"Dexterity Potion"},{"floor":16,"key":"Block Potion"}],"is_trial":false}