{"gold_per_floor":[110,121,146,10,22,22,49,61,73,105,117,129,121,93],"floor_reached":14,"playtime":363,"items_purged":[],"score":176,"play_id":"be8c8a0e-94ec-4e0f-8450-5dca5d5ac645","local_time":"20190428115740","is_ascension_mode":true,"campfire_choices":[{"data":"Neutralize","floor":6,"key":"SMITH"},{"data":"Footwork","floor":8,"key":"SMITH"}],"neow_cost":"NONE","seed_source_timestamp":425640832926010,"circlet_count":0,"master_deck":["AscendersBane","Defend_G","Defend_G","Defend_G","Defend_G","Defend_G","Strike_G","Strike_G","Strike_G","Strike_G","Strike_G","Survivor","Neutralize+1","Dagger Spray","Slice","Footwork+1","Poisoned Stab","Terror","Leg Sweep","Heel Hook"],"relics":["Eternal Feather","Boot","MawBank","Pocketwatch"],"potions_floor_usage":[2],"damage_taken":[{"damage":9,"enemies":"Cultist","floor":1,"turns":5},{"damage":2,"enemies":"Jaw Worm","floor":2,"turns":5},{"damage":5,"enemies":"Small Slimes","floor":5,"turns":3},{"damage":32,"enemies":"3 Sentries","floor":7,"turns":8},{"damage":21,"enemies":"Exordium Thugs","floor":10,"turns":5},{"damage":8,"enemies":"Looter","floor":14,"turns":2}],"seed_played":"1527871940125775412","potions_obtained":[{"floor":1,"key":"Explosive Potion"},{"floor":2,"key":"Strength Potion"},{"floor":13,"key":"EntropicBrew"}],"is_trial":false,"path_per_floor":["M","M","T","$","M","R","E","R","T","M","?","$","?","M"],"character_chosen":"THE_SILENT","items_purchased":["Footwork","Poisoned Stab"],"campfire_rested":0,"item_purchase_floors":[4,4],"current_hp_per_floor":[50,48,48,48,43,52,20,29,29,8,8,8,8,0],"gold":93,"neow_bonus":"BOSS_RELIC","is_prod":false,"is_daily":false,"chose_seed":false,"campfire_upgraded":2,"win_rate":0,"timestamp":1556467060,"path_taken":["M","M","?","$","M","R","E","R","T","M","?","$","?","?"],"build_version":"2019-01-23","purchased_purges":0,"victory":false,"max_hp_per_floor":[66,66,66,66,66,66,66,66,66,66,66,66,66,66],"card_choices":[{"not_picked":["Calculated Gamble","Reflex"],"picked":"Dagger Spray","floor":1},{"not_picked":["Sucker Punch","Eviscerate"],"picked":"Slice","floor":2},{"not_picked":["Quick Slash","Bullet Time"],"picked":"Terror","floor":5},{"not_picked":["PiercingWail","Sucker Punch"],"picked":"Leg Sweep","floor":7},{"not_picked":["Dodge and Roll","Outmaneuver"],"picked":"Heel Hook","floor":10}],"player_experience":933391,"relics_obtained":[{"floor":3,"key":"Boot"},{"floor":7,"key":"MawBank"},{"floor":9,"key":"Pocketwatch"}],"event_choices":[{"damage_healed":0,"gold_gain":0,"player_choice":"Fled","damage_taken":0,"max_hp_gain":0,"max_hp_loss":0,"event_name":"Scrap Ooze","floor":11,"gold_loss":0},{"damage_healed":0,"gold_gain":0,"player_choice":"Bought 1 Potion","damage_taken":0,"max_hp_gain":0,"max_hp_loss":0,"event_name":"The Woman in Blue","floor":13,"gold_loss":0}],"is_beta":false,"boss_relics":[],"items_purged_floors":[],"is_endless":false,"potions_floor_spawned":[1,2],"killed_by":"Looter","ascension_level":20}