{"gold_per_floor":[117,117,117,77,77,111,15,40,64,34,53,53,69,89,89,160,160,114,114,130,130,130,130,130],"floor_reached":24,"playtime":533,"items_purged":[],"score":412,"play_id":"deb7d13e-6a57-479f-889e-0763b158b7d6","local_time":"20181111113033","is_ascension_mode":true,"campfire_choices":[{"data":"Blade Dance","floor":12,"key":"SMITH"},{"data":"Accuracy","floor":15,"key":"SMITH"},{"data":"Storm of Steel","floor":23,"key":"SMITH"}],"neow_cost":"NONE","seed_source_timestamp":534833643212332,"circlet_count":0,"master_deck":["AscendersBane","Defend_G","Defend_G","Defend_G","Defend_G","Defend_G","Strike_G","Strike_G","Strike_G","Strike_G","Strike_G","Survivor","Neutralize","Blade Dance+1","Noxious Fumes","Footwork","Blade Dance","Blade Dance+1","Accuracy+1","PiercingWail","Phantasmal Killer","Caltrops","Storm of Steel+1"],"relics":["Ring of the Snake","NeowsBlessing","Dream Catcher","Anchor","Regal Pillow","Eternal Feather"],"potions_floor_usage":[18],"damage_taken":[{"damage":0,"enemies":"Jaw Worm","floor":1,"turns":1},{"damage":0,"enemies":"Lagavulin","floor":6,"turns":1},{"damage":0,"enemies":"Cultist","floor":11,"turns":1},{"damage":0,"enemies":"2 Louse","floor":13,"turns":2},{"damage":6,"enemies":"Blue Slaver","floor":14,"turns":4},{"damage":49,"enemies":"Slime Boss","floor":16,"turns":12},{"damage":26,"enemies":"2 Thieves","floor":18,"turns":5},{"damage":32,"enemies":"Shell Parasite","floor":20,"turns":5},{"damage":60,"enemies":"3 Cultists","floor":24,"turns":5}],"seed_played":"3769073534481172233","potions_obtained":[{"floor":11,"key":"Regen Potion"}],"is_trial":false,"path_per_floor":["M","?","?","$","?","E","$","T","T","$","M","R","M","M","R","B",null,"M","?","M","?","?","R","M"],"character_chosen":"THE_SILENT","items_purchased":["Noxious Fumes","Footwork","Blade Dance","Blade Dance"],"campfire_rested":0,"item_purchase_floors":[4,7,7,10],"current_hp_per_floor":[59,59,59,59,64,64,64,64,64,64,64,64,64,58,58,9,56,45,71,39,39,39,51,0],"gold":130,"neow_bonus":"THREE_ENEMY_KILL","is_prod":false,"is_daily":false,"chose_seed":false,"campfire_upgraded":3,"win_rate":0,"timestamp":1541953833,"path_taken":["M","?","?","$","?","E","$","?","T","$","?","R","M","M","R","BOSS","M","?","?","?","?","R","M"],"build_version":"2018-11-08","purchased_purges":0,"victory":false,"max_hp_per_floor":[66,66,66,66,71,71,71,71,71,71,71,71,71,71,71,71,71,71,71,71,71,71,71,71],"card_choices":[{"not_picked":["Flying Knee","Dodge and Roll"],"picked":"Blade Dance","floor":1},{"not_picked":["Dodge and Roll","Night Terror"],"picked":"Noxious Fumes","floor":6},{"not_picked":["Footwork","Leg Sweep"],"picked":"Accuracy","floor":11},{"not_picked":["Underhanded Strike","Deflect","Flying Knee"],"picked":"SKIP","floor":13},{"not_picked":["Underhanded Strike","Predator"],"picked":"PiercingWail","floor":14},{"not_picked":["Unload","Bullet Time"],"picked":"Phantasmal Killer","floor":16},{"not_picked":["Sucker Punch","Distraction"],"picked":"Caltrops","floor":18},{"not_picked":["Flying Knee","Caltrops","Outmaneuver"],"picked":"SKIP","floor":20}],"player_experience":716237,"relics_obtained":[{"floor":6,"key":"Dream Catcher"},{"floor":8,"key":"Anchor"},{"floor":9,"key":"Regal Pillow"}],"event_choices":[{"damage_healed":0,"gold_gain":0,"player_choice":"Grow","damage_taken":0,"max_hp_gain":0,"max_hp_loss":0,"event_name":"Living Wall","floor":2,"gold_loss":0,"cards_upgraded":["Blade Dance"]},{"damage_healed":0,"gold_gain":0,"player_choice":"Fled","damage_taken":0,"max_hp_gain":0,"max_hp_loss":0,"event_name":"Scrap Ooze","floor":3,"gold_loss":0},{"damage_healed":0,"gold_gain":0,"player_choice":"Donut","damage_taken":0,"max_hp_gain":5,"max_hp_loss":0,"event_name":"Big Fish","floor":5,"gold_loss":0},{"cards_removed":["Noxious Fumes"],"damage_healed":26,"gold_gain":0,"player_choice":"Offered Uncommon","damage_taken":0,"max_hp_gain":0,"max_hp_loss":0,"event_name":"Bonfire Elementals","floor":19,"gold_loss":0},{"damage_healed":0,"gold_gain":0,"player_choice":"Ignored","damage_taken":0,"max_hp_gain":0,"max_hp_loss":0,"event_name":"Ghosts","floor":21,"gold_loss":0},{"damage_healed":0,"gold_gain":0,"player_choice":"Read","damage_taken":0,"max_hp_gain":0,"max_hp_loss":0,"event_name":"The Library","floor":22,"gold_loss":0,"cards_obtained":["Storm of Steel"]}],"is_beta":false,"boss_relics":[{"not_picked":["Orrery","Lizard Tail"],"picked":"Eternal Feather"}],"items_purged_floors":[],"is_endless":false,"potions_floor_spawned":[11],"killed_by":"3 Cultists","ascension_level":18}