{"gold_per_floor":[113,113,113,126,138,138,173,173,243,243,268,268,287,322,322,397,397,413,432,181,197,44,44,44,44,68,68,86,86,103,17,17,17],"floor_reached":33,"playtime":2685,"items_purged":[],"score":434,"play_id":"9711c809-8f26-4e8b-8fed-fe3ae497aa60","local_time":"20190505145253","is_ascension_mode":true,"campfire_choices":[{"data":"Infernal Blade","floor":6.0,"key":"SMITH"},{"data":"Barricade","floor":8.0,"key":"SMITH"},{"data":"Body Slam","floor":10.0,"key":"SMITH"},{"floor":12.0,"key":"REST"},{"data":"Cleave","floor":15.0,"key":"SMITH"},{"floor":23.0,"key":"REST"},{"data":"True Grit","floor":25.0,"key":"SMITH"},{"data":"Berserk","floor":27.0,"key":"SMITH"},{"floor":32,"key":"REST"}],"neow_cost":"NONE","seed_source_timestamp":15616679535400,"circlet_count":0,"master_deck":["AscendersBane","Strike_R","Strike_R","Defend_R","Defend_R","Defend_R","Defend_R","Bash","Body Slam+1","Infernal Blade+1","Flex","Barricade+1","Cleave","Cleave+1","Clothesline","Berserk+1","Thunderclap+1","Heavy Blade+1","Hemokinesis+1","True Grit+1","Dropkick","Warcry+1","Shame","Entrench+1","Warcry","Feel No Pain"],"special_seed":0,"relics":["Burning Blood","Centennial Puzzle","Bottled Flame","Sundial","Lantern","Ancient Tea Set","Astrolabe","Pantograph","Bag of Marbles","Letter Opener","Happy Flower"],"potions_floor_usage":[33,33],"damage_taken":[{"damage":2.0,"enemies":"Jaw Worm","floor":1.0,"turns":3.0},{"damage":0.0,"enemies":"2 Louse","floor":4.0,"turns":4.0},{"damage":1.0,"enemies":"Cultist","floor":5.0,"turns":3.0},{"damage":33.0,"enemies":"Gremlin Nob","floor":7.0,"turns":4.0},{"damage":43.0,"enemies":"3 Sentries","floor":11.0,"turns":14.0},{"damage":1.0,"enemies":"2 Fungi Beasts","floor":13.0,"turns":3.0},{"damage":14.0,"enemies":"Lagavulin","floor":14.0,"turns":6.0},{"damage":44.0,"enemies":"Slime Boss","floor":16.0,"turns":14.0},{"damage":24.0,"enemies":"Chosen","floor":18.0,"turns":5.0},{"damage":20.0,"enemies":"3 Byrds","floor":19.0,"turns":7.0},{"damage":12.0,"enemies":"3 Cultists","floor":21.0,"turns":4.0},{"damage":14,"enemies":"Cultist and Chosen","floor":28,"turns":7},{"damage":17,"enemies":"Snecko","floor":30,"turns":4},{"damage":95,"enemies":"Champ","floor":33,"turns":15}],"seed_played":"3504391412668613847","potions_obtained":[{"floor":3.0,"key":"Dexterity Potion"},{"floor":3.0,"key":"LiquidBronze"},{"floor":5.0,"key":"Strength Potion"},{"floor":7.0,"key":"Block Potion"},{"floor":11.0,"key":"Poison Potion"},{"floor":16.0,"key":"Block Potion"},{"floor":19.0,"key":"PowerPotion"},{"floor":28,"key":"FearPotion"}],"is_trial":false,"path_per_floor":["M","?","?","M","M","R","E","R","T","R","E","R","M","E","R","B",null,"M","M","$","M","$","R","?","R","T","R","M","?","M","$","R","B"],"character_chosen":"IRONCLAD","items_purchased":["Pantograph","Bag of Marbles","SpeedPotion","Feel No Pain"],"campfire_rested":3,"item_purchase_floors":[20,22,31,31],"current_hp_per_floor":[84,77,77,83,88,88,61,61,61,61,24,50,55,47,47,9,68,50,36,36,30,30,56,56,56,56,56,48,48,37,37,63,0],"gold":17,"neow_bonus":"TEN_PERCENT_HP_BONUS","is_prod":false,"is_daily":false,"chose_seed":false,"campfire_upgraded":6,"win_rate":0,"timestamp":1557060773,"path_taken":["M","?","?","M","M","R","E","R","T","R","E","R","M","E","R","BOSS","M","M","$","?","$","R","?","R","T","R","M","?","?","?","R","BOSS"],"build_version":"2019-01-23","purchased_purges":0,"victory":false,"max_hp_per_floor":[88,88,88,88,88,88,88,88,88,88,88,88,88,88,88,88,88,88,88,88,88,88,88,88,88,88,88,88,88,88,88,88,88],"card_choices":[{"not_picked":["Clothesline","Clash"],"picked":"Body Slam","floor":1.0},{"not_picked":["Perfected Strike","Heavy Blade"],"picked":"Infernal Blade","floor":4.0},{"not_picked":["Dark Embrace","Sever Soul"],"picked":"Flex","floor":5.0},{"not_picked":["Flex","Twin Strike"],"picked":"Barricade","floor":7.0},{"not_picked":["Rage","Searing Blow"],"picked":"Cleave","floor":11.0},{"not_picked":["Wild Strike","Pommel Strike"],"picked":"Cleave","floor":13.0},{"not_picked":["Double Tap","Clash"],"picked":"Clothesline","floor":14.0},{"not_picked":["Reaper","Barricade"],"picked":"Berserk","floor":16.0},{"not_picked":["Burning Pact","Sever Soul"],"picked":"True Grit","floor":18.0},{"not_picked":["Cleave","Heavy Blade"],"picked":"Dropkick","floor":19.0},{"not_picked":["Flex","Inflame"],"picked":"Warcry+1","floor":21.0},{"not_picked":["Perfected Strike","Clash"],"picked":"Entrench+1","floor":28},{"not_picked":["Body Slam","Sword Boomerang"],"picked":"Warcry","floor":30}],"player_experience":734095,"relics_obtained":[{"floor":7.0,"key":"Bottled Flame"},{"floor":9.0,"key":"Sundial"},{"floor":11.0,"key":"Lantern"},{"floor":14.0,"key":"Ancient Tea Set"},{"floor":26.0,"key":"Happy Flower"}],"event_choices":[{"damage_healed":0.0,"max_hp_gain":0.0,"max_hp_loss":0.0,"gold_gain":0.0,"event_name":"Scrap Ooze","player_choice":"Success","floor":2.0,"gold_loss":0.0,"damage_taken":7.0,"relics_obtained":["Centennial Puzzle"]},{"damage_healed":0.0,"max_hp_gain":0.0,"max_hp_loss":0.0,"gold_gain":0.0,"event_name":"Lab","player_choice":"Got Potions","floor":3.0,"gold_loss":0.0,"damage_taken":0.0},{"damage_healed":0.0,"max_hp_gain":0.0,"max_hp_loss":0.0,"gold_gain":0.0,"event_name":"Addict","player_choice":"Stole Relic","floor":24.0,"gold_loss":0.0,"damage_taken":0.0,"relics_obtained":["Letter Opener"],"cards_obtained":["Shame"]},{"damage_healed":0,"gold_gain":0,"player_choice":"Leave","damage_taken":0,"max_hp_gain":0,"max_hp_loss":0,"event_name":"FaceTrader","floor":29,"gold_loss":0}],"is_beta":false,"boss_relics":[{"not_picked":["Mark of Pain","Calling Bell"],"picked":"Astrolabe"}],"items_purged_floors":[],"is_endless":false,"potions_floor_spawned":[5,7,11,16,19,28],"killed_by":"Champ","ascension_level":13}