{"path_per_floor":["M","?","?","$","?","R","$","M","T","E","M","?","M","M","R"],"character_chosen":"DEFECT","items_purchased":[],"gold_per_floor":[118,193,193,118,118,118,18,33,33,59,74,74,88,102,102,102],"floor_reached":16,"campfire_rested":1,"playtime":572,"item_purchase_floors":[],"current_hp_per_floor":[62,51,37,37,42,42,42,42,42,28,30,23,19,16,37,0],"items_purged":["Strike_B","Strike_B"],"gold":102,"score":105,"play_id":"4b2aa2ec-ecac-4409-b494-550c2725d61a","local_time":"20180603214155","is_prod":false,"is_daily":false,"chose_seed":false,"is_ascension_mode":true,"campfire_upgraded":1,"win_rate":0,"timestamp":1528033315,"campfire_choices":[{"data":"Electrodynamics","floor":6,"key":"SMITH"},{"floor":15,"key":"REST"}],"path_taken":["M","?","?","$","?","R","$","M","T","E","?","?","?","M","R","BOSS"],"build_version":"2018-05-31","seed_source_timestamp":2476788277420,"purchased_purges":2,"victory":false,"master_deck":["Strike_B+1","Defend_B","Defend_B","Defend_B","Defend_B","Zap","Dualcast+1","Electrodynamics+1","Rebound","Force Field","Streamline","FTL"],"max_hp_per_floor":[68,68,68,68,73,73,73,73,73,73,73,73,73,73,73,73],"relics":["Cracked Core","Bird Faced Urn","Potion Belt"],"card_choices":[{"not_picked":["Reboot","Buffer"],"picked":"Electrodynamics","floor":0},{"not_picked":["Fusion","Ball Lightning"],"picked":"Rebound","floor":1},{"not_picked":["Compile Driver","Sweeping Beam","Cold Snap"],"picked":"SKIP","floor":8},{"not_picked":["Stack","Meteor Strike"],"picked":"Force Field","floor":10},{"not_picked":["Steam","Chaos","Stack"],"picked":"SKIP","floor":11},{"not_picked":["Ball Lightning","Barrage"],"picked":"Streamline","floor":13},{"not_picked":["Stack","Cold Snap"],"picked":"FTL","floor":14}],"player_experience":221412,"potions_floor_usage":[10,16],"damage_taken":[{"damage":6,"enemies":"Jaw Worm","floor":1,"turns":3},{"damage":0,"enemies":"Small Slimes","floor":8,"turns":2},{"damage":16,"enemies":"Lagavulin","floor":10,"turns":5},{"damage":0,"enemies":"2 Louse","floor":11,"turns":2},{"damage":6,"enemies":"Exordium Wildlife","floor":13,"turns":4},{"damage":5,"enemies":"Looter","floor":14,"turns":2},{"damage":42,"enemies":"Hexaghost","floor":16,"turns":9}],"relics_obtained":[{"floor":9,"key":"Bird Faced Urn"},{"floor":10,"key":"Potion Belt"}],"event_choices":[{"event_name":"World of Goop","player_choice":"Gather Gold","floor":2,"damage_taken":0},{"event_name":"Shining Light","player_choice":"Entered Light","floor":3,"damage_taken":0},{"event_name":"Big Fish","player_choice":"Donut","floor":5,"damage_taken":0},{"event_name":"Golden Wing","player_choice":"Card Removal","floor":12,"damage_taken":0}],"boss_relics":[],"items_purged_floors":[4,7],"potions_floor_spawned":[1,11],"seed_played":"8075033316819776245","killed_by":"Hexaghost","ascension_level":1,"potions_obtained":[{"floor":1,"key":"AttackPotion"},{"floor":11,"key":"GamblersBrew"}],"is_trial":false}