{"gold_per_floor":[19,19,19,35,35,75,75,100,179,199,223,223,237,251,251,344,344,359,359,392,332],"floor_reached":21,"playtime":718,"items_purged":[],"score":317,"play_id":"e54e1465-4430-4dbc-9f68-d738e898405d","local_time":"20190310162934","is_ascension_mode":true,"campfire_choices":[{"data":"Flex","floor":7,"key":"SMITH"},{"floor":12,"key":"REST"},{"data":"Uppercut","floor":15,"key":"SMITH"}],"neow_cost":"NO_GOLD","seed_source_timestamp":0,"circlet_count":0,"master_deck":["AscendersBane","Strike_R","Strike_R","Strike_R","Defend_R","Defend_R","Defend_R","Defend_R","Bash","Havoc","Flex+1","Sword Boomerang","Decay","Uppercut+1","Shrug It Off","Disarm","Power Through","Double Tap","Second Wind"],"relics":["Burning Blood","Golden Idol","Bag of Preparation","Cursed Key","Red Mask"],"potions_floor_usage":[16,20,21],"damage_taken":[{"damage":9,"enemies":"Jaw Worm","floor":1,"turns":5},{"damage":0,"enemies":"2 Louse","floor":4,"turns":3},{"damage":47,"enemies":"Lagavulin","floor":6,"turns":8},{"damage":5,"enemies":"Small Slimes","floor":8,"turns":3},{"damage":6,"enemies":"Red Slaver","floor":10,"turns":3},{"damage":22,"enemies":"Exordium Thugs","floor":11,"turns":6},{"damage":6,"enemies":"Blue Slaver","floor":13,"turns":4},{"damage":0,"enemies":"Large Slime","floor":14,"turns":5},{"damage":40,"enemies":"Hexaghost","floor":16,"turns":11},{"damage":24,"enemies":"3 Byrds","floor":18,"turns":10},{"damage":33,"enemies":"Masked Bandits","floor":20,"turns":5},{"damage":17,"enemies":"2 Thieves","floor":21,"turns":2}],"seed_played":"2377073593703192852","potions_obtained":[{"floor":8,"key":"FairyPotion"},{"floor":10,"key":"Ancient Potion"},{"floor":16,"key":"SkillPotion"},{"floor":18,"key":"SteroidPotion"}],"is_trial":false,"path_per_floor":["M","?","?","M","?","E","R","M","T","M","M","R","M","M","R","B",null,"M","?","?","M"],"character_chosen":"IRONCLAD","items_purchased":[],"campfire_rested":1,"item_purchase_floors":[],"current_hp_per_floor":[65,65,65,68,68,27,27,28,28,28,12,32,32,38,38,12,54,36,36,9,0],"gold":332,"neow_bonus":"TRANSFORM_TWO_CARDS","is_prod":false,"is_daily":false,"chose_seed":true,"campfire_upgraded":2,"win_rate":0,"timestamp":1552206574,"path_taken":["M","?","?","M","?","E","R","M","T","M","?","R","M","M","R","BOSS","M","?","?","M"],"build_version":"2019-01-23","purchased_purges":0,"victory":false,"max_hp_per_floor":[75,75,68,68,68,68,68,68,68,68,68,68,68,68,68,68,68,68,68,68,68],"card_choices":[{"not_picked":["Perfected Strike","Pommel Strike"],"picked":"Sword Boomerang","floor":1},{"not_picked":["Sword Boomerang","Iron Wave","Headbutt"],"picked":"SKIP","floor":4},{"not_picked":["Fire Breathing","Havoc"],"picked":"Uppercut","floor":6},{"not_picked":["Twin Strike","Sword Boomerang"],"picked":"Shrug It Off","floor":8},{"not_picked":["Heavy Blade","Shrug It Off","Combust"],"picked":"SKIP","floor":10},{"not_picked":["Rupture","Warcry","Rage"],"picked":"SKIP","floor":11},{"not_picked":["Pommel Strike","Berserk"],"picked":"Disarm","floor":13},{"not_picked":["Ghostly Armor","Carnage"],"picked":"Power Through","floor":14},{"not_picked":["Berserk","Brutality"],"picked":"Double Tap","floor":16},{"not_picked":["Shrug It Off","Heavy Blade","Pommel Strike"],"picked":"SKIP","floor":18}],"player_experience":1179307,"relics_obtained":[{"floor":6,"key":"Bag of Preparation"},{"floor":20,"key":"Red Mask"}],"event_choices":[{"damage_healed":0,"gold_gain":0,"player_choice":"Ignored","damage_taken":0,"max_hp_gain":0,"max_hp_loss":0,"event_name":"Liars Game","floor":2,"gold_loss":0},{"damage_healed":0,"gold_gain":0,"player_choice":"Lose Max HP","damage_taken":0,"relics_obtained":["Golden Idol"],"max_hp_gain":0,"max_hp_loss":7,"event_name":"Golden Idol","floor":3,"gold_loss":0},{"damage_healed":0,"gold_gain":0,"player_choice":"Cursed","damage_taken":0,"max_hp_gain":0,"max_hp_loss":0,"event_name":"Wheel of Change","floor":5,"gold_loss":0,"cards_obtained":["Decay"]},{"damage_healed":0,"gold_gain":0,"player_choice":"Read","damage_taken":0,"max_hp_gain":0,"max_hp_loss":0,"event_name":"The Library","floor":19,"gold_loss":0,"cards_obtained":["Second Wind"]},{"damage_healed":0,"gold_gain":0,"player_choice":"Fought Bandits","damage_taken":0,"max_hp_gain":0,"max_hp_loss":0,"event_name":"Masked Bandits","floor":20,"gold_loss":0}],"is_beta":false,"boss_relics":[{"not_picked":["Busted Crown","Orrery"],"picked":"Cursed Key"}],"items_purged_floors":[],"is_endless":false,"potions_floor_spawned":[8,10,16,18],"killed_by":"2 Thieves","ascension_level":15}