{"gold_per_floor":[119,119,131,144,162,162,195,209,209,219,233,248,248,323,323,323],"floor_reached":16,"playtime":477,"items_purged":[],"score":106,"play_id":"cde9aa61-ad91-4270-82c7-169af74de69d","local_time":"20180731150408","is_ascension_mode":false,"campfire_choices":[{"data":"Armaments","floor":6,"key":"SMITH"},{"data":"Brutality","floor":13,"key":"SMITH"},{"floor":15,"key":"REST"}],"neow_cost":"NONE","seed_source_timestamp":71363794546461,"circlet_count":0,"master_deck":["Strike_R","Strike_R","Strike_R","Strike_R","Strike_R","Defend_R","Defend_R","Defend_R","Defend_R","Thunderclap","Perfected Strike","Armaments+1","True Grit","Brutality+1","Wild Strike"],"relics":["Mark of Pain"],"potions_floor_usage":[8,16,16],"damage_taken":[{"damage":0,"enemies":"Cultist","floor":1,"turns":4},{"damage":0,"enemies":"Small Slimes","floor":3,"turns":3},{"damage":15,"enemies":"Jaw Worm","floor":4,"turns":4},{"damage":0,"enemies":"Looter","floor":5,"turns":2},{"damage":4,"enemies":"3 Sentries","floor":7,"turns":4},{"damage":0,"enemies":"Large Slime","floor":8,"turns":2},{"damage":18,"enemies":"Lots of Slimes","floor":10,"turns":4},{"damage":9,"enemies":"Exordium Wildlife","floor":11,"turns":4},{"damage":8,"enemies":"Blue Slaver","floor":12,"turns":4},{"damage":59,"enemies":"The Guardian","floor":16,"turns":10}],"seed_played":"-8953187322917967063","potions_obtained":[{"floor":4,"key":"Fire Potion"},{"floor":8,"key":"EssenceOfSteel"},{"floor":11,"key":"FairyPotion"},{"floor":12,"key":"Swift Potion"}],"is_trial":false,"path_per_floor":["M","?","M","M","M","R","E","M","T","M","M","M","R","?","R"],"character_chosen":"IRONCLAD","items_purchased":[],"campfire_rested":1,"item_purchase_floors":[],"current_hp_per_floor":[80,80,80,65,65,65,61,61,61,43,34,26,26,15,39,0],"gold":323,"neow_bonus":"BOSS_RELIC","is_prod":false,"is_daily":false,"chose_seed":false,"campfire_upgraded":2,"win_rate":0,"timestamp":1533020648,"path_taken":["M","?","M","?","M","R","E","M","T","M","M","M","R","?","R","BOSS"],"build_version":"2018-07-26","purchased_purges":0,"victory":false,"max_hp_per_floor":[80,80,80,80,80,80,80,80,80,80,80,80,80,80,80,80],"card_choices":[{"not_picked":["Clothesline","Dropkick"],"picked":"Thunderclap","floor":1},{"not_picked":["Thunderclap","Sentinel"],"picked":"Perfected Strike","floor":3},{"not_picked":["Clash","Combust","Cleave"],"picked":"SKIP","floor":4},{"not_picked":["Perfected Strike","Sentinel"],"picked":"Armaments","floor":5},{"not_picked":["Fire Breathing","Iron Wave"],"picked":"True Grit","floor":7},{"not_picked":["Armaments","Body Slam","Thunderclap"],"picked":"SKIP","floor":8},{"not_picked":["Cleave","Combust"],"picked":"Brutality","floor":10},{"not_picked":["Sword Boomerang","Combust","Disarm"],"picked":"SKIP","floor":11},{"not_picked":["Iron Wave","Corruption"],"picked":"Wild Strike","floor":12}],"player_experience":328367,"relics_obtained":[],"event_choices":[{"event_name":"Bonfire Elementals","player_choice":"BASIC","floor":2,"damage_taken":0},{"event_name":"World of Goop","player_choice":"Gather Gold","floor":14,"damage_taken":0}],"is_beta":false,"boss_relics":[],"items_purged_floors":[],"is_endless":false,"potions_floor_spawned":[4,8,11,12],"killed_by":"The Guardian","ascension_level":0}