{"gold_per_floor":[16,16,16,30,46,46,76,76,99,99,24,38,72,72],"floor_reached":14,"playtime":320,"items_purged":["Strike_R"],"score":108,"play_id":"5f654f5d-02be-4791-98ab-06547fa63b96","local_time":"20190508141059","is_ascension_mode":true,"campfire_choices":[{"data":"Bash","floor":6,"key":"SMITH"},{"data":"Evolve","floor":8,"key":"SMITH"},{"data":"Heavy Blade","floor":10,"key":"SMITH"}],"neow_cost":"NO_GOLD","seed_source_timestamp":9593161839963,"circlet_count":0,"master_deck":["Strike_R","Strike_R","Strike_R","Defend_R","Defend_R","Defend_R","Defend_R","Bash+1","Heavy Blade+1","Evolve+1","Shockwave"],"relics":["Burning Blood","Bird Faced Urn","Lantern","Vajra","Magic Flower"],"potions_floor_usage":[13],"damage_taken":[{"damage":16,"enemies":"Jaw Worm","floor":1,"turns":4},{"damage":11,"enemies":"Cultist","floor":4,"turns":4},{"damage":0,"enemies":"Small Slimes","floor":5,"turns":3},{"damage":28,"enemies":"Gremlin Nob","floor":7,"turns":4},{"damage":16,"enemies":"Blue Slaver","floor":12,"turns":4},{"damage":31,"enemies":"Lagavulin","floor":13,"turns":4},{"damage":14,"enemies":"Red Slaver","floor":14,"turns":1}],"seed_played":"5409551268653988537","potions_obtained":[{"floor":1,"key":"Ancient Potion"},{"floor":12,"key":"FearPotion"},{"floor":13,"key":"Weak Potion"}],"is_trial":false,"path_per_floor":["M","?","?","M","M","R","E","R","T","R","$","M","E","M"],"character_chosen":"IRONCLAD","items_purchased":[],"campfire_rested":0,"item_purchase_floors":[],"current_hp_per_floor":[70,70,70,65,71,71,49,49,49,49,49,39,14,0],"gold":72,"neow_bonus":"ONE_RARE_RELIC","is_prod":false,"is_daily":false,"chose_seed":false,"campfire_upgraded":3,"win_rate":0,"timestamp":1557317459,"path_taken":["M","?","?","?","M","R","E","R","T","R","$","?","E","M"],"build_version":"2019-01-23","purchased_purges":1,"victory":false,"max_hp_per_floor":[80,80,80,80,80,80,80,80,80,80,80,80,80,80],"card_choices":[{"not_picked":["Rage","Disarm","Thunderclap"],"picked":"SKIP","floor":1},{"not_picked":["Clash","Headbutt"],"picked":"Heavy Blade","floor":4},{"not_picked":["Thunderclap","Sentinel","Seeing Red"],"picked":"SKIP","floor":5},{"not_picked":["Brutality","Pommel Strike"],"picked":"Evolve","floor":7},{"not_picked":["Wild Strike","Infernal Blade","Perfected Strike"],"picked":"SKIP","floor":12},{"not_picked":["Wild Strike","Inflame"],"picked":"Shockwave","floor":13}],"player_experience":290478,"relics_obtained":[{"floor":7,"key":"Lantern"},{"floor":9,"key":"Vajra"},{"floor":13,"key":"Magic Flower"}],"event_choices":[{"damage_healed":0,"gold_gain":0,"player_choice":"Leave","damage_taken":0,"max_hp_gain":0,"max_hp_loss":0,"event_name":"The Cleric","floor":2,"gold_loss":0},{"cards_removed":["Strike_R"],"damage_healed":0,"gold_gain":0,"player_choice":"Card Removal","damage_taken":0,"max_hp_gain":0,"max_hp_loss":0,"event_name":"Wheel of Change","floor":3,"gold_loss":0}],"is_beta":false,"boss_relics":[],"items_purged_floors":[11],"is_endless":false,"potions_floor_spawned":[1,12,13],"killed_by":"Red Slaver","ascension_level":2}