{"gold_per_floor":[111,36,36,36,55,80,80,110,110,10,28,28,52,52],"floor_reached":14,"playtime":748,"items_purged":["Strike_R","Defend_R"],"score":153,"play_id":"df47579d-dcc6-49c1-ad51-02f88558c8b9","local_time":"20190121172648","is_ascension_mode":true,"campfire_choices":[{"floor":7,"key":"REST"}],"neow_cost":"","seed_source_timestamp":0,"circlet_count":0,"master_deck":["Strike_R","Strike_R","Strike_R","Defend_R","Defend_R","Bash","Ghostly Armor","Flex"],"relics":["Unceasing Top","Sundial","PreservedInsect","Juzu Bracelet","Golden Idol","Blood Vial"],"potions_floor_usage":[6],"damage_taken":[{"damage":0,"enemies":"Small Slimes","floor":1,"turns":3},{"damage":3,"enemies":"2 Louse","floor":5,"turns":3},{"damage":56,"enemies":"3 Sentries","floor":6,"turns":12},{"damage":41,"enemies":"Lagavulin","floor":8,"turns":12},{"damage":0,"enemies":"Cultist","floor":11,"turns":3},{"damage":16,"enemies":"The Mushroom Lair","floor":14,"turns":3}],"seed_played":"-8074147985304610889","potions_obtained":[{"floor":5,"key":"Regen Potion"},{"floor":8,"key":"Fire Potion"},{"floor":11,"key":"LiquidBronze"}],"is_trial":true,"path_per_floor":["M","$","?","?","M","E","R","E","T","$","M","?","T","?"],"character_chosen":"IRONCLAD","items_purchased":[],"campfire_rested":1,"item_purchase_floors":[],"current_hp_per_floor":[80,80,80,73,70,29,53,12,12,12,12,12,12,0],"gold":52,"neow_bonus":"","is_prod":false,"is_daily":false,"chose_seed":false,"campfire_upgraded":0,"win_rate":0,"timestamp":1548109608,"path_taken":["M","$","?","?","M","E","R","E","T","$","M","?","?","?"],"build_version":"2019-01-17v2","purchased_purges":2,"victory":false,"max_hp_per_floor":[80,80,80,80,80,80,80,80,80,80,80,74,74,74],"card_choices":[{"not_picked":["True Grit","Dual Wield","Shockwave"],"picked":"SKIP","floor":1},{"not_picked":["Heavy Blade","Warcry","Thunderclap"],"picked":"SKIP","floor":5},{"not_picked":["Body Slam","Warcry"],"picked":"Ghostly Armor","floor":6},{"not_picked":["Carnage","Armaments","Twin Strike"],"picked":"SKIP","floor":8},{"not_picked":["Twin Strike","Headbutt"],"picked":"Flex","floor":11}],"player_experience":121162,"relics_obtained":[{"floor":6,"key":"Sundial"},{"floor":8,"key":"PreservedInsect"},{"floor":9,"key":"Juzu Bracelet"},{"floor":13,"key":"Blood Vial"}],"event_choices":[{"cards_removed":["Defend_R"],"damage_healed":0,"gold_gain":0,"player_choice":"Forget","damage_taken":0,"max_hp_gain":0,"max_hp_loss":0,"event_name":"Living Wall","floor":3,"gold_loss":0},{"cards_removed":["Strike_R"],"damage_healed":0,"gold_gain":0,"player_choice":"Card Removal","damage_taken":7,"max_hp_gain":0,"max_hp_loss":0,"event_name":"Golden Wing","floor":4,"gold_loss":0},{"damage_healed":0,"gold_gain":0,"player_choice":"Lose Max HP","damage_taken":0,"relics_obtained":["Golden Idol"],"max_hp_gain":0,"max_hp_loss":6,"event_name":"Golden Idol","floor":12,"gold_loss":0},{"damage_healed":0,"gold_gain":0,"player_choice":"Fought Mushrooms","damage_taken":0,"max_hp_gain":0,"max_hp_loss":0,"event_name":"Mushrooms","floor":14,"gold_loss":0}],"is_beta":false,"boss_relics":[],"items_purged_floors":[2,10],"is_endless":true,"potions_floor_spawned":[5,8,11],"killed_by":"The Mushroom Lair","ascension_level":1}