{"gold_per_floor":[113,133,147,147,159,186,186,196,196,212,287,304,284,295,295,400,400,415,514,531,531,544,544,544,544],"floor_reached":25,"playtime":1283,"items_purged":[],"score":279,"play_id":"4b582532-50af-4206-a7e5-ea9c0af3afa8","local_time":"20190504200734","is_ascension_mode":true,"campfire_choices":[{"data":"Loop","floor":7,"key":"SMITH"},{"floor":15,"key":"REST"},{"floor":23,"key":"REST"}],"neow_cost":"NONE","seed_source_timestamp":943812540441400,"circlet_count":0,"master_deck":["Strike_B","Strike_B","Strike_B","Defend_B","Defend_B","Defend_B","Defend_B","Zap+1","Dualcast","Loop+1","Streamline","Go for the Eyes","Tempest","Sweeping Beam","Leap","Steam","Capacitor","Electrodynamics","Coolheaded","Seek","Conserve Battery+1","Chill"],"relics":["Cracked Core","Sundial","Philosopher\u0027s Stone","Enchiridion"],"potions_floor_usage":[6,16,16,16,20,24],"damage_taken":[{"damage":2,"enemies":"Jaw Worm","floor":1,"turns":3},{"damage":8,"enemies":"2 Louse","floor":2,"turns":2},{"damage":0,"enemies":"Small Slimes","floor":3,"turns":3},{"damage":1,"enemies":"Exordium Thugs","floor":5,"turns":3},{"damage":16,"enemies":"Gremlin Nob","floor":6,"turns":4},{"damage":2,"enemies":"2 Fungi Beasts","floor":8,"turns":2},{"damage":3,"enemies":"Red Slaver","floor":10,"turns":3},{"damage":3,"enemies":"Looter","floor":12,"turns":3},{"damage":3,"enemies":"Blue Slaver","floor":14,"turns":3},{"damage":20,"enemies":"Hexaghost","floor":16,"turns":9},{"damage":18,"enemies":"3 Byrds","floor":18,"turns":2},{"damage":15,"enemies":"2 Thieves","floor":20,"turns":3},{"damage":9,"enemies":"Cultist and Chosen","floor":22,"turns":5},{"damage":17,"enemies":"Colosseum Slavers","floor":24,"turns":4},{"damage":17,"enemies":"Snake Plant","floor":25,"turns":1}],"seed_played":"-6045117332866829500","potions_obtained":[{"floor":1,"key":"PowerPotion"},{"floor":3,"key":"Strength Potion"},{"floor":10,"key":"Regen Potion"},{"floor":13,"key":"LiquidBronze"},{"floor":16,"key":"SkillPotion"},{"floor":22,"key":"Explosive Potion"}],"is_trial":false,"path_per_floor":["M","M","M","?","M","E","R","M","T","M","?","M","?","M","R","B",null,"M","?","M","?","M","R","?","M"],"character_chosen":"DEFECT","items_purchased":[],"campfire_rested":2,"item_purchase_floors":[],"current_hp_per_floor":[66,58,58,58,57,41,41,39,39,36,25,22,22,19,41,36,65,47,47,32,16,7,29,12,0],"gold":544,"neow_bonus":"UPGRADE_CARD","is_prod":false,"is_daily":false,"chose_seed":false,"campfire_upgraded":1,"win_rate":0,"timestamp":1557014854,"path_taken":["M","M","M","?","M","E","R","M","T","M","?","M","?","M","R","BOSS","M","?","M","?","M","R","?","M"],"build_version":"2019-01-23","purchased_purges":0,"victory":false,"max_hp_per_floor":[75,75,75,75,75,75,75,75,75,75,75,75,75,75,75,75,75,75,75,75,75,75,75,75,75],"card_choices":[{"not_picked":["Rebound","Hello World"],"picked":"Loop","floor":1},{"not_picked":["Gash","Consume"],"picked":"Streamline","floor":2},{"not_picked":["Hologram","BootSequence"],"picked":"Go for the Eyes","floor":3},{"not_picked":["Steam Power","Hello World"],"picked":"Sweeping Beam","floor":5},{"not_picked":["BootSequence","White Noise"],"picked":"Leap","floor":6},{"not_picked":["Streamline","Turbo"],"picked":"Steam","floor":8},{"not_picked":["Go for the Eyes","Hologram"],"picked":"Capacitor","floor":10},{"not_picked":["Beam Cell","Tempest"],"picked":"Electrodynamics","floor":12},{"not_picked":["Double Energy","Scrape"],"picked":"Coolheaded","floor":14},{"not_picked":["Machine Learning","Multi-Cast"],"picked":"Seek","floor":16},{"not_picked":["Beam Cell","Barrage","Redo"],"picked":"SKIP","floor":18},{"not_picked":["Hologram","Skim"],"picked":"Conserve Battery+1","floor":20},{"not_picked":["Stack","Barrage"],"picked":"Chill","floor":22}],"player_experience":415493,"relics_obtained":[{"floor":9,"key":"Sundial"},{"floor":21,"key":"Enchiridion"}],"event_choices":[{"damage_healed":0,"gold_gain":0,"cards_transformed":["Strike_B"],"player_choice":"Change","damage_taken":0,"max_hp_gain":0,"max_hp_loss":0,"event_name":"Living Wall","floor":4,"gold_loss":0,"cards_obtained":["Tempest"]},{"damage_healed":0,"gold_gain":75,"player_choice":"Gather Gold","damage_taken":11,"max_hp_gain":0,"max_hp_loss":0,"event_name":"World of Goop","floor":11,"gold_loss":0},{"damage_healed":0,"gold_gain":0,"player_choice":"Bought 1 Potion","damage_taken":0,"max_hp_gain":0,"max_hp_loss":0,"event_name":"The Woman in Blue","floor":13,"gold_loss":0},{"damage_healed":0,"gold_gain":99,"player_choice":"Stole From Cult","damage_taken":0,"max_hp_gain":0,"max_hp_loss":0,"event_name":"Nest","floor":19,"gold_loss":0},{"damage_healed":0,"gold_gain":0,"player_choice":"Obtained Book","damage_taken":16,"max_hp_gain":0,"max_hp_loss":0,"event_name":"Cursed Tome","floor":21,"gold_loss":0},{"damage_healed":0,"gold_gain":0,"player_choice":"Fight","damage_taken":0,"max_hp_gain":0,"max_hp_loss":0,"event_name":"Colosseum","floor":24,"gold_loss":0},{"damage_healed":0,"gold_gain":0,"player_choice":"Fled From Nobs","damage_taken":0,"max_hp_gain":0,"max_hp_loss":0,"event_name":"Colosseum","floor":24,"gold_loss":0}],"is_beta":false,"boss_relics":[{"not_picked":["Runic Pyramid","Coffee Dripper"],"picked":"Philosopher\u0027s Stone"}],"items_purged_floors":[],"is_endless":false,"potions_floor_spawned":[1,3,10,14,16,22,24],"killed_by":"Snake Plant","ascension_level":7}