{"gold_per_floor":[110,110,23,23,40,75,75,87,140,169,169,199,210,235,235,314,314,328,36,56,56,70,99,109,109],"floor_reached":25,"playtime":1051,"items_purged":["Caltrops"],"score":852,"play_id":"106ad549-d303-4bcc-9880-46acce512612","local_time":"20190415165004","is_ascension_mode":true,"campfire_choices":[{"data":"Calculated Gamble","floor":7.0,"key":"SMITH"},{"data":"Tactician","floor":11.0,"key":"SMITH"},{"data":"Acrobatics","floor":15,"key":"SMITH"}],"neow_cost":"NONE","seed_source_timestamp":0,"circlet_count":0,"master_deck":["AscendersBane","Survivor","Neutralize","Eviscerate","Calculated Gamble+1","Doppelganger","Cloak And Dagger","Leg Sweep","Blade Dance","Caltrops","Terror","Footwork","Choke+1","Backstab+1","Tactician+1","Dodge and Roll","Acrobatics+1","Reflex","Prepared"],"special_seed":0,"relics":["Pandora\u0027s Box","Whetstone","Lantern","Bag of Marbles","Nunchaku","Happy Flower","Runic Dome","TheAbacus","Letter Opener"],"potions_floor_usage":[23,25],"damage_taken":[{"damage":0.0,"enemies":"Jaw Worm","floor":1.0,"turns":6.0},{"damage":1.0,"enemies":"Small Slimes","floor":5.0,"turns":2.0},{"damage":0.0,"enemies":"Gremlin Nob","floor":6.0,"turns":3.0},{"damage":0.0,"enemies":"Cultist","floor":8.0,"turns":4.0},{"damage":0.0,"enemies":"3 Sentries","floor":10.0,"turns":6.0},{"damage":0.0,"enemies":"Gremlin Nob","floor":12.0,"turns":2.0},{"damage":5.0,"enemies":"Gremlin Gang","floor":13.0,"turns":3.0},{"damage":0,"enemies":"3 Sentries","floor":14,"turns":8},{"damage":0,"enemies":"The Guardian","floor":16,"turns":7},{"damage":16,"enemies":"2 Thieves","floor":18,"turns":4},{"damage":2,"enemies":"3 Byrds","floor":20,"turns":4},{"damage":31,"enemies":"Shelled Parasite and Fungi","floor":22,"turns":3},{"damage":0,"enemies":"Slavers","floor":23,"turns":5},{"damage":14,"enemies":"Centurion and Healer","floor":24,"turns":2},{"damage":14,"enemies":"Gremlin Leader","floor":25,"turns":2}],"seed_played":"-4802318394019882737","potions_obtained":[{"floor":1.0,"key":"Weak Potion"},{"floor":8.0,"key":"Poison Potion"},{"floor":12.0,"key":"EssenceOfSteel"},{"floor":16,"key":"GhostInAJar"},{"floor":24,"key":"Regen Potion"}],"is_trial":false,"path_per_floor":["M","?","$","?","M","E","R","M","T","E","R","E","M","E","R","B",null,"M","$","M","$","M","E","M","E"],"character_chosen":"THE_SILENT","items_purchased":["Choke","TheAbacus"],"campfire_rested":0,"item_purchase_floors":[3,19],"current_hp_per_floor":[59,64,64,64,63,63,63,63,63,63,63,63,58,58,58,58,68,52,52,50,50,19,19,5,0],"gold":109,"neow_bonus":"BOSS_RELIC","is_prod":false,"is_daily":false,"chose_seed":true,"campfire_upgraded":3,"win_rate":0,"timestamp":1555318204,"path_taken":["M","?","$","?","M","E","R","M","T","E","R","E","?","E","R","BOSS","M","$","?","$","M","E","M","E"],"build_version":"2019-01-23","purchased_purges":1,"victory":false,"max_hp_per_floor":[66,71,71,71,71,71,71,71,71,71,71,71,71,71,71,71,71,71,71,71,71,71,71,71,71],"card_choices":[{"not_picked":["Bouncing Flask","Cloak And Dagger"],"picked":"Footwork","floor":1.0},{"not_picked":["Slice","Bane"],"picked":"Tactician","floor":5.0},{"not_picked":["Choke","Flechettes"],"picked":"Dodge and Roll","floor":6.0},{"not_picked":["Crippling Poison","Skewer","Catalyst"],"picked":"SKIP","floor":8.0},{"not_picked":["Dagger Throw","Poisoned Stab"],"picked":"Acrobatics","floor":10.0},{"not_picked":["Prepared","Catalyst"],"picked":"Reflex","floor":12.0},{"not_picked":["Heel Hook","Poisoned Stab","Expertise"],"picked":"SKIP","floor":13.0},{"not_picked":["Poisoned Stab","Tactician","Backstab"],"picked":"SKIP","floor":14},{"not_picked":["Deflect","Dagger Spray","Blade Dance"],"picked":"SKIP","floor":18},{"not_picked":["Predator","Prepared","Endless Agony"],"picked":"SKIP","floor":20},{"not_picked":["Prepared","Poisoned Stab+1","Masterful Stab+1"],"picked":"SKIP","floor":22},{"not_picked":["Dagger Spray+1","Tactician","Prepared"],"picked":"SKIP","floor":23},{"not_picked":["Dagger Spray+1","Tactician"],"picked":"Prepared","floor":23},{"not_picked":["Bouncing Flask","Prepared+1","Deflect"],"picked":"SKIP","floor":24}],"player_experience":1393412,"relics_obtained":[{"floor":6.0,"key":"Whetstone"},{"floor":9.0,"key":"Lantern"},{"floor":10.0,"key":"Bag of Marbles"},{"floor":12.0,"key":"Nunchaku"},{"floor":14,"key":"Happy Flower"},{"floor":23,"key":"Letter Opener"}],"event_choices":[{"damage_healed":0.0,"max_hp_gain":5.0,"max_hp_loss":0.0,"gold_gain":0.0,"event_name":"Big Fish","player_choice":"Donut","floor":2.0,"gold_loss":0.0,"damage_taken":0.0},{"damage_healed":0.0,"max_hp_gain":0.0,"max_hp_loss":0.0,"gold_gain":0.0,"cards_transformed":["Storm of Steel"],"event_name":"Transmorgrifier","player_choice":"Transformed","floor":4.0,"gold_loss":0.0,"damage_taken":0.0,"cards_obtained":["Backstab"]}],"is_beta":false,"boss_relics":[{"not_picked":["Snecko Eye","White Beast Statue"],"picked":"Runic Dome"}],"items_purged_floors":[19],"is_endless":false,"potions_floor_spawned":[1,8,12,16,18,20,24],"killed_by":"Gremlin Leader","ascension_level":20}