{"gold_per_floor":[112,112,37,2,13,13,45,45,94,94,127,141,174,174,174,275,275,288,299,299,316,316,316,316],"floor_reached":24,"playtime":1138,"items_purged":["Shame"],"score":345,"play_id":"ada9de6a-d943-45cc-9f2c-d157b3ec7388","local_time":"20190324230345","is_ascension_mode":true,"campfire_choices":[{"data":"Predator","floor":6,"key":"SMITH"},{"floor":8,"key":"REST"},{"floor":15,"key":"REST"},{"floor":23,"key":"REST"}],"neow_cost":"NONE","seed_source_timestamp":1001330756478046,"circlet_count":0,"master_deck":["Defend_G+1","Defend_G+1","Defend_G","Defend_G","Defend_G","Strike_G","Strike_G","Strike_G","Strike_G","Survivor","Neutralize","Doubt","Blur","Predator+1","Phantasmal Killer","Infinite Blades","Backflip","Prepared","Adrenaline","Corpse Explosion","Concentrate","Choke","Noxious Fumes+1"],"relics":["Calling Bell","Tingsha","Meat on the Bone","Bronze Scales","Pear","War Paint","Orichalcum","Nunchaku","Philosopher\u0027s Stone","NlothsMask"],"potions_floor_usage":[7,11,13,16,19],"damage_taken":[{"damage":10,"enemies":"Small Slimes","floor":1,"turns":4},{"damage":4,"enemies":"2 Louse","floor":5,"turns":4},{"damage":29,"enemies":"3 Sentries","floor":7,"turns":8},{"damage":33,"enemies":"Lagavulin","floor":11,"turns":8},{"damage":3,"enemies":"Cultist","floor":12,"turns":4},{"damage":38,"enemies":"Gremlin Nob","floor":13,"turns":5},{"damage":15,"enemies":"The Guardian","floor":16,"turns":13},{"damage":24,"enemies":"3 Byrds","floor":18,"turns":2},{"damage":1,"enemies":"Chosen","floor":19,"turns":4},{"damage":32,"enemies":"Centurion and Healer","floor":21,"turns":5},{"damage":37,"enemies":"Book of Stabbing","floor":24,"turns":4}],"seed_played":"2861685424819486029","potions_obtained":[{"floor":1,"key":"EssenceOfSteel"},{"floor":5,"key":"GamblersBrew"},{"floor":11,"key":"SkillPotion"},{"floor":13,"key":"Block Potion"},{"floor":18,"key":"SkillPotion"}],"is_trial":false,"path_per_floor":["M","?","$","?","M","R","E","R","T","?","E","M","E","T","R","B",null,"M","M","?","M","?","R","E"],"character_chosen":"THE_SILENT","items_purchased":[],"campfire_rested":3,"item_purchase_floors":[],"current_hp_per_floor":[53,46,46,63,59,59,52,76,76,76,43,52,26,26,50,47,72,48,47,47,27,12,37,0],"gold":316,"neow_bonus":"BOSS_RELIC","is_prod":false,"is_daily":false,"chose_seed":false,"campfire_upgraded":1,"win_rate":0,"timestamp":1553493825,"path_taken":["M","?","$","?","M","R","E","R","T","?","E","?","E","?","R","BOSS","M","M","?","?","?","R","E"],"build_version":"2019-01-23","purchased_purges":1,"victory":false,"max_hp_per_floor":[70,70,70,70,70,70,80,80,80,80,80,80,80,80,80,80,80,80,80,80,80,85,85,85],"card_choices":[{"not_picked":["Slice","Outmaneuver"],"picked":"Blur","floor":1},{"not_picked":["Slice","Heel Hook"],"picked":"Predator","floor":5},{"not_picked":["Escape Plan","Sucker Punch"],"picked":"Phantasmal Killer","floor":7},{"not_picked":["Quick Slash","Dagger Spray"],"picked":"Backflip","floor":11},{"not_picked":["Dagger Throw","Blade Dance"],"picked":"Prepared","floor":12},{"not_picked":["Noxious Fumes","Deflect"],"picked":"Adrenaline","floor":13},{"not_picked":["Venomology","Grand Finale"],"picked":"Corpse Explosion","floor":16},{"not_picked":["Quick Slash","Escape Plan"],"picked":"Concentrate","floor":18},{"not_picked":["Dodge and Roll+1","Heel Hook"],"picked":"Choke","floor":19},{"not_picked":["Leg Sweep","Slice"],"picked":"Noxious Fumes+1","floor":21}],"player_experience":421957,"relics_obtained":[{"floor":0,"key":"Tingsha"},{"floor":0,"key":"Meat on the Bone"},{"floor":0,"key":"Bronze Scales"},{"floor":7,"key":"Pear"},{"floor":11,"key":"War Paint"},{"floor":13,"key":"Orichalcum"},{"floor":14,"key":"Nunchaku"}],"event_choices":[{"cards_removed":["Regret"],"damage_healed":0,"gold_gain":0,"player_choice":"Card Removal","damage_taken":7,"max_hp_gain":0,"max_hp_loss":0,"event_name":"Golden Wing","floor":2,"gold_loss":0},{"damage_healed":17,"gold_gain":0,"player_choice":"Healed","damage_taken":0,"max_hp_gain":0,"max_hp_loss":0,"event_name":"The Cleric","floor":4,"gold_loss":35},{"damage_healed":0,"gold_gain":0,"cards_transformed":["Strike_G"],"player_choice":"Transformed","damage_taken":0,"max_hp_gain":0,"max_hp_loss":0,"event_name":"Transmorgrifier","floor":10,"gold_loss":0,"cards_obtained":["Infinite Blades"]},{"damage_healed":0,"gold_gain":0,"player_choice":"Trade","damage_taken":0,"relics_obtained":["NlothsMask"],"max_hp_gain":0,"max_hp_loss":0,"event_name":"FaceTrader","floor":20,"gold_loss":0},{"damage_healed":0,"gold_gain":0,"player_choice":"Shed Blood","damage_taken":20,"max_hp_gain":5,"max_hp_loss":0,"event_name":"Forgotten Altar","floor":22,"gold_loss":0}],"is_beta":false,"boss_relics":[{"not_picked":["White Beast Statue","Lizard Tail"],"picked":"Philosopher\u0027s Stone"}],"items_purged_floors":[3],"is_endless":false,"potions_floor_spawned":[1,5,11,13,18],"killed_by":"Book of Stabbing","ascension_level":7}