{"gold_per_floor":[369,11,11,11,24,24,57,57,82,82,82,109,109,129,129,208,208,227,227,56,66,116,116,141,159,159,196,220,244,256,283,295,307],"floor_reached":33,"playtime":1394,"items_purged":[],"score":586,"play_id":"c76f56fe-91f8-4ce6-8977-122b496ae4c2","local_time":"20190410075652","is_ascension_mode":true,"campfire_choices":[{"data":"Noxious Fumes","floor":6.0,"key":"SMITH"},{"floor":8.0,"key":"REST"},{"data":"Phantasmal Killer","floor":11.0,"key":"SMITH"},{"data":"Bouncing Flask","floor":13.0,"key":"SMITH"},{"data":"Terror","floor":15.0,"key":"SMITH"},{"data":"Glass Knife","floor":23,"key":"SMITH"},{"floor":30,"key":"REST"},{"floor":32,"key":"REST"}],"neow_cost":"PERCENT_DAMAGE","seed_source_timestamp":0,"circlet_count":0,"master_deck":["AscendersBane","Survivor","Neutralize","Bouncing Flask+1","Noxious Fumes+1","Backstab","Terror+1","Infinite Blades","Phantasmal Killer+1","Blade Dance","Night Terror","Well Laid Plans","Backflip","Dash","Heel Hook","Acrobatics","Well Laid Plans","Infinite Blades","Predator","Glass Knife+1","Caltrops","Dodge and Roll+1","Outmaneuver+1","Venomology","Accuracy","Well Laid Plans","Noxious Fumes"],"special_seed":0,"relics":["Ring of the Snake","Oddly Smooth Stone","Mummified Hand","Dream Catcher","Anchor","Pandora\u0027s Box","Blood Vial","Dodecahedron","MawBank","Happy Flower"],"potions_floor_usage":[27,28,29,33,33],"damage_taken":[{"damage":1.0,"enemies":"2 Louse","floor":1.0,"turns":4.0},{"damage":7.0,"enemies":"Jaw Worm","floor":5.0,"turns":4.0},{"damage":34.0,"enemies":"Gremlin Nob","floor":7.0,"turns":4.0},{"damage":8.0,"enemies":"Lagavulin","floor":12.0,"turns":5.0},{"damage":0.0,"enemies":"Small Slimes","floor":14.0,"turns":2.0},{"damage":22.0,"enemies":"The Guardian","floor":16.0,"turns":9.0},{"damage":0.0,"enemies":"Chosen","floor":18.0,"turns":2.0},{"damage":8,"enemies":"3 Byrds","floor":21,"turns":4},{"damage":9,"enemies":"Gremlin Leader","floor":24,"turns":5},{"damage":7,"enemies":"Snake Plant","floor":25,"turns":3},{"damage":22,"enemies":"Book of Stabbing","floor":27,"turns":4},{"damage":0,"enemies":"Centurion and Healer","floor":28,"turns":4},{"damage":6,"enemies":"Chosen and Byrds","floor":29,"turns":4},{"damage":10,"enemies":"3 Cultists","floor":31,"turns":3},{"damage":50,"enemies":"Champ","floor":33,"turns":6}],"seed_played":"7683202129615384480","potions_obtained":[{"floor":5.0,"key":"Swift Potion"},{"floor":7.0,"key":"Energy Potion"},{"floor":12.0,"key":"Block Potion"},{"floor":18.0,"key":"FearPotion"},{"floor":25,"key":"Fire Potion"},{"floor":27,"key":"PowerPotion"}],"is_trial":false,"path_per_floor":["M","$","?","?","M","R","E","R","T","?","R","E","R","M","R","B",null,"M","?","$","M","?","R","E","M","T","E","M","M","R","M","R","B"],"character_chosen":"THE_SILENT","items_purchased":["Noxious Fumes","Backstab","Terror","Oddly Smooth Stone","Blood Vial"],"campfire_rested":3,"item_purchase_floors":[2,2,2,2,20],"current_hp_per_floor":[43,43,43,65,58,58,24,43,43,43,43,35,35,35,35,13,53,53,53,53,47,41,41,34,29,29,9,11,7,26,18,37,0],"gold":307,"neow_bonus":"TWO_FIFTY_GOLD","is_prod":false,"is_daily":false,"chose_seed":false,"campfire_upgraded":5,"win_rate":0,"timestamp":1554897412,"path_taken":["M","$","?","?","M","R","E","R","T","?","R","E","R","?","R","BOSS","M","?","$","M","?","R","E","M","T","E","?","M","R","M","R","BOSS"],"build_version":"2019-01-23","purchased_purges":0,"victory":false,"max_hp_per_floor":[66,66,66,66,66,66,66,66,66,66,66,66,66,66,66,66,66,66,66,66,66,66,66,66,66,66,66,66,66,66,66,66,66],"card_choices":[{"not_picked":["Acrobatics","Quick Slash"],"picked":"Bouncing Flask","floor":1.0},{"not_picked":["Skewer","Terror"],"picked":"Infinite Blades","floor":5.0},{"not_picked":["Choke","Sucker Punch","Backflip"],"picked":"SKIP","floor":7.0},{"not_picked":["Slice","Blur"],"picked":"Blade Dance","floor":12.0},{"not_picked":["Endless Agony","Quick Slash","Deflect"],"picked":"SKIP","floor":14.0},{"not_picked":["Tools of the Trade","After Image"],"picked":"Night Terror","floor":16.0},{"not_picked":["Acrobatics","Prepared"],"picked":"Caltrops","floor":18.0},{"not_picked":["Bane","Dagger Spray","Prepared"],"picked":"SKIP","floor":21},{"not_picked":["Storm of Steel","Underhanded Strike"],"picked":"Dodge and Roll+1","floor":24},{"not_picked":["Underhanded Strike","Slice"],"picked":"Outmaneuver+1","floor":25},{"not_picked":["Underhanded Strike","Tactician","PiercingWail"],"picked":"SKIP","floor":27},{"not_picked":["Backstab","Outmaneuver"],"picked":"Venomology","floor":28},{"not_picked":["Dagger Spray","Escape Plan","Dodge and Roll"],"picked":"SKIP","floor":29},{"not_picked":["Endless Agony","Calculated Gamble"],"picked":"Accuracy","floor":30},{"not_picked":["Crippling Poison","Dagger Spray+1"],"picked":"Well Laid Plans","floor":31},{"not_picked":["Predator+1","Deflect"],"picked":"Noxious Fumes","floor":32}],"player_experience":889767,"relics_obtained":[{"floor":7.0,"key":"Mummified Hand"},{"floor":9.0,"key":"Dream Catcher"},{"floor":12.0,"key":"Anchor"},{"floor":24,"key":"Dodecahedron"},{"floor":26,"key":"MawBank"},{"floor":27,"key":"Happy Flower"}],"event_choices":[{"damage_healed":0.0,"max_hp_gain":0.0,"max_hp_loss":0.0,"gold_gain":0.0,"event_name":"The Cleric","player_choice":"Leave","floor":3.0,"gold_loss":0.0,"damage_taken":0.0},{"damage_healed":22.0,"max_hp_gain":0.0,"max_hp_loss":0.0,"gold_gain":0.0,"event_name":"Big Fish","player_choice":"Banana","floor":4.0,"gold_loss":0.0,"damage_taken":0.0},{"damage_healed":0.0,"max_hp_gain":0.0,"max_hp_loss":0.0,"gold_gain":0.0,"cards_transformed":["Strike_G"],"event_name":"Transmorgrifier","player_choice":"Transformed","floor":10.0,"gold_loss":0.0,"damage_taken":0.0,"cards_obtained":["Phantasmal Killer"]},{"damage_healed":0.0,"max_hp_gain":0.0,"max_hp_loss":0.0,"gold_gain":0.0,"event_name":"Beggar","player_choice":"Ignored","floor":19.0,"gold_loss":0.0,"damage_taken":0.0},{"damage_healed":0,"gold_gain":50,"player_choice":"Touch","damage_taken":6,"max_hp_gain":0,"max_hp_loss":0,"event_name":"FaceTrader","floor":22,"gold_loss":0}],"is_beta":false,"boss_relics":[{"not_picked":["Busted Crown","Lizard Tail"],"picked":"Pandora\u0027s Box"}],"items_purged_floors":[],"is_endless":false,"potions_floor_spawned":[5,7,12,18,25,27,31],"killed_by":"Champ","ascension_level":20}