{"gold_per_floor":[116,116,116,141,141,141,157,80,162,162,185,360,285,285,285,404,404,428,428,428,4,24,24,45,68,68,68,84,35,50,63,63,184,184,202,218,78,94,114,114,114,130,130,130,130,130,30,43,43,43],"floor_reached":51,"playtime":1756,"items_purged":["Doubt","Doubt"],"score":739,"play_id":"d3556287-0b5c-4445-83b3-491bf4dec18a","local_time":"20190405022836","is_ascension_mode":false,"campfire_choices":[{"data":"Bash","floor":6,"key":"SMITH"},{"data":"Heavy Blade","floor":10,"key":"SMITH"},{"data":"Pommel Strike","floor":15,"key":"SMITH"},{"data":"Heavy Blade","floor":23,"key":"SMITH"},{"floor":27,"key":"REST"},{"floor":32,"key":"REST"},{"data":"Limit Break","floor":40,"key":"SMITH"},{"data":"Heavy Blade","floor":44,"key":"SMITH"},{"data":"J.A.X.","floor":49,"key":"SMITH"}],"neow_cost":"NONE","seed_source_timestamp":1773513317512100,"circlet_count":0,"master_deck":["Strike_R","Strike_R","Strike_R","Strike_R","Strike_R","Defend_R","Defend_R","Bash+1","Limit Break+1","Anger+1","Pommel Strike+1","Heavy Blade+1","Heavy Blade+1","Limit Break","Perfected Strike","J.A.X.+1","Dropkick","Anger","Shrug It Off+1","Cleave","Flex+1","Twin Strike","Thunderclap+1","Perfected Strike+1","Headbutt","Flex+1","Anger","Heavy Blade+1","Heavy Blade+1","Madness+1","Madness+1","Flex+1","Anger+1"],"relics":["Burning Blood","Golden Idol","Pear","Mark of Pain","Vajra","Toxic Egg 2","Kunai","Coffee Dripper","Pocketwatch"],"potions_floor_usage":[11,16,16,24,31,50,50,50],"damage_taken":[{"damage":15,"enemies":"Jaw Worm","floor":1,"turns":4},{"damage":0,"enemies":"2 Louse","floor":4,"turns":2},{"damage":0,"enemies":"Cultist","floor":7,"turns":2},{"damage":6,"enemies":"Lots of Slimes","floor":11,"turns":3},{"damage":72,"enemies":"Hexaghost","floor":16,"turns":9},{"damage":20,"enemies":"2 Thieves","floor":18,"turns":4},{"damage":15,"enemies":"Shell Parasite","floor":22,"turns":3},{"damage":23,"enemies":"Centurion and Healer","floor":24,"turns":3},{"damage":21,"enemies":"Snake Plant","floor":25,"turns":3},{"damage":28,"enemies":"Shelled Parasite and Fungi","floor":28,"turns":3},{"damage":5,"enemies":"Chosen and Byrds","floor":30,"turns":4},{"damage":16,"enemies":"Snake Plant","floor":31,"turns":2},{"damage":29,"enemies":"Collector","floor":33,"turns":3},{"damage":7,"enemies":"3 Shapes","floor":35,"turns":4},{"damage":10,"enemies":"Orb Walker","floor":36,"turns":2},{"damage":15,"enemies":"Sphere and 2 Shapes","floor":38,"turns":8},{"damage":23,"enemies":"Jaw Worm Horde","floor":39,"turns":3},{"damage":16,"enemies":"Maw","floor":42,"turns":5},{"damage":0,"enemies":"Transient","floor":48,"turns":5},{"damage":46,"enemies":"Donu and Deca","floor":50,"turns":4}],"seed_played":"-1577744259490143844","potions_obtained":[{"floor":1,"key":"FearPotion"},{"floor":11,"key":"Fire Potion"},{"floor":18,"key":"Block Potion"},{"floor":30,"key":"SkillPotion"},{"floor":33,"key":"Weak Potion"},{"floor":35,"key":"Explosive Potion"},{"floor":38,"key":"Regen Potion"}],"is_trial":false,"path_per_floor":["M","$","?","M","?","R","M","$","T","R","M","?","$","?","R","B",null,"M","?","?","$","M","R","M","M","T","R","M","$","M","M","R","B",null,"M","M","$","M","M","R","?","M","T","R","?","?","$","M","R","B",null],"character_chosen":"IRONCLAD","items_purchased":["Heavy Blade","Fire Potion","Vajra","Toxic Egg 2","Dropkick","Flex+1","Flex+1","Anger","SteroidPotion"],"campfire_rested":2,"item_purchase_floors":[8,8,21,21,21,29,37,37,37],"current_hp_per_floor":[71,71,51,57,57,57,63,63,73,73,73,73,73,73,73,7,90,76,76,76,76,67,67,50,35,35,62,40,40,41,31,58,35,90,89,85,85,76,59,59,48,38,38,38,90,90,90,90,90,59],"gold":43,"neow_bonus":"ONE_RANDOM_RARE_CARD","is_prod":false,"is_daily":false,"chose_seed":false,"campfire_upgraded":7,"win_rate":0,"timestamp":1554445716,"path_taken":["M","$","?","M","?","R","?","?","T","R","M","?","$","?","R","BOSS","M","?","?","?","M","R","M","M","T","R","M","?","M","M","R","BOSS","M","M","?","M","?","R","?","M","T","R","?","?","$","M","R","BOSS"],"build_version":"2019-01-23","purchased_purges":2,"victory":true,"max_hp_per_floor":[80,80,80,80,80,80,80,80,90,90,90,90,90,90,90,90,90,90,90,90,90,90,90,90,90,90,90,90,90,90,90,90,90,90,90,90,90,90,90,90,90,90,90,90,90,90,90,90,90,90],"card_choices":[{"not_picked":["Havoc","Evolve"],"picked":"Anger","floor":1},{"not_picked":["Havoc","Sever Soul","True Grit"],"picked":"SKIP","floor":4},{"not_picked":["Headbutt","Flex"],"picked":"Pommel Strike","floor":7},{"not_picked":["Hemokinesis","Searing Blow","Iron Wave"],"picked":"SKIP","floor":11},{"not_picked":["Feed","Reaper"],"picked":"Limit Break","floor":16},{"not_picked":["Carnage","Thunderclap"],"picked":"Perfected Strike","floor":18},{"not_picked":["Armaments+1","Rupture"],"picked":"Anger","floor":22},{"not_picked":["Battle Trance+1","Metallicize"],"picked":"Shrug It Off+1","floor":24},{"not_picked":["Body Slam","Carnage","Intimidate+1"],"picked":"SKIP","floor":25},{"not_picked":["Armaments+1","Carnage"],"picked":"Cleave","floor":28},{"not_picked":["Havoc+1","Warcry+1"],"picked":"Twin Strike","floor":30},{"not_picked":["Havoc+1","Disarm+1"],"picked":"Thunderclap+1","floor":31},{"not_picked":["Cleave","Clothesline"],"picked":"Perfected Strike+1","floor":35},{"not_picked":["Wild Strike","Uppercut"],"picked":"Headbutt","floor":36},{"not_picked":["Reckless Charge+1","Sword Boomerang"],"picked":"Heavy Blade+1","floor":38},{"not_picked":["Burning Pact+1","Warcry+1"],"picked":"Heavy Blade","floor":39},{"not_picked":["Thunderclap","Clash+1"],"picked":"Flex+1","floor":42},{"not_picked":["Whirlwind+1","Reckless Charge+1"],"picked":"Anger+1","floor":48}],"player_experience":270799,"relics_obtained":[{"floor":9,"key":"Pear"},{"floor":26,"key":"Kunai"},{"floor":43,"key":"Pocketwatch"}],"event_choices":[{"damage_healed":0,"gold_gain":0,"player_choice":"Take Damage","damage_taken":20,"relics_obtained":["Golden Idol"],"max_hp_gain":0,"max_hp_loss":0,"event_name":"Golden Idol","floor":3,"gold_loss":0},{"damage_healed":0,"gold_gain":0,"player_choice":"Upgraded","damage_taken":0,"max_hp_gain":0,"max_hp_loss":0,"event_name":"Upgrade Shrine","floor":5,"gold_loss":0,"cards_upgraded":["Anger"]},{"damage_healed":0,"gold_gain":175,"player_choice":"AGREE","damage_taken":0,"max_hp_gain":0,"max_hp_loss":0,"event_name":"Liars Game","floor":12,"gold_loss":0,"cards_obtained":["Doubt"]},{"damage_healed":0,"gold_gain":0,"cards_transformed":["Defend_R"],"player_choice":"Change","damage_taken":0,"max_hp_gain":0,"max_hp_loss":0,"event_name":"Living Wall","floor":14,"gold_loss":0,"cards_obtained":["Heavy Blade"]},{"damage_healed":0,"gold_gain":0,"player_choice":"Ignored","damage_taken":0,"max_hp_gain":0,"max_hp_loss":0,"event_name":"Beggar","floor":19,"gold_loss":0},{"damage_healed":0,"gold_gain":0,"player_choice":"Obtain J.A.X.","damage_taken":0,"max_hp_gain":0,"max_hp_loss":0,"event_name":"Drug Dealer","floor":20,"gold_loss":0,"cards_obtained":["J.A.X."]},{"damage_healed":0,"gold_gain":0,"player_choice":"Embrace Madness","damage_taken":11,"max_hp_gain":0,"max_hp_loss":0,"event_name":"Winding Halls","floor":41,"gold_loss":0,"cards_obtained":["Madness","Madness"]},{"damage_healed":52,"gold_gain":0,"player_choice":"Heal","damage_taken":0,"max_hp_gain":0,"max_hp_loss":0,"event_name":"MindBloom","floor":45,"gold_loss":0,"cards_obtained":["Doubt"]},{"cards_removed":["Defend_R"],"damage_healed":0,"gold_gain":0,"player_choice":"Removed Skill","damage_taken":0,"max_hp_gain":0,"max_hp_loss":0,"event_name":"Falling","floor":46,"gold_loss":0}],"is_beta":false,"boss_relics":[{"not_picked":["Black Star","Black Blood"],"picked":"Mark of Pain"},{"not_picked":["Lizard Tail","White Beast Statue"],"picked":"Coffee Dripper"}],"items_purged_floors":[13,47],"is_endless":false,"potions_floor_spawned":[1,11,18,30,33,35,38,39],"ascension_level":0}