{"gold_per_floor":[113,39,39,39,51,51,77,91,91,91,91,91],"floor_reached":12,"playtime":650,"items_purged":[],"score":82,"play_id":"c23afdc0-75f5-4a1c-9839-0f20a00ffd8c","local_time":"20190314072859","is_ascension_mode":true,"campfire_choices":[{"data":"Infinite Blades","floor":6,"key":"SMITH"},{"data":"1","floor":10,"key":"LIFT"}],"neow_cost":"NONE","seed_source_timestamp":119895234201490,"circlet_count":0,"master_deck":["Defend_G","Defend_G","Defend_G","Defend_G","Defend_G","Strike_G","Strike_G+1","Strike_G","Strike_G","Strike_G","Survivor","Neutralize+1","Blade Dance","Infinite Blades+1","Cloak And Dagger","Accuracy","Distraction"],"relics":["Ring of the Snake","Girya"],"potions_floor_usage":[11],"damage_taken":[{"damage":2,"enemies":"Cultist","floor":1,"turns":4},{"damage":5,"enemies":"2 Louse","floor":5,"turns":3},{"damage":27,"enemies":"Lagavulin","floor":7,"turns":7},{"damage":5,"enemies":"Jaw Worm","floor":8,"turns":3},{"damage":0,"enemies":"Looter","floor":11,"turns":1},{"damage":25,"enemies":"Gremlin Nob","floor":12,"turns":3}],"seed_played":"2813793840923667742","potions_obtained":[{"floor":1,"key":"SmokeBomb"}],"is_trial":false,"path_per_floor":["M","$","?","$","M","R","E","M","T","R","M","E"],"character_chosen":"THE_SILENT","items_purchased":["Infinite Blades"],"campfire_rested":0,"item_purchase_floors":[2],"current_hp_per_floor":[75,75,60,60,55,55,28,23,23,23,23,0],"gold":91,"neow_bonus":"TEN_PERCENT_HP_BONUS","is_prod":false,"is_daily":false,"chose_seed":false,"campfire_upgraded":1,"win_rate":0,"timestamp":1552566539,"path_taken":["M","?","?","?","M","R","E","M","T","R","M","E"],"build_version":"2019-01-23","purchased_purges":0,"victory":false,"max_hp_per_floor":[77,77,77,77,77,77,77,77,77,77,77,77],"card_choices":[{"not_picked":["Bouncing Flask","Flechettes"],"picked":"Blade Dance","floor":1},{"not_picked":["Finisher","Dodge and Roll"],"picked":"Cloak And Dagger","floor":5},{"not_picked":["Escape Plan","Dodge and Roll"],"picked":"Accuracy","floor":7},{"not_picked":["Die Die Die","Heel Hook"],"picked":"Distraction","floor":8}],"player_experience":126497,"relics_obtained":[{"floor":7,"key":"Girya"}],"event_choices":[{"damage_healed":0,"gold_gain":0,"player_choice":"Entered Light","damage_taken":15,"max_hp_gain":0,"max_hp_loss":0,"event_name":"Shining Light","floor":3,"gold_loss":0,"cards_upgraded":["Neutralize","Strike_G"]}],"is_beta":false,"boss_relics":[],"items_purged_floors":[],"is_endless":false,"potions_floor_spawned":[1,11],"killed_by":"Gremlin Nob","ascension_level":1}