{"gold_per_floor":[114,8,8,22,22,57,57,85,85,97,109,136,136,166,166,271,271,286,386,27,55,55,55,55,55,55,55,66,85,112,62,62,159,159,176,59,76,91,107,107,137,137,137,237,237,247,0,12,12,12],"floor_reached":51,"playtime":3914,"items_purged":["Parasite"],"score":965,"play_id":"bc59f6b3-b07d-4156-8a2c-7a80e92be905","local_time":"20190319103837","is_ascension_mode":true,"campfire_choices":[{"data":"Caltrops","floor":7,"key":"SMITH"},{"data":"Accuracy","floor":15,"key":"SMITH"},{"floor":23,"key":"REST"},{"data":"1","floor":25,"key":"LIFT"},{"data":"2","floor":27,"key":"LIFT"},{"floor":32,"key":"REST"},{"data":"3","floor":40,"key":"LIFT"},{"data":"Infinite Blades","floor":42,"key":"SMITH"},{"floor":49,"key":"REST"}],"neow_cost":"NONE","seed_source_timestamp":521840120203389,"circlet_count":0,"master_deck":["Survivor","Neutralize","Tactician","Caltrops+1","Cloak And Dagger","Infinite Blades","All Out Attack","Blade Dance","Infinite Blades+1","Phantasmal Killer","Accuracy+1","Escape Plan","Blade Dance","After Image","After Image","Prepared+1","Acrobatics","Distraction","Blade Dance+1","Tools of the Trade","Adrenaline","Concentrate","Outmaneuver","Sucker Punch","Infinite Blades","Concentrate","Storm of Steel","Deflect","Concentrate","Adrenaline","Setup","Outmaneuver","Flying Knee","Underhanded Strike+1","Setup+1","Madness+1","Secret Technique+1","Metamorphosis+1","Blade Dance+1","Panache","Outmaneuver+1","Deflect+1","Phantasmal Killer+1"],"relics":["Ring of the Snake","NeowsBlessing","WingedGreaves","Strawberry","Pear","Incense Burner","Shuriken","Girya","Omamori","Cursed Key","FossilizedHelix","The Courier","PreservedInsect","Juzu Bracelet","Lantern","Red Mask","Meat on the Bone","Dead Branch","Pandora\u0027s Box","Happy Flower","Pantograph","Toxic Egg 2","Peace Pipe"],"potions_floor_usage":[8,12,16,16,21,33,46,50,50],"damage_taken":[{"damage":0,"enemies":"Small Slimes","floor":1,"turns":1},{"damage":0,"enemies":"Cultist","floor":4,"turns":1},{"damage":0,"enemies":"Gremlin Nob","floor":6,"turns":1},{"damage":23,"enemies":"3 Sentries","floor":8,"turns":6},{"damage":0,"enemies":"Jaw Worm","floor":10,"turns":3},{"damage":0,"enemies":"Gremlin Gang","floor":11,"turns":3},{"damage":7,"enemies":"Gremlin Nob","floor":12,"turns":3},{"damage":16,"enemies":"3 Sentries","floor":14,"turns":5},{"damage":23,"enemies":"Slime Boss","floor":16,"turns":6},{"damage":10,"enemies":"Shell Parasite","floor":18,"turns":4},{"damage":20,"enemies":"Colosseum Slavers","floor":19,"turns":4},{"damage":7,"enemies":"Colosseum Nobs","floor":19,"turns":3},{"damage":10,"enemies":"Masked Bandits","floor":21,"turns":3},{"damage":0,"enemies":"Spheric Guardian","floor":28,"turns":3},{"damage":5,"enemies":"Snecko","floor":29,"turns":3},{"damage":17,"enemies":"Gremlin Leader","floor":30,"turns":5},{"damage":0,"enemies":"Collector","floor":33,"turns":6},{"damage":0,"enemies":"3 Darklings","floor":35,"turns":3},{"damage":0,"enemies":"Orb Walker","floor":37,"turns":2},{"damage":0,"enemies":"Transient","floor":38,"turns":5},{"damage":8,"enemies":"Sphere and 2 Shapes","floor":39,"turns":3},{"damage":0,"enemies":"Giant Head","floor":41,"turns":4},{"damage":6,"enemies":"Mind Bloom Boss Battle","floor":44,"turns":4},{"damage":6,"enemies":"Writhing Mass","floor":46,"turns":4},{"damage":0,"enemies":"Spire Growth","floor":48,"turns":3},{"damage":13,"enemies":"Donu and Deca","floor":50,"turns":4}],"seed_played":"8052203148264615287","potions_obtained":[{"floor":1,"key":"SneckoOil"},{"floor":4,"key":"Weak Potion"},{"floor":8,"key":"AttackPotion"},{"floor":12,"key":"Fire Potion"},{"floor":14,"key":"Energy Potion"},{"floor":16,"key":"Energy Potion"},{"floor":19,"key":"Explosive Potion"},{"floor":39,"key":"Strength Potion"},{"floor":41,"key":"PowerPotion"},{"floor":48,"key":"SkillPotion"}],"is_trial":false,"path_per_floor":["M","$","?","M","?","E","R","E","T","M","M","E","?","E","R","B",null,"M","?","$","?","?","R","$","R","T","R","M","M","E","?","R","B",null,"M","$","M","M","M","R","E","R","T","?","?","M","$","M","R","B",null],"character_chosen":"THE_SILENT","items_purchased":["Caltrops","Cloak And Dagger","PreservedInsect","Juzu Bracelet","Lantern","Happy Flower","Panache","Outmaneuver+1","Deflect+1"],"campfire_rested":3,"item_purchase_floors":[2,2,20,20,20,36,47,47,47],"current_hp_per_floor":[70,70,70,70,70,77,77,64,64,64,64,57,57,41,41,18,87,77,50,50,40,40,66,66,66,66,66,66,61,44,44,70,70,87,87,87,87,87,79,79,79,79,79,81,71,65,65,65,84,71],"gold":12,"neow_bonus":"THREE_ENEMY_KILL","is_prod":false,"is_daily":false,"chose_seed":false,"campfire_upgraded":3,"win_rate":0,"timestamp":1553017117,"path_taken":["M","$","?","?","?","E","R","E","T","M","?","E","?","E","R","BOSS","M","?","$","?","?","R","$","R","T","R","M","M","E","?","R","BOSS","M","$","M","M","M","R","E","R","T","?","?","M","$","M","R","BOSS"],"build_version":"2019-01-23","purchased_purges":1,"victory":true,"max_hp_per_floor":[70,70,70,70,70,77,77,87,87,87,87,87,87,87,87,87,87,87,87,87,87,87,87,87,87,87,87,87,87,87,87,87,87,87,87,87,87,87,87,87,87,87,87,87,87,87,84,84,84,84],"card_choices":[{"not_picked":["Flechettes","Slice"],"picked":"Tactician","floor":1},{"not_picked":["Quick Slash","Underhanded Strike"],"picked":"Infinite Blades","floor":4},{"not_picked":["Skewer","Crippling Poison"],"picked":"Infinite Blades","floor":6},{"not_picked":["Underhanded Strike","Doppelganger"],"picked":"Phantasmal Killer","floor":8},{"not_picked":["Poisoned Stab","Riddle With Holes"],"picked":"Accuracy","floor":10},{"not_picked":["Backflip","Underhanded Strike"],"picked":"Escape Plan","floor":11},{"not_picked":["Noxious Fumes","Heel Hook"],"picked":"Blade Dance","floor":12},{"not_picked":["Glass Knife","Deflect"],"picked":"After Image","floor":14},{"not_picked":["Grand Finale","Venomology"],"picked":"After Image","floor":16},{"not_picked":["Dagger Throw","Deflect"],"picked":"Prepared+1","floor":18},{"not_picked":["Deadly Poison","Dagger Throw+1"],"picked":"Acrobatics","floor":19},{"not_picked":["Cloak And Dagger","Endless Agony+1"],"picked":"Distraction","floor":21},{"not_picked":["Distraction","Reflex"],"picked":"Blade Dance+1","floor":28},{"not_picked":["Poisoned Stab","Crippling Poison","Deadly Poison"],"picked":"SKIP","floor":29},{"not_picked":["Deadly Poison+1","Escape Plan"],"picked":"Tools of the Trade","floor":30},{"not_picked":["Wraith Form v2","Venomology"],"picked":"Adrenaline","floor":33},{"not_picked":["Reflex","Poisoned Stab"],"picked":"Setup","floor":35},{"not_picked":["Prepared","Poisoned Stab"],"picked":"Outmaneuver","floor":37},{"not_picked":["Sucker Punch+1","All Out Attack"],"picked":"Flying Knee","floor":38},{"not_picked":["Masterful Stab","Bane+1","Dagger Spray+1"],"picked":"SKIP","floor":39},{"not_picked":["Flying Knee+1","Flechettes"],"picked":"Underhanded Strike+1","floor":41},{"not_picked":["Backflip+1","Dodge and Roll+1"],"picked":"Setup+1","floor":44},{"not_picked":["Trip+1","Thinking Ahead+1"],"picked":"Madness+1","floor":45},{"not_picked":["Good Instincts+1","Dramatic Entrance"],"picked":"Secret Technique+1","floor":45},{"not_picked":["Flash of Steel","Deep Breath+1"],"picked":"Metamorphosis+1","floor":45},{"not_picked":["Dodge and Roll+1","PiercingWail+1"],"picked":"Blade Dance+1","floor":46},{"not_picked":["Deflect+1","Underhanded Strike+1"],"picked":"Phantasmal Killer+1","floor":48}],"player_experience":312795,"relics_obtained":[{"floor":6,"key":"Strawberry"},{"floor":8,"key":"Pear"},{"floor":9,"key":"Incense Burner"},{"floor":12,"key":"Shuriken"},{"floor":14,"key":"Omamori"},{"floor":19,"key":"FossilizedHelix"},{"floor":19,"key":"The Courier"},{"floor":21,"key":"Red Mask"},{"floor":26,"key":"Meat on the Bone"},{"floor":30,"key":"Dead Branch"},{"floor":41,"key":"Pantograph"},{"floor":43,"key":"Toxic Egg 2"},{"floor":44,"key":"Peace Pipe"}],"event_choices":[{"damage_healed":0,"gold_gain":0,"player_choice":"Gave Potion","damage_taken":0,"relics_obtained":["WingedGreaves"],"max_hp_gain":0,"max_hp_loss":0,"event_name":"WeMeetAgain","floor":3,"gold_loss":0},{"damage_healed":0,"gold_gain":0,"player_choice":"2 cards matched","damage_taken":0,"max_hp_gain":0,"max_hp_loss":0,"event_name":"Match and Keep!","floor":5,"gold_loss":0,"cards_obtained":["All Out Attack","Blade Dance"]},{"damage_healed":0,"gold_gain":0,"player_choice":"Searched \u00271\u0027 times","damage_taken":0,"relics_obtained":["Girya"],"max_hp_gain":0,"max_hp_loss":0,"event_name":"Dead Adventurer","floor":13,"gold_loss":0},{"damage_healed":0,"gold_gain":0,"player_choice":"Fight","damage_taken":0,"max_hp_gain":0,"max_hp_loss":0,"event_name":"Colosseum","floor":19,"gold_loss":0},{"damage_healed":0,"gold_gain":0,"player_choice":"Fought Nobs","damage_taken":0,"max_hp_gain":0,"max_hp_loss":0,"event_name":"Colosseum","floor":19,"gold_loss":0},{"damage_healed":0,"gold_gain":0,"player_choice":"Fought Bandits","damage_taken":0,"max_hp_gain":0,"max_hp_loss":0,"event_name":"Masked Bandits","floor":21,"gold_loss":0},{"cards_removed":["Strike_G"],"damage_healed":0,"gold_gain":0,"player_choice":"Purged","damage_taken":0,"max_hp_gain":0,"max_hp_loss":0,"event_name":"Purifier","floor":22,"gold_loss":0},{"damage_healed":0,"gold_gain":0,"player_choice":"Bet on Murderer","damage_taken":0,"max_hp_gain":0,"max_hp_loss":0,"event_name":"The Joust","floor":31,"gold_loss":50},{"damage_healed":0,"gold_gain":0,"player_choice":"Fight","damage_taken":0,"max_hp_gain":0,"max_hp_loss":0,"event_name":"MindBloom","floor":44,"gold_loss":0},{"damage_healed":0,"gold_gain":0,"player_choice":"Memory 3","damage_taken":10,"max_hp_gain":0,"max_hp_loss":0,"event_name":"SensoryStone","floor":45,"gold_loss":0}],"is_beta":false,"boss_relics":[{"not_picked":["Orrery","WristBlade"],"picked":"Cursed Key"},{"not_picked":["Snecko Eye","Eternal Feather"],"picked":"Pandora\u0027s Box"}],"items_purged_floors":[47],"is_endless":false,"potions_floor_spawned":[1,4,8,12,14,16,19,19,39,41,48],"ascension_level":3}