{"gold_per_floor":[117,42,42,103,113,146,146,158,158,173,39,54,54,379,379,379],"floor_reached":16,"playtime":436,"items_purged":[],"score":194,"play_id":"364db7f1-e0a2-4d26-a7c3-c8bf80e53f8a","local_time":"20181121104908","is_ascension_mode":true,"campfire_choices":[{"data":"Infernal Blade","floor":7,"key":"SMITH"},{"data":"Flex","floor":13,"key":"SMITH"},{"data":"Uppercut","floor":15,"key":"SMITH"}],"neow_cost":"CURSE","seed_source_timestamp":421854739242147,"circlet_count":0,"master_deck":["AscendersBane","Strike_R","Strike_R","Strike_R","Strike_R","Strike_R","Defend_R","Defend_R","Defend_R","Defend_R","Bash","Dramatic Entrance","Violence","Whirlwind","Warcry","Intimidate","Infernal Blade+1","Uppercut+1","Seeing Red","Immolate","Flex+1","Intimidate","Regret"],"relics":["Burning Blood","SsserpentHead","Lantern","Darkstone Periapt"],"potions_floor_usage":[6,6,16,16],"damage_taken":[{"damage":4,"enemies":"2 Louse","floor":1,"turns":3},{"damage":14,"enemies":"Small Slimes","floor":4,"turns":4},{"damage":0,"enemies":"Cultist","floor":5,"turns":2},{"damage":35,"enemies":"Lagavulin","floor":6,"turns":5},{"damage":3,"enemies":"Exordium Wildlife","floor":8,"turns":3},{"damage":3,"enemies":"Lots of Slimes","floor":10,"turns":2},{"damage":17,"enemies":"3 Louse","floor":12,"turns":2},{"damage":46,"enemies":"Slime Boss","floor":16,"turns":7}],"seed_played":"1679008770645036314","potions_obtained":[{"floor":1,"key":"Poison Potion"},{"floor":4,"key":"SteroidPotion"},{"floor":8,"key":"FearPotion"},{"floor":10,"key":"Dexterity Potion"}],"is_trial":false,"path_per_floor":["M","?","?","M","M","E","R","M","T","M","$","M","R","?","R","B"],"character_chosen":"IRONCLAD","items_purchased":["Immolate","Flex"],"campfire_rested":0,"item_purchase_floors":[11,11],"current_hp_per_floor":[70,70,70,62,68,39,39,42,42,45,45,34,34,40,40,0],"gold":379,"neow_bonus":"RANDOM_COLORLESS_2","is_prod":false,"is_daily":false,"chose_seed":false,"campfire_upgraded":3,"win_rate":0,"timestamp":1542815348,"path_taken":["M","?","?","?","M","E","R","M","T","M","$","M","R","?","R","BOSS"],"build_version":"2018-11-15","purchased_purges":0,"victory":false,"max_hp_per_floor":[75,75,75,75,75,75,75,75,75,75,75,75,75,81,81,81],"card_choices":[{"not_picked":["Sentinel","Entrench"],"picked":"Whirlwind","floor":1},{"not_picked":["True Grit","Armaments"],"picked":"Warcry","floor":4},{"not_picked":["Pommel Strike","Thunderclap"],"picked":"Intimidate","floor":5},{"not_picked":["Perfected Strike","Body Slam"],"picked":"Infernal Blade","floor":6},{"not_picked":["Iron Wave","True Grit"],"picked":"Uppercut","floor":8},{"not_picked":["Warcry","Perfected Strike"],"picked":"Seeing Red","floor":10},{"not_picked":["Barricade","Clash"],"picked":"Intimidate","floor":12}],"player_experience":758796,"relics_obtained":[{"floor":6,"key":"Lantern"},{"floor":9,"key":"Darkstone Periapt"}],"event_choices":[{"cards_removed":["Normality"],"damage_healed":0,"gold_gain":0,"player_choice":"Card Removal","damage_taken":0,"max_hp_gain":0,"max_hp_loss":0,"event_name":"The Cleric","floor":2,"gold_loss":75},{"damage_healed":0,"gold_gain":0,"player_choice":"Trade","damage_taken":0,"relics_obtained":["SsserpentHead"],"max_hp_gain":0,"max_hp_loss":0,"event_name":"FaceTrader","floor":3,"gold_loss":0},{"damage_healed":0,"gold_gain":275,"player_choice":"Desecrate","damage_taken":0,"max_hp_gain":0,"max_hp_loss":0,"event_name":"Golden Shrine","floor":14,"gold_loss":0,"cards_obtained":["Regret"]}],"is_beta":false,"boss_relics":[],"items_purged_floors":[],"is_endless":false,"potions_floor_spawned":[1,4,8,10],"killed_by":"Slime Boss","ascension_level":18}