{"path_per_floor":["M","?","?","M","M","R","M","M","T","E","R","M","?","E","R","B",null,"M","$","?","?","M"],"character_chosen":"DEFECT","items_purchased":["FTL+1","Apotheosis","Swift Potion","EssenceOfSteel"],"gold_per_floor":[114,114,289,307,323,323,343,362,362,391,391,405,405,436,436,535,535,552,93,0,0,18,18],"floor_reached":23,"campfire_rested":1,"playtime":894,"item_purchase_floors":[19,19,19,19],"current_hp_per_floor":[71,71,71,71,64,64,60,53,53,30,30,30,35,21,45,3,80,44,44,44,44,35,0],"items_purged":["Doubt"],"gold":18,"score":241,"play_id":"2cf32bc9-743e-4b80-a877-62fa5a870973","local_time":"20180610220144","is_prod":false,"is_daily":false,"chose_seed":false,"is_ascension_mode":true,"campfire_upgraded":2,"win_rate":0,"timestamp":1528639304,"campfire_choices":[{"data":"Dualcast","floor":6,"key":"SMITH"},{"data":"Streamline","floor":11,"key":"SMITH"},{"floor":15,"key":"REST"}],"path_taken":["M","?","?","?","?","R","M","M","T","E","R","M","?","E","R","BOSS","M","$","?","?","M","E"],"build_version":"2018-06-07v3","seed_source_timestamp":276040675898378,"purchased_purges":1,"victory":false,"master_deck":["Strike_B","Strike_B","Strike_B","Defend_B","Defend_B","Defend_B","Zap","Dualcast+1","Chill","Gash","Rebound","Compile Driver","Redo","Streamline+1","Steam","Beam Cell+1","Machine Learning","Stack","FTL+1","Apotheosis"],"max_hp_per_floor":[75,75,75,75,75,75,75,75,75,75,75,75,80,80,80,80,80,80,80,80,80,80,80],"relics":["Cracked Core","Molten Egg 2","Kunai","Potion Belt","Busted Crown"],"card_choices":[{"not_picked":["Hologram","Barrage"],"picked":"Gash","floor":1},{"not_picked":["Static Discharge","Consume"],"picked":"Rebound","floor":4},{"not_picked":["Rebound","Sweeping Beam"],"picked":"Compile Driver","floor":5},{"not_picked":["Sweeping Beam","Recycle"],"picked":"Redo","floor":7},{"not_picked":["Tempest","Redo"],"picked":"Streamline","floor":8},{"not_picked":["Cold Snap+1","Self Repair"],"picked":"Steam","floor":10},{"not_picked":["Coolheaded","Compile Driver+1"],"picked":"Beam Cell+1","floor":12},{"not_picked":["Chaos","Steam","Ball Lightning+1"],"picked":"SKIP","floor":14},{"not_picked":["Fission","Reboot"],"picked":"Machine Learning","floor":16},{"not_picked":[],"picked":"Stack","floor":18},{"not_picked":["Fusion+1"],"picked":"SKIP","floor":22}],"player_experience":248185,"potions_floor_usage":[10,10,14,22,23,23],"damage_taken":[{"damage":4,"enemies":"2 Louse","floor":1,"turns":2},{"damage":0,"enemies":"Cultist","floor":4,"turns":4},{"damage":7,"enemies":"Jaw Worm","floor":5,"turns":3},{"damage":4,"enemies":"Looter","floor":7,"turns":2},{"damage":7,"enemies":"Blue Slaver","floor":8,"turns":3},{"damage":23,"enemies":"Lagavulin","floor":10,"turns":6},{"damage":0,"enemies":"Exordium Wildlife","floor":12,"turns":2},{"damage":14,"enemies":"3 Sentries","floor":14,"turns":6},{"damage":42,"enemies":"Slime Boss","floor":16,"turns":9},{"damage":36,"enemies":"3 Byrds","floor":18,"turns":5},{"damage":9,"enemies":"Spheric Guardian","floor":22,"turns":3},{"damage":37,"enemies":"Gremlin Leader","floor":23,"turns":6}],"relics_obtained":[{"floor":9,"key":"Molten Egg 2"},{"floor":10,"key":"Kunai"},{"floor":14,"key":"Potion Belt"}],"event_choices":[{"event_name":"Bonfire Elementals","player_choice":"BASIC","floor":2,"damage_taken":0},{"event_name":"Liars Game","player_choice":"agreed","floor":3,"damage_taken":0},{"event_name":"Big Fish","player_choice":"Donut","floor":13,"damage_taken":0},{"event_name":"Masked Bandits","player_choice":"Paid Bandits 93 gold","floor":20,"damage_taken":0},{"event_name":"Ghosts","player_choice":"Ignored","floor":21,"damage_taken":0}],"boss_relics":[{"not_picked":["Runic Pyramid","Snecko Eye"],"picked":"Busted Crown"}],"items_purged_floors":[19],"potions_floor_spawned":[4,8,12,22],"seed_played":"6285228132613569710","killed_by":"Gremlin Leader","ascension_level":4,"potions_obtained":[{"floor":4,"key":"EssenceOfSteel"},{"floor":8,"key":"Swift Potion"},{"floor":12,"key":"PowerPotion"},{"floor":22,"key":"Block Potion"}],"is_trial":false}