{"gold_per_floor":[109,124,136,152,163,194,209,183,183,201,201,234,246,259,259,356,356,370,385,385,396,496,496,496],"floor_reached":24,"playtime":2333,"items_purged":[],"score":239,"play_id":"a3ea6022-cdb7-4caa-8a0b-f9d81552e77e","local_time":"20190219155356","is_ascension_mode":false,"campfire_choices":[{"floor":11.0,"key":"REST"},{"data":"Bane","floor":15.0,"key":"SMITH"},{"floor":23,"key":"REST"}],"neow_cost":"NONE","seed_source_timestamp":0,"circlet_count":0,"master_deck":["Defend_G","Defend_G","Defend_G","Defend_G","Strike_G+1","Strike_G","Strike_G","Strike_G","Strike_G","Survivor","Neutralize","Bouncing Flask","Poisoned Stab","Slice","Terror","Backflip","Deadly Poison","Bane+1","Poisoned Stab+1","Outmaneuver","Envenom","Dagger Spray","Blade Dance","Tools of the Trade","Distraction+1","Slice+1","Dagger Spray+1","Poisoned Stab"],"special_seed":0,"relics":["Ring of the Snake","Orichalcum","Letter Opener","Sundial","Whetstone","Runic Pyramid","Prayer Wheel","Paper Crane"],"potions_floor_usage":[22,22,22],"damage_taken":[{"damage":1.0,"enemies":"Cultist","floor":1.0,"turns":4.0},{"damage":0.0,"enemies":"2 Louse","floor":2.0,"turns":4.0},{"damage":0.0,"enemies":"Small Slimes","floor":3.0,"turns":3.0},{"damage":0.0,"enemies":"3 Louse","floor":4.0,"turns":3.0},{"damage":4.0,"enemies":"Looter","floor":5.0,"turns":3.0},{"damage":24.0,"enemies":"Lagavulin","floor":6.0,"turns":5.0},{"damage":0.0,"enemies":"Exordium Wildlife","floor":7.0,"turns":4.0},{"damage":2.0,"enemies":"Blue Slaver","floor":10.0,"turns":3.0},{"damage":0.0,"enemies":"Gremlin Nob","floor":12.0,"turns":3.0},{"damage":8.0,"enemies":"Exordium Thugs","floor":13.0,"turns":4.0},{"damage":13.0,"enemies":"Large Slime","floor":14.0,"turns":5.0},{"damage":25.0,"enemies":"The Guardian","floor":16.0,"turns":8.0},{"damage":6,"enemies":"3 Byrds","floor":18,"turns":5},{"damage":6,"enemies":"Shell Parasite","floor":19,"turns":3},{"damage":10,"enemies":"Centurion and Healer","floor":21,"turns":5},{"damage":19,"enemies":"Colosseum Slavers","floor":22,"turns":4},{"damage":20,"enemies":"Colosseum Nobs","floor":22,"turns":4},{"damage":34,"enemies":"Book of Stabbing","floor":24,"turns":4}],"seed_played":"-7305270690121562794","potions_obtained":[{"floor":1.0,"key":"GhostInAJar"},{"floor":2.0,"key":"Weak Potion"},{"floor":3.0,"key":"PowerPotion"},{"floor":10.0,"key":"LiquidBronze"},{"floor":12.0,"key":"Poison Potion"},{"floor":18,"key":"SkillPotion"},{"floor":19,"key":"Block Potion"},{"floor":21,"key":"Ancient Potion"}],"is_trial":false,"path_per_floor":["M","M","M","M","M","E","M","$","T","M","R","E","M","M","R","B",null,"M","M","?","M","?","R","E"],"character_chosen":"THE_SILENT","items_purchased":["Poisoned Stab"],"campfire_rested":2,"item_purchase_floors":[8],"current_hp_per_floor":[69,69,69,69,65,41,41,41,41,39,60,60,52,39,39,14,70,64,58,58,48,9,30,0],"gold":496,"neow_bonus":"RANDOM_COMMON_RELIC","is_prod":false,"is_daily":false,"chose_seed":false,"campfire_upgraded":1,"win_rate":0.0,"timestamp":1550613236,"path_taken":["M","M","M","M","M","E","M","$","T","M","R","E","M","M","R","BOSS","M","?","?","?","?","R","E"],"build_version":"2019-01-23","purchased_purges":0,"victory":false,"max_hp_per_floor":[70,70,70,70,70,70,70,70,70,70,70,70,70,70,70,70,70,70,70,70,70,70,70,70],"card_choices":[{"not_picked":["Sucker Punch","Blade Dance"],"picked":"Bouncing Flask","floor":1.0},{"not_picked":["Slice","Footwork"],"picked":"Poisoned Stab","floor":2.0},{"not_picked":["Dodge and Roll","Blur"],"picked":"Slice","floor":3.0},{"not_picked":["Leg Sweep","Acrobatics"],"picked":"Terror","floor":4.0},{"not_picked":["Calculated Gamble","Endless Agony"],"picked":"Backflip","floor":5.0},{"not_picked":["Blur","Terror"],"picked":"Deadly Poison","floor":6.0},{"not_picked":["Masterful Stab","Well Laid Plans"],"picked":"Bane","floor":7.0},{"not_picked":["Backflip","Dagger Throw"],"picked":"Outmaneuver","floor":10.0},{"not_picked":["Expertise","Blade Dance"],"picked":"Envenom","floor":12.0},{"not_picked":["Poisoned Stab","Underhanded Strike"],"picked":"Dagger Spray","floor":13.0},{"not_picked":["Tactician","Backflip"],"picked":"Blade Dance","floor":14.0},{"not_picked":["Unload","Glass Knife"],"picked":"Tools of the Trade","floor":16.0},{"not_picked":["Blade Dance","Prepared"],"picked":"Distraction+1","floor":18},{"not_picked":["Dagger Throw+1","Riddle With Holes+1"],"picked":"Slice+1","floor":19},{"not_picked":["Doppelganger","Dagger Throw+1"],"picked":"Dagger Spray+1","floor":21},{"not_picked":["Flying Knee+1","Infinite Blades"],"picked":"Poisoned Stab","floor":22}],"player_experience":39582,"relics_obtained":[{"floor":6.0,"key":"Letter Opener"},{"floor":9.0,"key":"Sundial"},{"floor":12.0,"key":"Whetstone"},{"floor":22,"key":"Prayer Wheel"},{"floor":22,"key":"Paper Crane"}],"event_choices":[{"cards_removed":["Defend_G"],"damage_healed":0,"gold_gain":0,"player_choice":"Purged","damage_taken":0,"max_hp_gain":0,"max_hp_loss":0,"event_name":"Purifier","floor":20,"gold_loss":0},{"damage_healed":0,"gold_gain":0,"player_choice":"Fight","damage_taken":0,"max_hp_gain":0,"max_hp_loss":0,"event_name":"Colosseum","floor":22,"gold_loss":0},{"damage_healed":0,"gold_gain":0,"player_choice":"Fought Nobs","damage_taken":0,"max_hp_gain":0,"max_hp_loss":0,"event_name":"Colosseum","floor":22,"gold_loss":0}],"is_beta":false,"boss_relics":[{"not_picked":["Eternal Feather","Empty Cage"],"picked":"Runic Pyramid"}],"items_purged_floors":[],"is_endless":false,"potions_floor_spawned":[1,2,3,6,10,12,18,19,21],"killed_by":"Book of Stabbing","ascension_level":0}