{"gold_per_floor":[117,117,392,408,408,451,451,482,529,205,255,155,199,224,224,318,318,339,354,83,83,99,143,163,198,198,198,239,276,57,95,95,191,254,272,272,272,272,287,325,363,407,407,441,466,504,329,454,454,454,454,454,454,7,50,50],"floor_reached":57,"playtime":3170,"items_purged":["Regret","Night Terror","Storm of Steel+1","Quick Slash","Slice","Grand Finale"],"score":4234,"play_id":"346281bb-acf4-4d0c-ba21-016c01c81406","local_time":"20190325161608","is_ascension_mode":true,"campfire_choices":[{"data":"Neutralize","floor":7.0,"key":"SMITH"},{"data":"Prepared","floor":15.0,"key":"SMITH"},{"data":"Well Laid Plans","floor":27.0,"key":"SMITH"},{"data":"Expertise","floor":32.0,"key":"SMITH"},{"floor":49,"key":"RECALL"},{"data":"Finesse","floor":53,"key":"SMITH"}],"neow_cost":"NONE","seed_source_timestamp":0,"circlet_count":0,"master_deck":["AscendersBane","Survivor","Neutralize+1","Heel Hook+1","Infinite Blades+1","Accuracy","Dodge and Roll+1","Expertise+1","Well Laid Plans+1","Prepared+1","Finesse+1","Backflip+1","Acrobatics+1","Blade Dance+1","Tactician+1","Escape Plan+1"],"special_seed":0,"relics":["Pandora\u0027s Box","Golden Idol","Oddly Smooth Stone","Kunai","War Paint","Medical Kit","Boot","Philosopher\u0027s Stone","Toxic Egg 2","MawBank","Blood Vial","Tiny House","WingedGreaves","Nunchaku","Meat on the Bone","Gremlin Horn","Ornamental Fan","Gambling Chip","Thread and Needle","Membership Card","Paper Crane","Shuriken"],"potions_floor_usage":[56],"damage_taken":[{"damage":1.0,"enemies":"Small Slimes","floor":1.0,"turns":3.0},{"damage":10.0,"enemies":"2 Louse","floor":4.0,"turns":3.0},{"damage":0.0,"enemies":"Gremlin Nob","floor":6.0,"turns":4.0},{"damage":4.0,"enemies":"Lagavulin","floor":8.0,"turns":4.0},{"damage":0.0,"enemies":"Gremlin Nob","floor":13.0,"turns":3.0},{"damage":0.0,"enemies":"Cultist","floor":14.0,"turns":2.0},{"damage":0.0,"enemies":"Hexaghost","floor":16.0,"turns":7.0},{"damage":12.0,"enemies":"3 Byrds","floor":18.0,"turns":3.0},{"damage":21.0,"enemies":"2 Thieves","floor":19.0,"turns":3.0},{"damage":0.0,"enemies":"Chosen and Byrds","floor":22.0,"turns":7.0},{"damage":0.0,"enemies":"Gremlin Leader","floor":23.0,"turns":6.0},{"damage":9.0,"enemies":"Centurion and Healer","floor":24.0,"turns":3.0},{"damage":0.0,"enemies":"Slavers","floor":25.0,"turns":5.0},{"damage":0.0,"enemies":"Gremlin Leader","floor":28.0,"turns":6.0},{"damage":0.0,"enemies":"Snake Plant","floor":29.0,"turns":4.0},{"damage":0.0,"enemies":"Book of Stabbing","floor":31.0,"turns":3.0},{"damage":0.0,"enemies":"Champ","floor":33.0,"turns":2.0},{"damage":0.0,"enemies":"Orb Walker","floor":35.0,"turns":1.0},{"damage":0.0,"enemies":"3 Shapes","floor":39.0,"turns":2.0},{"damage":0.0,"enemies":"Giant Head","floor":40.0,"turns":2.0},{"damage":0.0,"enemies":"Reptomancer","floor":41.0,"turns":2.0},{"damage":0.0,"enemies":"Nemesis","floor":42.0,"turns":3.0},{"damage":0,"enemies":"Reptomancer","floor":44,"turns":2},{"damage":0,"enemies":"3 Darklings","floor":45,"turns":1},{"damage":0,"enemies":"Nemesis","floor":46,"turns":3},{"damage":0,"enemies":"Mind Bloom Boss Battle","floor":48,"turns":2},{"damage":0,"enemies":"Donu and Deca","floor":50,"turns":2},{"damage":0,"enemies":"Awakened One","floor":51,"turns":2},{"damage":0,"enemies":"Shield and Spear","floor":55,"turns":1},{"damage":0,"enemies":"The Heart","floor":56,"turns":5}],"seed_played":"-499070295268603133","potions_obtained":[{"floor":4.0,"key":"GhostInAJar"},{"floor":6.0,"key":"Strength Potion"},{"floor":8.0,"key":"Strength Potion"},{"floor":14.0,"key":"EssenceOfSteel"},{"floor":16.0,"key":"FearPotion"},{"floor":18.0,"key":"Regen Potion"},{"floor":23.0,"key":"Swift Potion"},{"floor":24.0,"key":"AttackPotion"},{"floor":31.0,"key":"SneckoOil"},{"floor":33.0,"key":"SpeedPotion"}],"is_trial":false,"path_per_floor":["M","?","?","M","?","E","R","E","T","$","?","$","E","M","R","B",null,"M","M","$","?","M","E","M","E","T","R","E","M","$","E","R","B",null,"M","?","?","?","M","E","E","E","T","E","M","E","$","?","R","B","B",null,"R","$","E","B",null],"character_chosen":"THE_SILENT","items_purchased":["Medical Kit","Well Laid Plans","Finesse","Backflip","Tactician+1","Membership Card","Paper Crane"],"campfire_rested":0,"item_purchase_floors":[10,10,20,20,30,54,54],"current_hp_per_floor":[58,58,58,48,30,30,30,26,26,26,20,20,20,20,20,20,50,38,17,17,17,32,32,23,23,23,23,23,23,23,23,23,25,56,58,58,58,58,60,62,62,62,62,62,62,62,62,62,62,62,62,62,62,62,62,62],"gold":50,"neow_bonus":"BOSS_RELIC","is_prod":false,"is_daily":false,"chose_seed":true,"campfire_upgraded":5,"win_rate":0,"timestamp":1553501768,"path_taken":["M","?","?","?","?","E","R","E","T","?","?","$","E","M","R","BOSS","M","M","$","?","M","E","M","E","T","R","E","M","$","E","R","BOSS","M","?","?","?","M","E","E","E","T","E","?","E","?","?","R","BOSS","BOSS","R","$","E","BOSS"],"build_version":"2019-01-23","purchased_purges":6,"victory":true,"max_hp_per_floor":[66,60,60,60,60,60,60,60,60,60,60,60,60,60,60,60,60,60,60,60,60,60,60,60,60,60,60,60,60,60,60,60,60,65,65,62,62,62,62,62,62,62,62,62,62,62,62,62,62,62,62,62,62,62,62,62],"card_choices":[{"not_picked":["Flying Knee","Dodge and Roll","PiercingWail"],"picked":"SKIP","floor":1.0},{"not_picked":["Quick Slash","Riddle With Holes","Outmaneuver"],"picked":"SKIP","floor":4.0},{"not_picked":["Masterful Stab","Bouncing Flask","Dodge and Roll"],"picked":"SKIP","floor":6.0},{"not_picked":["Outmaneuver","All Out Attack","Crippling Poison"],"picked":"SKIP","floor":8.0},{"not_picked":["Dodge and Roll","Cloak And Dagger"],"picked":"Prepared","floor":13.0},{"not_picked":["All Out Attack","Backstab","Noxious Fumes"],"picked":"SKIP","floor":14.0},{"not_picked":["Acrobatics","Blade Dance","Slice"],"picked":"SKIP","floor":18.0},{"not_picked":["Caltrops","Prepared","Predator"],"picked":"SKIP","floor":19.0},{"not_picked":["Quick Slash+1","Outmaneuver","Cloak And Dagger"],"picked":"SKIP","floor":22.0},{"not_picked":["Well Laid Plans","Skewer","Venomology"],"picked":"SKIP","floor":23.0},{"not_picked":["Bane","Masterful Stab"],"picked":"Acrobatics+1","floor":24.0},{"not_picked":["Underhanded Strike","Predator+1","Backflip+1"],"picked":"SKIP","floor":25.0},{"not_picked":["Bane","Catalyst+1","Underhanded Strike"],"picked":"SKIP","floor":28.0},{"not_picked":["Glass Knife","Flying Knee"],"picked":"Blade Dance+1","floor":29.0},{"not_picked":["Deadly Poison+1","Blade Dance+1","Sucker Punch"],"picked":"SKIP","floor":31.0},{"not_picked":["Venomology+1","Glass Knife"],"picked":"Grand Finale","floor":33.0},{"not_picked":["Flying Knee","Infinite Blades","Blade Dance+1"],"picked":"SKIP","floor":35.0},{"not_picked":["Infinite Blades","Outmaneuver+1"],"picked":"Escape Plan+1","floor":39.0},{"not_picked":["Catalyst+1","Backflip+1","Underhanded Strike"],"picked":"SKIP","floor":40.0},{"not_picked":["Poisoned Stab+1","Blade Dance+1","Catalyst+1"],"picked":"SKIP","floor":41.0},{"not_picked":["All Out Attack","Acrobatics+1","Corpse Explosion+1"],"picked":"SKIP","floor":42.0},{"not_picked":["Terror+1","Leg Sweep+1","Masterful Stab"],"picked":"SKIP","floor":44},{"not_picked":["Sucker Punch+1","Slice+1","Underhanded Strike"],"picked":"SKIP","floor":45},{"not_picked":["Bullet Time+1","Dagger Throw+1","Well Laid Plans"],"picked":"SKIP","floor":46},{"not_picked":["Deflect+1","Endless Agony","Cloak And Dagger+1"],"picked":"SKIP","floor":55}],"player_experience":1267377,"relics_obtained":[{"floor":6.0,"key":"Oddly Smooth Stone"},{"floor":8.0,"key":"Kunai"},{"floor":9.0,"key":"War Paint"},{"floor":13.0,"key":"Boot"},{"floor":23.0,"key":"Toxic Egg 2"},{"floor":28.0,"key":"MawBank"},{"floor":31.0,"key":"Blood Vial"},{"floor":40.0,"key":"WingedGreaves"},{"floor":41.0,"key":"Nunchaku"},{"floor":42.0,"key":"Meat on the Bone"},{"floor":43.0,"key":"Gremlin Horn"},{"floor":44,"key":"Ornamental Fan"},{"floor":46,"key":"Gambling Chip"},{"floor":48,"key":"Thread and Needle"},{"floor":55,"key":"Shuriken"}],"event_choices":[{"damage_healed":0.0,"max_hp_gain":0.0,"max_hp_loss":6.0,"gold_gain":0.0,"event_name":"Golden Idol","player_choice":"Lose Max HP","floor":2.0,"gold_loss":0.0,"damage_taken":0.0,"relics_obtained":["Golden Idol"]},{"damage_healed":0.0,"max_hp_gain":0.0,"max_hp_loss":0.0,"gold_gain":275.0,"event_name":"Golden Shrine","player_choice":"Desecrate","floor":3.0,"gold_loss":0.0,"damage_taken":0.0,"cards_obtained":["Regret"]},{"damage_healed":0.0,"max_hp_gain":0.0,"max_hp_loss":0.0,"gold_gain":0.0,"event_name":"Shining Light","player_choice":"Entered Light","floor":5.0,"gold_loss":0.0,"damage_taken":18.0,"cards_upgraded":["Heel Hook","Infinite Blades"]},{"damage_healed":0.0,"max_hp_gain":0.0,"max_hp_loss":0.0,"gold_gain":50.0,"event_name":"FaceTrader","player_choice":"Touch","floor":11.0,"gold_loss":0.0,"damage_taken":6.0},{"damage_healed":0.0,"max_hp_gain":0.0,"max_hp_loss":0.0,"gold_gain":0.0,"event_name":"Cursed Tome","player_choice":"Ignored","floor":21.0,"gold_loss":0.0,"damage_taken":0.0},{"damage_healed":0.0,"max_hp_gain":0.0,"max_hp_loss":3.0,"gold_gain":0.0,"event_name":"Winding Halls","player_choice":"Max HP","floor":36.0,"gold_loss":0.0,"damage_taken":0.0},{"cards_removed":["Accuracy"],"damage_healed":0.0,"max_hp_gain":0.0,"max_hp_loss":0.0,"gold_gain":0.0,"event_name":"Falling","player_choice":"Removed Power","floor":37.0,"gold_loss":0.0,"damage_taken":0.0},{"damage_healed":0.0,"max_hp_gain":0.0,"max_hp_loss":0.0,"gold_gain":0.0,"event_name":"SecretPortal","player_choice":"Ignored","floor":38.0,"gold_loss":0.0,"damage_taken":0.0},{"damage_healed":0,"gold_gain":0,"player_choice":"Fight","damage_taken":0,"max_hp_gain":0,"max_hp_loss":0,"event_name":"MindBloom","floor":48,"gold_loss":0}],"is_beta":false,"boss_relics":[{"not_picked":["Lizard Tail","Runic Dome"],"picked":"Philosopher\u0027s Stone"},{"not_picked":["Busted Crown","Eternal Feather"],"picked":"Tiny House"}],"items_purged_floors":[10,12,20,30,47,54],"is_endless":false,"potions_floor_spawned":[4,6,8,14,16,18,23,24,31,33,39,40,41,42,48],"ascension_level":20}