{"gold_per_floor":[368,293,293,92,103,113,113,130,130,130,130],"floor_reached":11,"playtime":440,"items_purged":[],"score":126,"play_id":"cf895456-35b2-43ae-bb20-508a7b69530f","local_time":"20190421021111","is_ascension_mode":true,"campfire_choices":[],"neow_cost":"TEN_PERCENT_HP_LOSS","seed_source_timestamp":491902654440100,"circlet_count":0,"master_deck":["AscendersBane","Defend_G","Defend_G","Defend_G","Defend_G","Strike_G","Strike_G","Strike_G","Strike_G","Survivor","Neutralize","Blade Dance","Dagger Spray","Deadly Poison","Poisoned Stab"],"relics":["Ring of the Snake","Gremlin Horn"],"potions_floor_usage":[6,11],"damage_taken":[{"damage":2,"enemies":"2 Louse","floor":1,"turns":3},{"damage":7,"enemies":"Small Slimes","floor":5,"turns":4},{"damage":1,"enemies":"Cultist","floor":6,"turns":5},{"damage":19,"enemies":"Blue Slaver","floor":8,"turns":5},{"damage":54,"enemies":"3 Sentries","floor":11,"turns":10}],"seed_played":"625512704386358643","potions_obtained":[{"floor":5,"key":"Fire Potion"},{"floor":8,"key":"Energy Potion"}],"is_trial":false,"path_per_floor":["M","?","?","$","M","M","?","M","T","?","E"],"character_chosen":"THE_SILENT","items_purchased":["Mayhem"],"campfire_rested":0,"item_purchase_floors":[4],"current_hp_per_floor":[57,57,62,62,55,54,75,56,56,49,0],"gold":130,"neow_bonus":"TWO_FIFTY_GOLD","is_prod":false,"is_daily":false,"chose_seed":false,"campfire_upgraded":0,"win_rate":0,"timestamp":1555827071,"path_taken":["M","?","?","$","M","M","?","?","T","?","E"],"build_version":"2019-04-20","purchased_purges":0,"victory":false,"max_hp_per_floor":[60,60,65,65,65,65,75,75,75,75,75],"card_choices":[{"not_picked":["Cloak And Dagger","Bane"],"picked":"Blade Dance","floor":1},{"not_picked":["Expertise","Slice"],"picked":"Dagger Spray","floor":5},{"not_picked":["Deflect","Leg Sweep"],"picked":"Deadly Poison","floor":6},{"not_picked":["Cloak And Dagger","Deflect"],"picked":"Poisoned Stab","floor":8}],"player_experience":1351667,"relics_obtained":[{"floor":9,"key":"Gremlin Horn"}],"event_choices":[{"cards_removed":["Strike_G"],"damage_healed":0,"gold_gain":0,"player_choice":"Card Removal","damage_taken":0,"max_hp_gain":0,"max_hp_loss":0,"event_name":"The Cleric","floor":2,"gold_loss":75},{"damage_healed":0,"gold_gain":0,"player_choice":"Donut","damage_taken":0,"max_hp_gain":5,"max_hp_loss":0,"event_name":"Big Fish","floor":3,"gold_loss":0},{"cards_removed":["Mayhem"],"damage_healed":11,"gold_gain":0,"player_choice":"Offered Rare","damage_taken":0,"max_hp_gain":10,"max_hp_loss":0,"event_name":"Bonfire Elementals","floor":7,"gold_loss":0},{"cards_removed":["Defend_G"],"damage_healed":0,"gold_gain":0,"player_choice":"Card Removal","damage_taken":7,"max_hp_gain":0,"max_hp_loss":0,"event_name":"Golden Wing","floor":10,"gold_loss":0}],"is_beta":true,"boss_relics":[],"items_purged_floors":[],"is_endless":false,"potions_floor_spawned":[5,8],"killed_by":"3 Sentries","ascension_level":20}