{"gold_per_floor":[18,36,36,36,36,75,90,90,90,115,115,27,102,102,102,102],"floor_reached":16,"playtime":703,"items_purged":[],"score":113,"play_id":"a74cab77-bb63-4e19-9a88-a8b5b5072613","local_time":"20190318235854","is_ascension_mode":true,"campfire_choices":[{"floor":8,"key":"REST"},{"floor":11,"key":"REST"},{"data":"Madness","floor":15,"key":"SMITH"}],"neow_cost":"NO_GOLD","seed_source_timestamp":486677412079152,"circlet_count":0,"master_deck":["Defend_G","Defend_G","Defend_G","Defend_G","Defend_G","Strike_G","Strike_G","Strike_G","Strike_G","Strike_G","Survivor","Neutralize","Distraction","Backflip","Underhanded Strike","Burst","Madness+1"],"relics":["Ring of the Snake","Gambling Chip","Golden Idol","Gremlin Horn","Letter Opener","Frozen Egg 2","Du-Vu Doll"],"potions_floor_usage":[6,6],"damage_taken":[{"damage":2,"enemies":"Jaw Worm","floor":1,"turns":4},{"damage":0,"enemies":"2 Louse","floor":2,"turns":3},{"damage":66,"enemies":"Lagavulin","floor":6,"turns":10},{"damage":1,"enemies":"Small Slimes","floor":7,"turns":3},{"damage":0,"enemies":"Blue Slaver","floor":10,"turns":5},{"damage":35,"enemies":"Hexaghost","floor":16,"turns":15}],"seed_played":"1083745573428778801","potions_obtained":[{"floor":1,"key":"SpeedPotion"},{"floor":2,"key":"Fire Potion"}],"is_trial":false,"path_per_floor":["M","M","?","?","T","E","M","R","T","M","R","$","?","T","R","B"],"character_chosen":"THE_SILENT","items_purchased":["Madness"],"campfire_rested":2,"item_purchase_floors":[12],"current_hp_per_floor":[68,68,68,68,68,2,1,22,22,22,43,43,32,32,32,0],"gold":102,"neow_bonus":"ONE_RARE_RELIC","is_prod":false,"is_daily":false,"chose_seed":false,"campfire_upgraded":1,"win_rate":0,"timestamp":1552978734,"path_taken":["M","M","?","?","?","E","?","R","T","M","R","$","?","?","R","BOSS"],"build_version":"2019-01-23","purchased_purges":0,"victory":false,"max_hp_per_floor":[70,70,70,70,70,70,70,70,70,70,70,70,70,70,70,70],"card_choices":[{"not_picked":["Dagger Throw","Catalyst"],"picked":"Distraction","floor":1},{"not_picked":["Prepared","Deflect"],"picked":"Backflip","floor":2},{"not_picked":["Backflip","Bane","Flechettes"],"picked":"SKIP","floor":6},{"not_picked":["Backflip","Deflect"],"picked":"Underhanded Strike","floor":7},{"not_picked":["Predator","Concentrate"],"picked":"Burst","floor":10}],"player_experience":307625,"relics_obtained":[{"floor":5,"key":"Gremlin Horn"},{"floor":6,"key":"Letter Opener"},{"floor":9,"key":"Frozen Egg 2"},{"floor":14,"key":"Du-Vu Doll"}],"event_choices":[{"damage_healed":0,"gold_gain":0,"player_choice":"Take Wound","damage_taken":0,"relics_obtained":["Golden Idol"],"max_hp_gain":0,"max_hp_loss":0,"event_name":"Golden Idol","floor":3,"gold_loss":0,"cards_obtained":["Injury"]},{"cards_removed":["Injury"],"damage_healed":0,"gold_gain":0,"player_choice":"Forget","damage_taken":0,"max_hp_gain":0,"max_hp_loss":0,"event_name":"Living Wall","floor":4,"gold_loss":0},{"damage_healed":0,"gold_gain":75,"player_choice":"Gather Gold","damage_taken":11,"max_hp_gain":0,"max_hp_loss":0,"event_name":"World of Goop","floor":13,"gold_loss":0}],"is_beta":false,"boss_relics":[],"items_purged_floors":[],"is_endless":false,"potions_floor_spawned":[1,2],"killed_by":"Hexaghost","ascension_level":3}