{"gold_per_floor":[111,127,127,127,77,105,105,131,155,168,178,178],"floor_reached":12,"playtime":302,"items_purged":["Regret"],"score":175,"play_id":"f1ce3ebc-3386-4ca3-b893-e45f2fe47e7e","local_time":"20190425175406","is_ascension_mode":true,"campfire_choices":[{"data":"Zap","floor":7,"key":"SMITH"}],"neow_cost":"NONE","seed_source_timestamp":158901094334700,"circlet_count":0,"master_deck":["AscendersBane","Strike_B","Strike_B","Strike_B","Strike_B","Defend_B","Defend_B","Defend_B","Defend_B","Zap+1","Dualcast","White Noise","Hologram","White Noise","Machine Learning"],"relics":["Cracked Core","NeowsBlessing","Smiling Mask","Bag of Marbles","Centennial Puzzle","Ice Cream","Orichalcum"],"potions_floor_usage":[8,8,12,12],"damage_taken":[{"damage":0,"enemies":"Jaw Worm","floor":1,"turns":1},{"damage":0,"enemies":"2 Louse","floor":2,"turns":1},{"damage":0,"enemies":"Gremlin Nob","floor":6,"turns":1},{"damage":25,"enemies":"3 Sentries","floor":8,"turns":6},{"damage":7,"enemies":"Small Slimes","floor":10,"turns":4},{"damage":8,"enemies":"Blue Slaver","floor":11,"turns":3},{"damage":40,"enemies":"Lagavulin","floor":12,"turns":6}],"seed_played":"1338398222426253469","potions_obtained":[{"floor":1,"key":"Block Potion"},{"floor":6,"key":"Swift Potion"},{"floor":8,"key":"Regen Potion"},{"floor":10,"key":"Strength Potion"},{"floor":11,"key":"EssenceOfSteel"}],"is_trial":false,"path_per_floor":["M","M","?","?","$","E","R","E","T","M","M","E"],"character_chosen":"DEFECT","items_purchased":[],"campfire_rested":0,"item_purchase_floors":[],"current_hp_per_floor":[68,68,61,61,61,61,61,36,36,29,21,0],"gold":178,"neow_bonus":"THREE_ENEMY_KILL","is_prod":false,"is_daily":false,"chose_seed":false,"campfire_upgraded":1,"win_rate":0,"timestamp":1556186046,"path_taken":["M","M","?","?","$","E","R","E","T","M","M","E"],"build_version":"2019-01-23","purchased_purges":1,"victory":false,"max_hp_per_floor":[75,75,75,75,75,75,75,75,75,75,75,75],"card_choices":[{"not_picked":["Lockon","Static Discharge"],"picked":"White Noise","floor":1},{"not_picked":["Beam Cell","Hello World","Rebound"],"picked":"SKIP","floor":2},{"not_picked":["Conserve Battery","Auto Shields"],"picked":"Hologram","floor":6},{"not_picked":["Hello World","Compile Driver","Stack"],"picked":"SKIP","floor":8},{"not_picked":["Coolheaded","Reinforced Body"],"picked":"White Noise","floor":10},{"not_picked":["Aggregate","Beam Cell"],"picked":"Machine Learning","floor":11}],"player_experience":532647,"relics_obtained":[{"floor":6,"key":"Centennial Puzzle"},{"floor":8,"key":"Ice Cream"},{"floor":9,"key":"Orichalcum"}],"event_choices":[{"damage_healed":0,"gold_gain":0,"player_choice":"Success","damage_taken":7,"relics_obtained":["Smiling Mask"],"max_hp_gain":0,"max_hp_loss":0,"event_name":"Scrap Ooze","floor":3,"gold_loss":0},{"damage_healed":0,"gold_gain":0,"player_choice":"Box","damage_taken":0,"relics_obtained":["Bag of Marbles"],"max_hp_gain":0,"max_hp_loss":0,"event_name":"Big Fish","floor":4,"gold_loss":0,"cards_obtained":["Regret"]}],"is_beta":false,"boss_relics":[],"items_purged_floors":[5],"is_endless":false,"potions_floor_spawned":[1,6,8,10,11],"killed_by":"Lagavulin","ascension_level":11}