{"gold_per_floor":[119,119,119,137,152,152,152,152,177,177,208,35,35,45,45,45],"floor_reached":16,"playtime":799,"items_purged":[],"score":191,"play_id":"a3dc0cf2-6197-4d52-bcae-3f8c229e1c87","local_time":"20181122094359","is_ascension_mode":true,"campfire_choices":[{"data":"Blade Dance","floor":6,"key":"SMITH"},{"data":"Neutralize","floor":8,"key":"SMITH"},{"data":"Leg Sweep","floor":10,"key":"SMITH"},{"data":"Riddle With Holes","floor":15,"key":"SMITH"}],"neow_cost":"NONE","seed_source_timestamp":503984935745863,"circlet_count":0,"master_deck":["AscendersBane","Defend_G","Defend_G","Defend_G","Defend_G","Defend_G","Strike_G","Strike_G","Strike_G","Strike_G","Strike_G","Survivor","Neutralize+1","Dramatic Entrance","Terror","Leg Sweep+1","Blade Dance+1","Riddle With Holes+1","Deflect"],"relics":["Ring of the Snake","Centennial Puzzle","Ancient Tea Set","Smiling Mask","Anchor"],"potions_floor_usage":[4,11,16],"damage_taken":[{"damage":6,"enemies":"Cultist","floor":1,"turns":5},{"damage":9,"enemies":"Small Slimes","floor":4,"turns":2},{"damage":6,"enemies":"2 Louse","floor":5,"turns":3},{"damage":8,"enemies":"Gremlin Nob","floor":11,"turns":3},{"damage":0,"enemies":"Looter","floor":14,"turns":3},{"damage":30,"enemies":"Hexaghost","floor":16,"turns":14}],"seed_played":"-5167064523529181521","potions_obtained":[{"floor":1,"key":"EntropicBrew"},{"floor":14,"key":"Explosive Potion"}],"is_trial":false,"path_per_floor":["M","?","?","M","M","R","?","R","T","R","E","$","?","M","R","B"],"character_chosen":"THE_SILENT","items_purchased":["Anchor"],"campfire_rested":0,"item_purchase_floors":[12],"current_hp_per_floor":[53,53,53,44,38,38,38,38,38,38,30,30,30,30,30,0],"gold":45,"neow_bonus":"RANDOM_COLORLESS","is_prod":false,"is_daily":false,"chose_seed":false,"campfire_upgraded":4,"win_rate":0,"timestamp":1542897839,"path_taken":["M","?","?","M","?","R","?","R","T","R","E","$","?","M","R","BOSS"],"build_version":"2018-11-15","purchased_purges":0,"victory":false,"max_hp_per_floor":[66,66,66,66,66,66,66,66,66,66,66,66,66,66,66,66],"card_choices":[{"not_picked":["Bane","Accuracy"],"picked":"Terror","floor":1},{"not_picked":["Prepared","Sucker Punch"],"picked":"Leg Sweep","floor":4},{"not_picked":["Infinite Blades","Masterful Stab"],"picked":"Blade Dance","floor":5},{"not_picked":["Underhanded Strike","Flying Knee"],"picked":"Riddle With Holes","floor":11},{"not_picked":["Reflex","Dagger Throw"],"picked":"Deflect","floor":14}],"player_experience":764177,"relics_obtained":[{"floor":3,"key":"Centennial Puzzle"},{"floor":9,"key":"Ancient Tea Set"},{"floor":11,"key":"Smiling Mask"}],"event_choices":[{"damage_healed":0,"gold_gain":0,"player_choice":"Ignored","damage_taken":0,"max_hp_gain":0,"max_hp_loss":0,"event_name":"Golden Wing","floor":2,"gold_loss":0},{"damage_healed":0,"gold_gain":0,"player_choice":"Relic","damage_taken":0,"max_hp_gain":0,"max_hp_loss":0,"event_name":"Wheel of Change","floor":3,"gold_loss":0},{"damage_healed":0,"gold_gain":0,"player_choice":"Searched \u00270\u0027 times","damage_taken":0,"max_hp_gain":0,"max_hp_loss":0,"event_name":"Dead Adventurer","floor":7,"gold_loss":0},{"damage_healed":0,"gold_gain":0,"player_choice":"Fled","damage_taken":0,"max_hp_gain":0,"max_hp_loss":0,"event_name":"Scrap Ooze","floor":13,"gold_loss":0}],"is_beta":false,"boss_relics":[],"items_purged_floors":[],"is_endless":false,"potions_floor_spawned":[1,14],"killed_by":"Hexaghost","ascension_level":19}