{"gold_per_floor":[109,120,134,134,153,153,78,78,105,145,170,193,212,112,112,112],"floor_reached":16,"playtime":523,"items_purged":["Strike_R","Strike_R"],"score":187,"play_id":"6a92de18-5c02-4fae-9cba-0ed73bef71cd","local_time":"20190507222204","is_ascension_mode":true,"campfire_choices":[{"data":"Iron Wave","floor":6.0,"key":"SMITH"},{"floor":15.0,"key":"REST"}],"neow_cost":"NONE","seed_source_timestamp":13080099591200,"circlet_count":0,"master_deck":["AscendersBane","Strike_R","Strike_R","Defend_R","Defend_R","Defend_R","Defend_R","Bash","Double Tap","Iron Wave+1","Rupture","Immolate","Second Wind","Feel No Pain","Ghostly Armor"],"special_seed":0,"relics":["Burning Blood","Golden Idol","Dream Catcher","Boot"],"potions_floor_usage":[16],"damage_taken":[{"damage":5.0,"enemies":"Small Slimes","floor":1.0,"turns":3.0},{"damage":4.0,"enemies":"Jaw Worm","floor":2.0,"turns":4.0},{"damage":1.0,"enemies":"Cultist","floor":3.0,"turns":4.0},{"damage":10.0,"enemies":"Large Slime","floor":5.0,"turns":6.0},{"damage":23.0,"enemies":"3 Sentries","floor":10.0,"turns":12.0},{"damage":2.0,"enemies":"2 Fungi Beasts","floor":11.0,"turns":4.0},{"damage":11.0,"enemies":"Red Slaver","floor":12.0,"turns":3.0},{"damage":18.0,"enemies":"Large Slime","floor":13.0,"turns":5.0},{"damage":47,"enemies":"Slime Boss","floor":16,"turns":9}],"seed_played":"-4864880241524617289","potions_obtained":[{"floor":2.0,"key":"Poison Potion"},{"floor":3.0,"key":"SkillPotion"},{"floor":5.0,"key":"BloodPotion"},{"floor":11.0,"key":"Ancient Potion"},{"floor":13.0,"key":"FearPotion"}],"is_trial":false,"path_per_floor":["M","M","M","?","M","R","$","?","T","E","M","M","M","$","R","B"],"character_chosen":"IRONCLAD","items_purchased":[],"campfire_rested":1,"item_purchase_floors":[],"current_hp_per_floor":[69,71,75,75,71,71,71,45,45,35,39,34,22,22,44,0],"gold":112,"neow_bonus":"TRANSFORM_CARD","is_prod":false,"is_daily":false,"chose_seed":false,"campfire_upgraded":1,"win_rate":0,"timestamp":1557238924,"path_taken":["M","M","M","?","M","R","$","?","T","E","M","M","M","$","R","BOSS"],"build_version":"2019-01-23","purchased_purges":2,"victory":false,"max_hp_per_floor":[75,75,75,75,75,75,75,75,75,75,75,75,75,75,75,75],"card_choices":[{"not_picked":["Thunderclap","Armaments","Feel No Pain"],"picked":"SKIP","floor":1.0},{"not_picked":["Thunderclap","Armaments","Feel No Pain"],"picked":"SKIP","floor":1.0},{"not_picked":["Anger","Sever Soul"],"picked":"Iron Wave","floor":2.0},{"not_picked":["Armaments","Twin Strike"],"picked":"Rupture","floor":3.0},{"not_picked":["Body Slam","Rupture","Heavy Blade"],"picked":"SKIP","floor":5.0},{"not_picked":["Sentinel","Havoc","Armaments"],"picked":"SKIP","floor":10.0},{"not_picked":["Clothesline","True Grit"],"picked":"Immolate","floor":11.0},{"not_picked":["Clothesline","Second Wind","Twin Strike"],"picked":"SKIP","floor":12.0},{"not_picked":["Clothesline","Twin Strike"],"picked":"Second Wind","floor":12.0},{"not_picked":["Body Slam","Armaments"],"picked":"Feel No Pain","floor":13.0},{"not_picked":["Pummel","Clash"],"picked":"Ghostly Armor","floor":15.0}],"player_experience":581136,"relics_obtained":[{"floor":9.0,"key":"Dream Catcher"},{"floor":10.0,"key":"Boot"}],"event_choices":[{"damage_healed":0.0,"max_hp_gain":0.0,"max_hp_loss":0.0,"gold_gain":0.0,"event_name":"Liars Game","player_choice":"Ignored","floor":4.0,"gold_loss":0.0,"damage_taken":0.0},{"damage_healed":0.0,"max_hp_gain":0.0,"max_hp_loss":0.0,"gold_gain":0.0,"event_name":"Golden Idol","player_choice":"Take Damage","floor":8.0,"gold_loss":0.0,"damage_taken":26.0,"relics_obtained":["Golden Idol"]}],"is_beta":false,"boss_relics":[],"items_purged_floors":[7,14],"is_endless":false,"potions_floor_spawned":[2,3,5,11,13],"killed_by":"Slime Boss","ascension_level":16}