{"gold_per_floor":[110,110,110,123,198,232,251,261,284,296,308,381,393,405,417,527,539,571,583,305,323,233,258,258,275,275,275],"floor_reached":27,"playtime":1134,"items_purged":[],"score":254,"play_id":"0829d904-9de6-4664-b162-e9c1b96d6be6","local_time":"20190416154503","is_ascension_mode":false,"campfire_choices":[{"floor":10,"key":"REST"},{"floor":13,"key":"RECALL"},{"data":"Electrodynamics","floor":15,"key":"SMITH"},{"floor":24,"key":"REST"}],"neow_cost":"NONE","seed_source_timestamp":0,"circlet_count":0,"master_deck":["Strike_B","Strike_B","Strike_B","Strike_B","Defend_B","Defend_B","Defend_B+1","Defend_B","Zap","Dualcast","Meteor Strike","Redo","Conserve Battery","Electrodynamics+1","Melter","Creative AI","Glacier+1","Defragment","Darkness+1","Leap","Storm"],"special_seed":0,"relics":["Cracked Core","NeowsBlessing","Matryoshka","Ancient Tea Set","MawBank","Strawberry","Kunai","Sozu","WarpedTongs","Mummified Hand","War Paint","Blue Candle"],"potions_floor_usage":[],"damage_taken":[{"damage":0.0,"enemies":"Small Slimes","floor":1.0,"turns":1.0},{"damage":0,"enemies":"Jaw Worm","floor":4,"turns":1},{"damage":0,"enemies":"Gremlin Nob","floor":6,"turns":1},{"damage":1,"enemies":"Cultist","floor":7,"turns":4},{"damage":16,"enemies":"Exordium Wildlife","floor":8,"turns":2},{"damage":12,"enemies":"Slime Boss","floor":16,"turns":8},{"damage":27,"enemies":"3 Byrds","floor":18,"turns":3},{"damage":19,"enemies":"2 Thieves","floor":21,"turns":4},{"damage":23,"enemies":"Book of Stabbing","floor":23,"turns":6},{"damage":14,"enemies":"3 Cultists","floor":25,"turns":5},{"damage":29,"enemies":"Gremlin Leader","floor":27,"turns":5}],"seed_played":"1324883630610831964","potions_obtained":[{"floor":1.0,"key":"SteroidPotion"},{"floor":6,"key":"Ancient Potion"}],"is_trial":false,"path_per_floor":["M","?","T","M","?","E","M","M","T","R","$","?","R","T","R","B",null,"M","?","$","M","?","E","R","M","T","E"],"character_chosen":"DEFECT","items_purchased":["Mummified Hand","Defragment"],"campfire_rested":2,"item_purchase_floors":[20,20],"current_hp_per_floor":[75,75,75,75,64,64,63,47,47,69,69,69,69,76,76,64,82,55,55,55,36,36,13,37,23,23,0],"gold":275,"neow_bonus":"THREE_ENEMY_KILL","is_prod":false,"is_daily":false,"chose_seed":false,"campfire_upgraded":1,"win_rate":0,"timestamp":1555454703,"path_taken":["M","?","?","?","?","E","M","M","T","R","$","?","R","?","R","BOSS","M","?","$","?","?","E","R","?","T","E"],"build_version":"2019-01-23","purchased_purges":0,"victory":false,"max_hp_per_floor":[75,75,75,75,75,75,75,75,75,75,75,75,75,82,82,82,82,82,82,82,82,82,82,82,82,82,82],"card_choices":[{"not_picked":["Compile Driver","Stack"],"picked":"Reprogram","floor":1.0},{"not_picked":["Barrage","Gash"],"picked":"Redo","floor":4},{"not_picked":["Cold Snap","Gash"],"picked":"Conserve Battery","floor":6},{"not_picked":["Cold Snap","Barrage"],"picked":"Electrodynamics","floor":7},{"not_picked":["Rebound","Go for the Eyes"],"picked":"Melter","floor":8},{"not_picked":["Core Surge","Amplify"],"picked":"Creative AI","floor":16},{"not_picked":["Streamline","Steam"],"picked":"Glacier","floor":18},{"not_picked":["Scrape","Ball Lightning"],"picked":"Darkness","floor":21},{"not_picked":["Sweeping Beam","Blizzard"],"picked":"Leap","floor":23},{"not_picked":["Glacier","Undo"],"picked":"Storm","floor":25}],"player_experience":498328,"relics_obtained":[{"floor":3,"key":"Matryoshka"},{"floor":6,"key":"Ancient Tea Set"},{"floor":9,"key":"MawBank"},{"floor":14,"key":"Strawberry"},{"floor":14,"key":"Kunai"},{"floor":23,"key":"War Paint"},{"floor":26,"key":"Blue Candle"}],"event_choices":[{"damage_healed":0.0,"max_hp_gain":0.0,"max_hp_loss":0.0,"gold_gain":0.0,"cards_transformed":["Reprogram"],"event_name":"Living Wall","player_choice":"Change","floor":2.0,"gold_loss":0.0,"damage_taken":0.0,"cards_obtained":["Meteor Strike"]},{"damage_healed":0,"gold_gain":75,"player_choice":"Gather Gold","damage_taken":11,"max_hp_gain":0,"max_hp_loss":0,"event_name":"World of Goop","floor":5,"gold_loss":0},{"damage_healed":0,"gold_gain":61,"player_choice":"Gained Gold","damage_taken":0,"max_hp_gain":0,"max_hp_loss":0,"event_name":"Golden Wing","floor":12,"gold_loss":0},{"damage_healed":0,"gold_gain":0,"player_choice":"Rummage","damage_taken":0,"relics_obtained":["WarpedTongs"],"max_hp_gain":0,"max_hp_loss":0,"event_name":"Accursed Blacksmith","floor":19,"gold_loss":0,"cards_obtained":["Pain"]},{"cards_removed":["Pain"],"damage_healed":0,"gold_gain":0,"player_choice":"Upgrade and Remove","damage_taken":0,"max_hp_gain":0,"max_hp_loss":0,"event_name":"Designer","floor":22,"gold_loss":90,"cards_upgraded":["Darkness"]}],"is_beta":false,"boss_relics":[{"not_picked":["Snecko Eye","Ectoplasm"],"picked":"Sozu"}],"items_purged_floors":[],"is_endless":false,"potions_floor_spawned":[1,6,21,25],"killed_by":"Gremlin Leader","ascension_level":0}