{"gold_per_floor":[15,34,34,47,8,8,43,70,97,112,112,112,142,142,142,142],"floor_reached":16,"playtime":559,"items_purged":[],"score":211,"play_id":"be94b3c8-98c8-47ba-9ddc-ed5cec52ba8a","local_time":"20181225082839","is_ascension_mode":true,"campfire_choices":[{"data":"Magnetism","floor":6,"key":"SMITH"},{"floor":12,"key":"REST"},{"floor":15,"key":"REST"}],"neow_cost":"NO_GOLD","seed_source_timestamp":398441318688761,"circlet_count":0,"master_deck":["AscendersBane","Defend_G","Defend_G","Defend_G","Defend_G","Defend_G","Strike_G","Strike_G","Strike_G","Strike_G","Strike_G","Survivor","Neutralize","Panache","Magnetism+1","Endless Agony","Escape Plan","All Out Attack","Dash","Blade Dance"],"relics":["Ring of the Snake","Happy Flower","Smiling Mask","Orichalcum","Blood Vial","Art of War"],"potions_floor_usage":[7,16],"damage_taken":[{"damage":5,"enemies":"Cultist","floor":1,"turns":5},{"damage":8,"enemies":"Small Slimes","floor":2,"turns":4},{"damage":2,"enemies":"Jaw Worm","floor":4,"turns":3},{"damage":20,"enemies":"Lagavulin","floor":7,"turns":6},{"damage":4,"enemies":"Large Slime","floor":10,"turns":5},{"damage":34,"enemies":"Gremlin Nob","floor":13,"turns":5},{"damage":23,"enemies":"The Guardian","floor":16,"turns":10}],"seed_played":"-7508770221737177720","potions_obtained":[{"floor":1,"key":"GhostInAJar"},{"floor":2,"key":"FearPotion"},{"floor":14,"key":"EssenceOfSteel"},{"floor":14,"key":"SmokeBomb"}],"is_trial":false,"path_per_floor":["M","M","?","M","$","R","E","T","T","M","?","R","E","?","R","B"],"character_chosen":"THE_SILENT","items_purchased":["Escape Plan"],"campfire_rested":2,"item_purchase_floors":[5],"current_hp_per_floor":[54,46,46,44,44,44,24,24,24,22,22,41,9,9,28,7],"gold":142,"neow_bonus":"RANDOM_COLORLESS_2","is_prod":false,"is_daily":false,"chose_seed":false,"campfire_upgraded":1,"win_rate":0,"timestamp":1545744519,"path_taken":["M","?","?","?","?","R","E","?","T","M","?","R","E","?","R","BOSS"],"build_version":"2018-12-20","purchased_purges":0,"victory":false,"max_hp_per_floor":[66,66,66,66,66,66,66,66,66,66,66,66,66,66,66,66],"card_choices":[{"not_picked":["Underhanded Strike","Concentrate"],"picked":"Endless Agony","floor":1},{"not_picked":["Reflex","Backflip","Deadly Poison"],"picked":"SKIP","floor":2},{"not_picked":["Acrobatics","Underhanded Strike","Deadly Poison"],"picked":"SKIP","floor":4},{"not_picked":["Leg Sweep","Backflip"],"picked":"All Out Attack","floor":7},{"not_picked":["Leg Sweep","Dagger Spray"],"picked":"Dash","floor":10},{"not_picked":["Leg Sweep","Dagger Spray"],"picked":"Blade Dance","floor":13}],"player_experience":798686,"relics_obtained":[{"floor":7,"key":"Smiling Mask"},{"floor":8,"key":"Orichalcum"},{"floor":9,"key":"Blood Vial"},{"floor":13,"key":"Art of War"}],"event_choices":[{"damage_healed":0,"gold_gain":0,"player_choice":"Gave Potion","damage_taken":0,"relics_obtained":["Happy Flower"],"max_hp_gain":0,"max_hp_loss":0,"event_name":"WeMeetAgain","floor":3,"gold_loss":0},{"damage_healed":0,"gold_gain":0,"player_choice":"Ignored","damage_taken":0,"max_hp_gain":0,"max_hp_loss":0,"event_name":"Golden Idol","floor":11,"gold_loss":0},{"damage_healed":0,"gold_gain":0,"player_choice":"Got Potions","damage_taken":0,"max_hp_gain":0,"max_hp_loss":0,"event_name":"Lab","floor":14,"gold_loss":0}],"is_beta":false,"boss_relics":[],"items_purged_floors":[],"is_endless":false,"potions_floor_spawned":[1,2],"killed_by":"The Guardian","ascension_level":19}