{"gold_per_floor":[117,117,142,157,176,176,176,200,200,216,230,263,293,263],"floor_reached":14,"playtime":685,"items_purged":[],"score":94,"play_id":"297fbe37-0bc3-473c-908c-bb1f405fca45","local_time":"20190402173040","is_ascension_mode":false,"campfire_choices":[{"floor":6,"key":"RECALL"}],"neow_cost":"NONE","seed_source_timestamp":1547853420259,"circlet_count":0,"master_deck":["Strike_B","Strike_B","Strike_B","Strike_B","Defend_B","Defend_B","Defend_B","Defend_B","Zap","Dualcast","White Noise","Ball Lightning","Injury","Genetic Algorithm","Streamline","Glacier","Regret","Self Repair","Stack","All For One","Heatsinks"],"relics":["Cracked Core","Golden Idol","Blood Vial","Happy Flower","Mercury Hourglass","Anchor"],"potions_floor_usage":[11,12],"damage_taken":[{"damage":0,"enemies":"2 Louse","floor":1,"turns":1},{"damage":2,"enemies":"Small Slimes","floor":3,"turns":3},{"damage":0,"enemies":"Jaw Worm","floor":4,"turns":3},{"damage":11,"enemies":"Large Slime","floor":5,"turns":6},{"damage":9,"enemies":"3 Louse","floor":8,"turns":3},{"damage":7,"enemies":"Blue Slaver","floor":10,"turns":3},{"damage":13,"enemies":"Gremlin Gang","floor":11,"turns":3},{"damage":45,"enemies":"Lagavulin","floor":12,"turns":6},{"damage":14,"enemies":"Exordium Thugs","floor":14,"turns":2}],"seed_played":"-3780938357552329223","potions_obtained":[{"floor":3,"key":"Ancient Potion"},{"floor":4,"key":"Explosive Potion"},{"floor":5,"key":"PowerPotion"}],"is_trial":false,"path_per_floor":["M","?","M","M","M","R","?","M","T","M","M","E","?","M"],"character_chosen":"DEFECT","items_purchased":[],"campfire_rested":0,"item_purchase_floors":[],"current_hp_per_floor":[75,75,73,73,62,62,62,55,55,57,46,10,10,0],"gold":263,"neow_bonus":"THREE_CARDS","is_prod":false,"is_daily":false,"chose_seed":false,"campfire_upgraded":0,"win_rate":0,"timestamp":1554251440,"path_taken":["M","?","M","M","M","R","?","M","T","M","?","E","?","M"],"build_version":"2019-01-23","purchased_purges":0,"victory":false,"max_hp_per_floor":[75,75,75,75,75,75,75,75,75,75,75,75,75,75],"card_choices":[{"not_picked":["Coolheaded","Cold Snap"],"picked":"White Noise","floor":0},{"not_picked":["Conserve Battery","Coolheaded"],"picked":"Ball Lightning","floor":1},{"not_picked":["Reboot","Ball Lightning"],"picked":"Genetic Algorithm","floor":3},{"not_picked":["Coolheaded","Sweeping Beam"],"picked":"Streamline","floor":4},{"not_picked":["Rip and Tear","Coolheaded"],"picked":"Glacier","floor":5},{"not_picked":["Redo","Compile Driver"],"picked":"Self Repair","floor":8},{"not_picked":["Gash","Leap"],"picked":"Stack","floor":10},{"not_picked":["Steam","Redo"],"picked":"All For One","floor":11},{"not_picked":["Conserve Battery","Blizzard"],"picked":"Heatsinks","floor":12}],"player_experience":467042,"relics_obtained":[{"floor":9,"key":"Happy Flower"},{"floor":12,"key":"Mercury Hourglass"}],"event_choices":[{"damage_healed":0,"gold_gain":0,"player_choice":"Take Wound","damage_taken":0,"relics_obtained":["Golden Idol"],"max_hp_gain":0,"max_hp_loss":0,"event_name":"Golden Idol","floor":2,"gold_loss":0,"cards_obtained":["Injury"]},{"damage_healed":0,"gold_gain":0,"player_choice":"Box","damage_taken":0,"relics_obtained":["Blood Vial"],"max_hp_gain":0,"max_hp_loss":0,"event_name":"Big Fish","floor":7,"gold_loss":0,"cards_obtained":["Regret"]},{"damage_healed":0,"gold_gain":30,"player_choice":"Searched \u00273\u0027 times","damage_taken":0,"relics_obtained":["Anchor"],"max_hp_gain":0,"max_hp_loss":0,"event_name":"Dead Adventurer","floor":13,"gold_loss":0}],"is_beta":false,"boss_relics":[],"items_purged_floors":[],"is_endless":false,"potions_floor_spawned":[3,4,5],"killed_by":"Exordium Thugs","ascension_level":0}