{"gold_per_floor":[114,114,129,154,169,169,184,184,184,214,62,62,62,81,81,206,206,225,225,254,54,73,73,111,130,130,130,130,145,175,190,190,290,290,305,305,55,76,91,91,91],"floor_reached":41,"playtime":2065,"items_purged":[],"score":604,"play_id":"7169c9ff-77c9-431b-bdb3-49cf98d963d7","local_time":"20180823145357","daily_mods":["Insanity","Binary","Hoarder"],"is_ascension_mode":false,"campfire_choices":[{"data":"Perfected Strike","floor":6,"key":"SMITH"},{"data":"Perfected Strike","floor":8,"key":"SMITH"},{"floor":15,"key":"REST"},{"data":"Offering","floor":23,"key":"SMITH"},{"floor":27,"key":"REST"},{"floor":32,"key":"REST"},{"data":"Flex","floor":40,"key":"SMITH"}],"neow_cost":"","seed_source_timestamp":0,"circlet_count":0,"master_deck":["Reckless Charge","Carnage","Double Tap","Iron Wave","Shrug It Off","Wild Strike","Rupture","Metallicize","Anger","Intimidate","Shrug It Off","Exhume","Disarm","Thunderclap","Ghostly Armor","Reaper","Twin Strike","Demon Form","Dark Embrace","Shrug It Off","Bludgeon","Juggernaut","Perfected Strike","Seeing Red","Seeing Red","Dual Wield","Bash","Warcry","Inflame","Searing Blow","True Grit","Fire Breathing","Dropkick","True Grit","Twin Strike","Dual Wield","Clash","Clothesline","Dual Wield","Feel No Pain","Reckless Charge","Dual Wield","Entrench","Reaper","Whirlwind","Twin Strike","Armaments","Combust","Entrench","Flex+1","Flex+1","Flex+1","Perfected Strike+1","Perfected Strike+1","Perfected Strike","Seeing Red","Seeing Red","Seeing Red","Offering+1","Offering","Offering","Immolate","Immolate","Immolate","Carnage","Carnage","Carnage","Pummel","Pummel","Pummel","Heavy Blade","Heavy Blade","Heavy Blade","Flame Barrier+1","Flame Barrier+1","Flame Barrier+1","Offering","Offering","Offering","Spot Weakness+1","Spot Weakness+1","Spot Weakness+1","Cleave+1","Cleave+1","Cleave+1"],"special_seed":17766,"relics":["Burning Blood","War Paint","Juzu Bracelet","Dodecahedron","Bloody Idol","Pandora\u0027s Box","Red Mask","MealTicket","Bottled Tornado","Darkstone Periapt","Lantern","Sozu","Turnip","Matryoshka","Sundial"],"potions_floor_usage":[5,24,24,30,31,33,41],"damage_taken":[{"damage":1,"enemies":"Jaw Worm","floor":1,"turns":3},{"damage":6,"enemies":"Cultist","floor":3,"turns":3},{"damage":0,"enemies":"2 Louse","floor":5,"turns":1},{"damage":21,"enemies":"Gremlin Gang","floor":7,"turns":6},{"damage":26,"enemies":"Lagavulin","floor":10,"turns":6},{"damage":6,"enemies":"Exordium Thugs","floor":14,"turns":2},{"damage":38,"enemies":"The Guardian","floor":16,"turns":7},{"damage":13,"enemies":"2 Thieves","floor":18,"turns":2},{"damage":6,"enemies":"Masked Bandits","floor":20,"turns":2},{"damage":30,"enemies":"Shell Parasite","floor":22,"turns":4},{"damage":68,"enemies":"Slavers","floor":24,"turns":5},{"damage":20,"enemies":"Centurion and Healer","floor":25,"turns":5},{"damage":22,"enemies":"Cultist and Chosen","floor":29,"turns":4},{"damage":54,"enemies":"Gremlin Leader","floor":30,"turns":5},{"damage":18,"enemies":"Snecko","floor":31,"turns":4},{"damage":77,"enemies":"Automaton","floor":33,"turns":8},{"damage":16,"enemies":"Orb Walker","floor":35,"turns":2},{"damage":42,"enemies":"Mind Bloom Boss Battle","floor":36,"turns":6},{"damage":21,"enemies":"Mysterious Sphere","floor":38,"turns":3},{"damage":37,"enemies":"3 Darklings","floor":39,"turns":4},{"damage":54,"enemies":"Giant Head","floor":41,"turns":6}],"seed_played":"633193296058416102","potions_obtained":[{"floor":3,"key":"Explosive Potion"},{"floor":7,"key":"Weak Potion"},{"floor":16,"key":"Dexterity Potion"},{"floor":20,"key":"BloodPotion"},{"floor":29,"key":"LiquidBronze"},{"floor":30,"key":"Swift Potion"},{"floor":31,"key":"Regen Potion"}],"is_trial":false,"path_per_floor":["M","?","M","T","M","R","M","R","T","E","$","?","$","M","R","B",null,"M","?","?","$","M","R","E","M","T","R","?","M","E","M","R","B",null,"M","?","$","?","M","R"],"character_chosen":"IRONCLAD","items_purchased":["Offering","MealTicket","Matryoshka"],"campfire_rested":3,"item_purchase_floors":[11,21,37],"current_hp_per_floor":[80,80,80,80,80,80,80,80,80,60,60,40,40,40,64,42,80,79,79,79,79,55,55,37,35,35,59,59,80,43,39,63,20,80,75,39,46,60,52,52,0],"gold":91,"neow_bonus":"","is_prod":false,"is_daily":true,"chose_seed":false,"campfire_upgraded":4,"win_rate":0,"timestamp":1535050437,"path_taken":["M","?","?","?","?","R","M","R","T","E","$","?","$","M","R","BOSS","M","?","?","?","M","R","E","M","T","R","?","M","E","M","R","BOSS","M","?","$","?","M","R","E"],"build_version":"2018-08-22","purchased_purges":0,"victory":false,"max_hp_per_floor":[80,80,80,80,80,80,80,80,80,80,80,80,80,80,80,80,80,80,80,80,80,80,80,80,80,80,80,80,80,80,80,80,80,80,80,80,80,80,80,80,80],"card_choices":[{"not_picked":["Clash"],"picked":"Flex","floor":1},{"not_picked":["Fire Breathing"],"picked":"Perfected Strike","floor":3},{"not_picked":["Headbutt","Combust"],"picked":"SKIP","floor":5},{"not_picked":["Flex","Rampage"],"picked":"SKIP","floor":7},{"not_picked":["Body Slam"],"picked":"Seeing Red","floor":10},{"not_picked":["Rupture","Wild Strike"],"picked":"SKIP","floor":14},{"not_picked":["Double Tap"],"picked":"Immolate","floor":16},{"not_picked":["Body Slam"],"picked":"Pummel","floor":18},{"not_picked":["Feel No Pain","Body Slam"],"picked":"SKIP","floor":22},{"not_picked":["Ghostly Armor","Headbutt"],"picked":"SKIP","floor":24},{"not_picked":["Clothesline","Shrug It Off"],"picked":"SKIP","floor":25},{"not_picked":["Anger"],"picked":"Heavy Blade","floor":29},{"not_picked":["Cleave+1"],"picked":"Flame Barrier+1","floor":30},{"not_picked":["Carnage","Havoc"],"picked":"SKIP","floor":31},{"not_picked":["Juggernaut"],"picked":"Offering","floor":33},{"not_picked":["True Grit+1","Wild Strike"],"picked":"SKIP","floor":35},{"not_picked":["Entrench+1"],"picked":"Spot Weakness+1","floor":38},{"not_picked":["Entrench+1"],"picked":"Cleave+1","floor":39}],"player_experience":188692,"relics_obtained":[{"floor":4,"key":"War Paint"},{"floor":9,"key":"Juzu Bracelet"},{"floor":10,"key":"Dodecahedron"},{"floor":20,"key":"Red Mask"},{"floor":24,"key":"Bottled Tornado"},{"floor":26,"key":"Darkstone Periapt"},{"floor":30,"key":"Lantern"},{"floor":36,"key":"Turnip"},{"floor":38,"key":"Sundial"}],"event_choices":[{"event_name":"Upgrade Shrine","player_choice":"Upgraded","floor":2,"damage_taken":0},{"event_name":"Golden Idol","player_choice":"Take Damage","floor":12,"damage_taken":0},{"event_name":"Ghosts","player_choice":"Ignored","floor":19,"damage_taken":0},{"event_name":"Masked Bandits","player_choice":"Fought Bandits","floor":20,"damage_taken":0},{"event_name":"Forgotten Altar","player_choice":"Gave Idol","floor":28,"damage_taken":0},{"event_name":"MindBloom","player_choice":"Fight","floor":36,"damage_taken":0},{"event_name":"Mysterious Sphere","player_choice":"Fight","floor":38,"damage_taken":0}],"is_beta":true,"boss_relics":[{"not_picked":["Tiny House","Velvet Choker"],"picked":"Pandora\u0027s Box"},{"not_picked":["Coffee Dripper","Fusion Hammer"],"picked":"Sozu"}],"items_purged_floors":[],"is_endless":false,"potions_floor_spawned":[3,7,16,20,29,30,31,35,38],"killed_by":"Giant Head","ascension_level":0}