{"path_per_floor":["M","?","M","M","?","E","R","?","T","M","M","?","M","T","R","B",null,"M","?","M","T","$","R","M"],"character_chosen":"DEFECT","items_purchased":["Defragment"],"gold_per_floor":[18,18,37,47,47,80,80,80,106,122,137,137,155,208,208,311,311,251,251,251,251,109,109,109,109],"floor_reached":25,"campfire_rested":0,"playtime":1006,"item_purchase_floors":[22],"current_hp_per_floor":[64,64,64,59,52,28,28,50,50,50,30,59,59,59,59,29,89,76,59,30,30,30,30,9,0],"items_purged":["Parasite"],"gold":109,"score":238,"play_id":"0d523100-9a1d-4839-b7d4-5999d87da004","local_time":"20180606110137","is_prod":false,"is_daily":false,"chose_seed":false,"is_ascension_mode":true,"campfire_upgraded":3,"win_rate":0,"timestamp":1528254097,"campfire_choices":[{"data":"Rainbow","floor":7,"key":"SMITH"},{"data":"Loop","floor":15,"key":"SMITH"},{"data":"Defragment","floor":23,"key":"SMITH"}],"path_taken":["M","?","?","?","?","E","R","?","T","M","?","?","M","?","R","BOSS","M","?","M","?","$","R","M","M"],"build_version":"2018-05-31","seed_source_timestamp":222837511329431,"purchased_purges":1,"victory":false,"master_deck":["Strike_B","Strike_B","Strike_B","Defend_B","Defend_B","Defend_B","Defend_B","Zap","Dualcast","Echo Form","Loop+1","Rainbow+1","BootSequence","Streamline","Compile Driver","Rebound+1","Defragment+1"],"max_hp_per_floor":[75,75,75,75,75,89,89,89,89,89,89,89,89,89,89,89,89,89,94,94,94,91,91,91,91],"relics":["Cracked Core","Ancient Tea Set","Mango","Anchor","Omamori","Ectoplasm","Regal Pillow"],"card_choices":[{"not_picked":["Seek","Machine Learning"],"picked":"Echo Form","floor":0},{"not_picked":["Hello World","Melter"],"picked":"Loop","floor":1},{"not_picked":["Rebound","Auto Shields","Compile Driver"],"picked":"SKIP","floor":3},{"not_picked":["Beam Cell","Skim"],"picked":"Rainbow","floor":4},{"not_picked":["Auto Shields","Go for the Eyes"],"picked":"BootSequence","floor":6},{"not_picked":["Cold Snap","Turbo"],"picked":"Streamline","floor":10},{"not_picked":["Coolheaded","Stack","Cold Snap"],"picked":"SKIP","floor":11},{"not_picked":["Recycle","Glacier"],"picked":"Compile Driver","floor":13},{"not_picked":["Chill","Ball Lightning","Scrape"],"picked":"SKIP","floor":18},{"not_picked":["Consume","Stack"],"picked":"Rebound+1","floor":20},{"not_picked":["Gash","Tempest","Leap"],"picked":"SKIP","floor":24}],"player_experience":228023,"potions_floor_usage":[11,11,16,24,25],"damage_taken":[{"damage":11,"enemies":"Jaw Worm","floor":1,"turns":4},{"damage":0,"enemies":"2 Louse","floor":3,"turns":3},{"damage":5,"enemies":"Small Slimes","floor":4,"turns":3},{"damage":38,"enemies":"3 Sentries","floor":6,"turns":8},{"damage":0,"enemies":"Red Slaver","floor":10,"turns":3},{"damage":20,"enemies":"Gremlin Gang","floor":11,"turns":4},{"damage":0,"enemies":"Large Slime","floor":13,"turns":5},{"damage":30,"enemies":"Slime Boss","floor":16,"turns":7},{"damage":13,"enemies":"2 Thieves","floor":18,"turns":4},{"damage":29,"enemies":"3 Byrds","floor":20,"turns":5},{"damage":21,"enemies":"Slaver and Parasite","floor":24,"turns":6},{"damage":18,"enemies":"Snecko","floor":25,"turns":3}],"relics_obtained":[{"floor":6,"key":"Mango"},{"floor":9,"key":"Anchor"},{"floor":14,"key":"Omamori"},{"floor":21,"key":"Regal Pillow"}],"event_choices":[{"event_name":"Living Wall","player_choice":"Forget","floor":2,"damage_taken":0},{"event_name":"Scrap Ooze","player_choice":"success","floor":5,"damage_taken":7},{"event_name":"Mushrooms","player_choice":"Healed and dodged fight","floor":8,"damage_taken":0},{"event_name":"Big Fish","player_choice":"Banana","floor":12,"damage_taken":0},{"event_name":"Forgotten Altar","player_choice":"Shed Blood","floor":19,"damage_taken":0}],"boss_relics":[{"not_picked":["Runic Pyramid","Snecko Eye"],"picked":"Ectoplasm"}],"items_purged_floors":[22],"potions_floor_spawned":[1,3,10,13,20],"seed_played":"2190690744169646750","killed_by":"Snecko","ascension_level":1,"potions_obtained":[{"floor":1,"key":"Ancient Potion"},{"floor":3,"key":"Poison Potion"},{"floor":10,"key":"Weak Potion"},{"floor":13,"key":"Dexterity Potion"},{"floor":20,"key":"AttackPotion"}],"is_trial":false}