{"gold_per_floor":[110,125,204,174,193,193,225,241,241,252,280,297,297,309,309,412,412,412,412,244,244,38,38,38,38,38,38,38,38,38,38,38,38,38,38,0,0,0,0,0,0,0,0,0,0,0,0,0,0,0],"floor_reached":51,"playtime":2095,"items_purged":[],"score":1004,"play_id":"0aa04e8c-52ba-4919-b959-fba46dd79205","local_time":"20180905140920","is_ascension_mode":true,"campfire_choices":[{"data":"Ball Lightning","floor":6.0,"key":"SMITH"},{"data":"1","floor":15.0,"key":"LIFT"},{"floor":23.0,"key":"REST"},{"floor":27.0,"key":"REST"},{"data":"Secret Weapon","floor":29.0,"key":"SMITH"},{"floor":32.0,"key":"REST"},{"data":"2","floor":40.0,"key":"LIFT"},{"data":"3","floor":42.0,"key":"LIFT"},{"floor":49.0,"key":"REST"}],"neow_cost":"NONE","seed_source_timestamp":0,"circlet_count":0,"master_deck":["Strike_B","Strike_B","Strike_B","Strike_B","Defend_B","Defend_B","Defend_B","Zap","Dualcast","Ball Lightning+1","Consume","All For One","Beam Cell","BootSequence","Self Repair","Doom and Gloom","Creative AI","Capacitor","Go for the Eyes","Secret Weapon+1","Reprogram+1","Redo+1","Sunder+1","Multi-Cast","Leap+1","Static Discharge+1","Secret Technique","Hologram+1","Undo+1","Steam Power+1","Biased Cognition"],"special_seed":0,"relics":["Cracked Core","NeowsBlessing","Bottled Flame","Centennial Puzzle","Girya","Oddly Smooth Stone","Potion Belt","Ectoplasm","Emotion Chip","Pantograph","Regal Pillow","Omamori","Incense Burner","Strawberry","Tiny House","Red Mask","Gambling Chip","Bronze Scales"],"potions_floor_usage":[50],"damage_taken":[{"damage":0.0,"enemies":"Cultist","floor":1.0,"turns":1.0},{"damage":0.0,"enemies":"Small Slimes","floor":2.0,"turns":1.0},{"damage":0.0,"enemies":"Jaw Worm","floor":5.0,"turns":1.0},{"damage":20.0,"enemies":"3 Sentries","floor":7.0,"turns":4.0},{"damage":0.0,"enemies":"Large Slime","floor":8.0,"turns":4.0},{"damage":3.0,"enemies":"Blue Slaver","floor":10.0,"turns":2.0},{"damage":20.0,"enemies":"Lagavulin","floor":11.0,"turns":4.0},{"damage":2.0,"enemies":"3 Louse","floor":12.0,"turns":2.0},{"damage":0.0,"enemies":"Exordium Wildlife","floor":14.0,"turns":2.0},{"damage":32.0,"enemies":"Hexaghost","floor":16.0,"turns":6.0},{"damage":0.0,"enemies":"Chosen","floor":18.0,"turns":4.0},{"damage":13.0,"enemies":"Colosseum Slavers","floor":19.0,"turns":5.0},{"damage":54.0,"enemies":"Colosseum Nobs","floor":19.0,"turns":4.0},{"damage":14.0,"enemies":"Shell Parasite","floor":21.0,"turns":4.0},{"damage":12.0,"enemies":"Centurion and Healer","floor":24.0,"turns":5.0},{"damage":26.0,"enemies":"Slavers","floor":28.0,"turns":4.0},{"damage":36.0,"enemies":"Gremlin Leader","floor":30.0,"turns":5.0},{"damage":67.0,"enemies":"Collector","floor":33.0,"turns":9.0},{"damage":22.0,"enemies":"3 Shapes","floor":35.0,"turns":3.0},{"damage":5.0,"enemies":"Mind Bloom Boss Battle","floor":41.0,"turns":4.0},{"damage":0.0,"enemies":"Orb Walker","floor":44.0,"turns":3.0},{"damage":21.0,"enemies":"Sphere and 2 Shapes","floor":46.0,"turns":4.0},{"damage":37.0,"enemies":"Transient","floor":47.0,"turns":5.0},{"damage":75,"enemies":"Awakened One","floor":50,"turns":9}],"seed_played":"3450217063580892716","potions_obtained":[{"floor":2.0,"key":"EntropicBrew"},{"floor":4.0,"key":"Fire Potion"},{"floor":4.0,"key":"Fruit Juice"},{"floor":5.0,"key":"Explosive Potion"},{"floor":11.0,"key":"Strength Potion"},{"floor":16.0,"key":"FocusPotion"},{"floor":19.0,"key":"AttackPotion"},{"floor":24.0,"key":"Poison Potion"},{"floor":28.0,"key":"PowerPotion"},{"floor":30.0,"key":"Energy Potion"},{"floor":33.0,"key":"AttackPotion"},{"floor":34.0,"key":"Ancient Potion"}],"is_trial":false,"path_per_floor":["M","M","T","?","M","R","E","M","T","M","E","M","T","M","R","B",null,"M","?","$","M","$","R","M","?","T","R","E","R","E","T","R","B",null,"M","?","?","$","?","R","?","R","T","M","$","M","M","?","R","B"],"character_chosen":"DEFECT","items_purchased":["Regen Potion","FairyPotion","Secret Weapon"],"campfire_rested":4,"item_purchase_floors":[20,20,22],"current_hp_per_floor":[75,75,75,75,80,80,60,60,60,57,37,35,35,42,42,10,63,70,10,10,15,15,39,34,34,34,73,47,47,18,25,66,20,75,60,60,60,60,60,60,80,80,80,87,87,66,36,36,78,17],"gold":0,"neow_bonus":"THREE_ENEMY_KILL","is_prod":false,"is_daily":false,"chose_seed":false,"campfire_upgraded":2,"win_rate":0,"timestamp":1536170960,"path_taken":["M","?","?","?","?","R","E","?","T","M","E","?","?","M","R","BOSS","M","?","$","M","$","R","M","?","T","R","E","R","E","?","R","BOSS","M","?","?","$","?","R","?","R","T","M","?","M","?","?","R","BOSS"],"build_version":"2018-08-30","purchased_purges":0,"victory":true,"max_hp_per_floor":[75,75,75,75,80,80,80,80,80,80,80,80,80,80,80,80,80,80,80,80,80,80,80,80,80,80,80,80,80,80,87,87,87,92,92,92,92,92,92,92,92,92,92,92,92,92,92,92,92,92],"card_choices":[{"not_picked":["Coolheaded","Barrage"],"picked":"Ball Lightning","floor":1.0},{"not_picked":["Leap","Coolheaded"],"picked":"Consume","floor":2.0},{"not_picked":["Blizzard","Lockon","Cold Snap"],"picked":"SKIP","floor":5.0},{"not_picked":["Go for the Eyes","Hologram"],"picked":"All For One","floor":7.0},{"not_picked":["Streamline","Stack"],"picked":"Beam Cell","floor":8.0},{"not_picked":["Compile Driver","Aggregate","Coolheaded"],"picked":"SKIP","floor":10.0},{"not_picked":["Rebound","Ball Lightning"],"picked":"BootSequence","floor":11.0},{"not_picked":["Rip and Tear","Hologram"],"picked":"Self Repair","floor":12.0},{"not_picked":["Reinforced Body","Cold Snap"],"picked":"Doom and Gloom","floor":14.0},{"not_picked":["Amplify","Fission"],"picked":"Creative AI","floor":16.0},{"not_picked":["Ball Lightning","Double Energy"],"picked":"Capacitor","floor":18.0},{"not_picked":["Barrage","Hello World"],"picked":"Go for the Eyes","floor":21.0},{"not_picked":["Blizzard+1","Go for the Eyes"],"picked":"Reprogram","floor":24.0},{"not_picked":["Leap","Aggregate"],"picked":"Redo+1","floor":28.0},{"not_picked":["Stack","Melter"],"picked":"Sunder+1","floor":30.0},{"not_picked":["Reboot","Machine Learning"],"picked":"Multi-Cast","floor":33.0},{"not_picked":["Rip and Tear","Sweeping Beam+1"],"picked":"Leap+1","floor":34.0},{"not_picked":["Compile Driver","Skim"],"picked":"Static Discharge+1","floor":35.0},{"not_picked":["Mind Blast","Flash of Steel"],"picked":"Secret Technique","floor":39.0},{"not_picked":["Coolheaded","Force Field"],"picked":"Hologram+1","floor":41.0},{"not_picked":["Go for the Eyes+1","Double Energy"],"picked":"Undo+1","floor":44.0},{"not_picked":["Leap+1","Reinforced Body+1"],"picked":"Steam Power+1","floor":46.0},{"not_picked":["Redo","Steam+1"],"picked":"Biased Cognition","floor":47.0}],"player_experience":510352,"relics_obtained":[{"floor":3.0,"key":"Bottled Flame"},{"floor":7.0,"key":"Centennial Puzzle"},{"floor":9.0,"key":"Girya"},{"floor":11.0,"key":"Oddly Smooth Stone"},{"floor":13.0,"key":"Potion Belt"},{"floor":19.0,"key":"Emotion Chip"},{"floor":19.0,"key":"Pantograph"},{"floor":26.0,"key":"Regal Pillow"},{"floor":28.0,"key":"Omamori"},{"floor":30.0,"key":"Incense Burner"},{"floor":31.0,"key":"Strawberry"},{"floor":41.0,"key":"Gambling Chip"},{"floor":43.0,"key":"Bronze Scales"}],"event_choices":[{"event_name":"The Woman in Blue","player_choice":"Bought 2 Potions","floor":4.0,"damage_taken":0.0},{"event_name":"Colosseum","player_choice":"Fight","floor":19.0,"damage_taken":0.0},{"event_name":"Colosseum","player_choice":"Fought Nobs","floor":19.0,"damage_taken":0.0},{"event_name":"Ghosts","player_choice":"Ignored","floor":25.0,"damage_taken":0.0},{"event_name":"Tomb of Lord Red Mask","player_choice":"Paid","floor":36.0,"damage_taken":0.0},{"event_name":"Falling","player_choice":"Removed Skill","floor":37.0,"damage_taken":0.0},{"event_name":"SensoryStone","player_choice":"Memory 1","floor":39.0,"damage_taken":0.0},{"event_name":"MindBloom","player_choice":"Fight","floor":41.0,"damage_taken":0.0},{"event_name":"Mysterious Sphere","player_choice":"Ignore","floor":48.0,"damage_taken":0.0}],"is_beta":false,"boss_relics":[{"not_picked":["Runic Pyramid","Black Star"],"picked":"Ectoplasm"},{"not_picked":["Calling Bell","Fusion Hammer"],"picked":"Tiny House"}],"items_purged_floors":[],"is_endless":false,"potions_floor_spawned":[2,5,11,16,19,24,28,30,33,35],"ascension_level":5}