{"gold_per_floor":[117,137,137,151,151,151,176,176,176,208,208,133,152,184,184,284,284,298,298,298,298,313,342,342,372,442,459,134,134,59,71,71,71],"floor_reached":33,"playtime":1041,"items_purged":["Regret"],"score":386,"play_id":"fcff2a67-1a76-4d9b-b8de-949d9e6b6978","local_time":"20180815172721","is_ascension_mode":true,"campfire_choices":[{"floor":6,"key":"REST"},{"data":"Leap","floor":8,"key":"SMITH"},{"floor":15,"key":"REST"},{"floor":24,"key":"REST"},{"floor":29,"key":"REST"},{"floor":32,"key":"REST"}],"neow_cost":"NONE","seed_source_timestamp":327365588571814,"circlet_count":0,"master_deck":["Strike_B","Defend_B","Defend_B","Defend_B","Defend_B","Zap+1","Dualcast","Heatsinks","Doom and Gloom","Leap+1","Leap+1","White Noise","Self Repair","Self Repair","Echo Form","Beam Cell+1","Redo","Beam Cell+1","Ball Lightning+1","Creative AI+1","Consume","Conserve Battery+1"],"relics":["Cracked Core","Unceasing Top","Thread and Needle","Strawberry","Bronze Scales","Turnip","Inserter","Dream Catcher","Bag of Preparation","Frozen Egg 2","Ornamental Fan","Pear"],"potions_floor_usage":[10,18,18,33,33],"damage_taken":[{"damage":4,"enemies":"Small Slimes","floor":1,"turns":3},{"damage":2,"enemies":"2 Louse","floor":2,"turns":2},{"damage":1,"enemies":"Cultist","floor":4,"turns":4},{"damage":19,"enemies":"Lagavulin","floor":7,"turns":7},{"damage":4,"enemies":"3 Sentries","floor":10,"turns":4},{"damage":0,"enemies":"Blue Slaver","floor":13,"turns":3},{"damage":16,"enemies":"Lagavulin","floor":14,"turns":6},{"damage":13,"enemies":"Slime Boss","floor":16,"turns":11},{"damage":0,"enemies":"3 Byrds","floor":18,"turns":2},{"damage":19,"enemies":"2 Thieves","floor":22,"turns":4},{"damage":40,"enemies":"Slavers","floor":23,"turns":4},{"damage":47,"enemies":"Book of Stabbing","floor":25,"turns":6},{"damage":18,"enemies":"3 Cultists","floor":27,"turns":5},{"damage":24,"enemies":"Snake Plant","floor":31,"turns":4},{"damage":92,"enemies":"Collector","floor":33,"turns":6}],"seed_played":"-3122544615249342537","potions_obtained":[{"floor":1,"key":"SkillPotion"},{"floor":10,"key":"Strength Potion"},{"floor":13,"key":"AttackPotion"},{"floor":16,"key":"Poison Potion"},{"floor":25,"key":"LiquidBronze"},{"floor":31,"key":"PowerPotion"}],"is_trial":false,"path_per_floor":["M","M","?","M","?","R","E","R","T","E","?","$","M","E","R","B",null,"M","?","?","?","M","E","R","E","T","M","$","R","?","M","R"],"character_chosen":"DEFECT","items_purchased":["Consume","Pear"],"campfire_rested":5,"item_purchase_floors":[28,28],"current_hp_per_floor":[71,69,62,61,46,68,49,49,49,52,52,52,52,43,67,68,82,82,82,82,82,77,44,68,28,28,24,34,61,61,58,85,0],"gold":71,"neow_bonus":"TRANSFORM_CARD","is_prod":false,"is_daily":false,"chose_seed":false,"campfire_upgraded":1,"win_rate":0,"timestamp":1534346841,"path_taken":["M","M","?","M","?","R","E","R","T","E","?","$","?","E","R","BOSS","M","?","?","?","M","E","R","E","T","M","$","R","?","M","R","BOSS"],"build_version":"2018-08-14","purchased_purges":1,"victory":false,"max_hp_per_floor":[75,75,75,75,75,75,75,75,75,82,82,82,82,82,82,82,82,82,82,82,82,82,82,82,82,82,82,92,92,92,92,92,92],"card_choices":[{"not_picked":["Recycle","Ball Lightning"],"picked":"Doom and Gloom","floor":1},{"not_picked":["Static Discharge","Go for the Eyes"],"picked":"Leap","floor":2},{"not_picked":["Beam Cell","Streamline"],"picked":"Leap","floor":4},{"not_picked":["Capacitor","Stack"],"picked":"White Noise","floor":7},{"not_picked":["Streamline","Sweeping Beam","Aggregate"],"picked":"SKIP","floor":10},{"not_picked":["Compile Driver","Ball Lightning"],"picked":"Self Repair","floor":13},{"not_picked":["Ball Lightning","Heatsinks"],"picked":"Self Repair","floor":14},{"not_picked":["Hyperbeam","Multi-Cast"],"picked":"Echo Form","floor":16},{"not_picked":["Barrage","Leap+1"],"picked":"Beam Cell+1","floor":18},{"not_picked":["Undo","Stack"],"picked":"Ball Lightning+1","floor":22},{"not_picked":["Hologram","Conserve Battery","Gash+1"],"picked":"SKIP","floor":23},{"not_picked":["Leap","Lockon+1","Stack"],"picked":"SKIP","floor":25},{"not_picked":["Sweeping Beam","Redo"],"picked":"Creative AI+1","floor":27},{"not_picked":["Stack","Hologram","Auto Shields"],"picked":"SKIP","floor":31},{"not_picked":["Beam Cell","Skim+1"],"picked":"Conserve Battery+1","floor":32}],"player_experience":67122,"relics_obtained":[{"floor":7,"key":"Unceasing Top"},{"floor":9,"key":"Thread and Needle"},{"floor":10,"key":"Strawberry"},{"floor":14,"key":"Turnip"},{"floor":23,"key":"Bag of Preparation"},{"floor":25,"key":"Frozen Egg 2"},{"floor":26,"key":"Ornamental Fan"}],"event_choices":[{"event_name":"Golden Wing","player_choice":"Card Removal","floor":3,"damage_taken":0},{"event_name":"Shining Light","player_choice":"Entered Light","floor":5,"damage_taken":0},{"event_name":"Big Fish","player_choice":"Box","floor":11,"damage_taken":0},{"event_name":"The Library","player_choice":"Read","floor":19,"damage_taken":0},{"event_name":"Duplicator","player_choice":"One dupe","floor":20,"damage_taken":0},{"event_name":"The Mausoleum","player_choice":"Yes","floor":21,"damage_taken":0},{"event_name":"Beggar","player_choice":"Gave Gold","floor":30,"damage_taken":0}],"is_beta":true,"boss_relics":[{"not_picked":["Coffee Dripper","Empty Cage"],"picked":"Inserter"}],"items_purged_floors":[12],"is_endless":false,"potions_floor_spawned":[1,10,13,16,25,31],"killed_by":"Collector","ascension_level":4}