{"path_per_floor":["M","M","M","M","?","R","M","R","T","?","M","?","M","?","R"],"character_chosen":"IRONCLAD","items_purchased":[],"gold_per_floor":[118,130,149,167,167,167,187,187,212,240,252,252,270,270,270],"floor_reached":16,"campfire_rested":0,"playtime":1077,"current_hp_per_floor":[79,77,69,55,52,52,53,53,53,46,51,44,48,48,48],"items_purged":[],"gold":270,"play_id":"cd05e6b0-0c1b-4384-9efd-d278dbbdb487","is_prod":false,"is_daily":false,"campfire_rituals":0,"campfire_upgraded":3,"is_hardmode":false,"path_taken":["M","M","M","M","?","R","M","R","T","?","M","?","M","?","R","BOSS"],"build_version":"2018-01-11-PROD2","purchased_purges":0,"victory":false,"master_deck":["Strike_R","Strike_R","Strike_R","Strike_R","Defend_R","Defend_R","Defend_R","Defend_R","Bash","Iron Wave","Feel No Pain","Heavy Blade","Clash","Sword Boomerang","Heavy Blade","Headbutt","Power Through"],"max_hp_per_floor":[80,80,80,80,80,80,80,80,80,80,80,80,80,80,80],"relics":["Burning Blood","Toxic Egg","Juzu Bracelet","Orichalcum","Odd Mushroom"],"campfire_meditates":0,"card_choices":[{"not_picked":["Uppercut","True Grit"],"picked":"Iron Wave"},{"not_picked":["Blood for Blood","Thunderclap"],"picked":"Feel No Pain"},{"not_picked":["Flame Barrier","Whirlwind"],"picked":"Heavy Blade"},{"not_picked":["Anger","Iron Wave"],"picked":"Clash"},{"not_picked":["Clothesline","Anger"],"picked":"Sword Boomerang"},{"not_picked":["Flame Barrier","Brutality"],"picked":"Heavy Blade"},{"not_picked":["Body Slam","Twin Strike"],"picked":"Headbutt"},{"not_picked":["Wild Strike","Dual Wield"],"picked":"Power Through"}],"player_experience":49896,"potions_floor_usage":[16,16,16],"damage_taken":[{"damage":7.0,"enemies":"Cultist","floor":1.0,"turns":4.0},{"damage":8.0,"enemies":"Jaw Worm","floor":2.0,"turns":3.0},{"damage":14.0,"enemies":"Small Slimes","floor":3.0,"turns":4.0},{"damage":20.0,"enemies":"Gremlin Gang","floor":4.0,"turns":6.0},{"damage":5.0,"enemies":"Looter","floor":7.0,"turns":3.0},{"damage":13.0,"enemies":"The Mushroom Lair","floor":10.0,"turns":4.0},{"damage":1.0,"enemies":"2 Fungi Beasts","floor":11.0,"turns":2.0},{"damage":2,"enemies":"3 Louse","floor":13,"turns":2},{"damage":70,"enemies":"Hexaghost","floor":16,"turns":11}],"event_choices":[{"event_name":"Scrap Ooze","player_choice":"success","floor":5.0,"damage_taken":3.0},{"event_name":"Mushrooms","player_choice":"Fought Mushrooms","floor":10.0,"damage_taken":0.0},{"event_name":"Golden Wing","player_choice":"Card Removal","floor":12.0,"damage_taken":0.0},{"event_name":"Golden Idol","player_choice":"Ignored","floor":14,"damage_taken":0}],"boss_relics":[],"potions_floor_spawned":[1,7,10,11,13],"seed_played":"-7545134505568426311","killed_by":"Hexaghost","is_trial":false}