{"gold_per_floor":[211,73,90,105,105,105,117,117,142,142,103,103,114,149,149,222,222,241,19,19,19,35,70,70,70],"floor_reached":25,"playtime":878,"items_purged":[],"score":416,"play_id":"69a87b41-b8e6-4dc7-bb81-6e892198b02c","local_time":"20181112154025","is_ascension_mode":true,"campfire_choices":[{"data":"Riddle With Holes","floor":6.0,"key":"SMITH"},{"data":"Footwork","floor":8.0,"key":"SMITH"},{"data":"Dodge and Roll","floor":10.0,"key":"SMITH"},{"data":"Noxious Fumes","floor":12.0,"key":"SMITH"},{"floor":15.0,"key":"REST"},{"data":"Envenom","floor":24.0,"key":"SMITH"}],"neow_cost":"NONE","seed_source_timestamp":0,"circlet_count":0,"master_deck":["AscendersBane","Survivor","Neutralize","Footwork+1","Footwork","Dodge and Roll+1","Dash","Riddle With Holes+1","Backstab","Noxious Fumes+1","Riddle With Holes","Bouncing Flask","Envenom+1","Underhanded Strike","Dash","Poisoned Stab","Dagger Spray","Backflip","Poisoned Stab","Bane","Dodge and Roll","Underhanded Strike","Calculated Gamble","Writhe","Choke","Deflect"],"special_seed":0,"relics":["Ring of the Snake","Art of War","Bag of Marbles","Pandora\u0027s Box","TwistedFunnel","Vajra","Tough Bandages"],"potions_floor_usage":[25],"damage_taken":[{"damage":0.0,"enemies":"2 Louse","floor":1.0,"turns":4.0},{"damage":7.0,"enemies":"Jaw Worm","floor":3.0,"turns":9.0},{"damage":2.0,"enemies":"Cultist","floor":4.0,"turns":4.0},{"damage":14.0,"enemies":"Large Slime","floor":7.0,"turns":9.0},{"damage":6.0,"enemies":"Exordium Wildlife","floor":13.0,"turns":3.0},{"damage":2.0,"enemies":"Lagavulin","floor":14.0,"turns":7.0},{"damage":18.0,"enemies":"Slime Boss","floor":16.0,"turns":8.0},{"damage":6.0,"enemies":"3 Byrds","floor":18.0,"turns":4.0},{"damage":7.0,"enemies":"2 Thieves","floor":22.0,"turns":4.0},{"damage":11.0,"enemies":"Slavers","floor":23.0,"turns":7.0},{"damage":38,"enemies":"Book of Stabbing","floor":25,"turns":7}],"seed_played":"-5552294064310201420","potions_obtained":[{"floor":1.0,"key":"GhostInAJar"},{"floor":4.0,"key":"SkillPotion"},{"floor":14.0,"key":"Fire Potion"},{"floor":16.0,"key":"AttackPotion"},{"floor":23.0,"key":"Weak Potion"}],"is_trial":false,"path_per_floor":["M","$","M","M","?","R","M","R","T","R","$","R","M","E","R","B",null,"M","$","?","?","M","E","R","E"],"character_chosen":"THE_SILENT","items_purchased":["Footwork","Dodge and Roll","Noxious Fumes","TwistedFunnel"],"campfire_rested":1,"item_purchase_floors":[2,2,11,19],"current_hp_per_floor":[59,59,52,50,50,50,36,36,36,36,36,36,30,28,47,29,57,51,51,51,51,44,33,33,0],"gold":70,"neow_bonus":"HUNDRED_GOLD","is_prod":false,"is_daily":false,"chose_seed":false,"campfire_upgraded":5,"win_rate":0,"timestamp":1542055225,"path_taken":["M","$","M","M","?","R","M","R","T","R","$","R","M","E","R","BOSS","M","$","?","?","?","E","R","E"],"build_version":"2018-11-08","purchased_purges":0,"victory":false,"max_hp_per_floor":[66,66,66,66,66,66,66,66,66,66,66,66,66,66,66,66,66,66,66,66,66,66,66,66,66],"card_choices":[{"not_picked":["Escape Plan","Dodge and Roll"],"picked":"Footwork","floor":1.0},{"not_picked":["Caltrops","Sucker Punch"],"picked":"Dash","floor":3.0},{"not_picked":["Slice","Flying Knee"],"picked":"Riddle With Holes","floor":4.0},{"not_picked":["Deflect","Distraction"],"picked":"Backstab","floor":7.0},{"not_picked":["Quick Slash","Acrobatics"],"picked":"Riddle With Holes","floor":13.0},{"not_picked":["Finisher","Heel Hook"],"picked":"Bouncing Flask","floor":14.0},{"not_picked":["Phantasmal Killer","Burst"],"picked":"Envenom","floor":16.0},{"not_picked":["Flying Knee","Skewer"],"picked":"Calculated Gamble","floor":18.0},{"not_picked":["Outmaneuver","Quick Slash"],"picked":"Deflect","floor":22.0},{"not_picked":["Bane","Heel Hook","Dagger Throw"],"picked":"SKIP","floor":23.0}],"player_experience":718325,"relics_obtained":[{"floor":9.0,"key":"Art of War"},{"floor":14.0,"key":"Bag of Marbles"},{"floor":23.0,"key":"Tough Bandages"}],"event_choices":[{"damage_healed":0.0,"max_hp_gain":0.0,"max_hp_loss":0.0,"gold_gain":0.0,"event_name":"Liars Game","player_choice":"Ignored","floor":5.0,"gold_loss":0.0,"damage_taken":0.0},{"damage_healed":0.0,"max_hp_gain":0.0,"max_hp_loss":0.0,"gold_gain":0.0,"event_name":"The Mausoleum","player_choice":"Opened","floor":20.0,"gold_loss":0.0,"damage_taken":0.0,"relics_obtained":["Vajra"],"cards_obtained":["Writhe"]},{"damage_healed":0.0,"max_hp_gain":0.0,"max_hp_loss":0.0,"gold_gain":0.0,"cards_transformed":["Setup"],"event_name":"Transmorgrifier","player_choice":"Transformed","floor":21.0,"gold_loss":0.0,"damage_taken":0.0,"cards_obtained":["Choke"]}],"is_beta":false,"boss_relics":[{"not_picked":["Ectoplasm","Lizard Tail"],"picked":"Pandora\u0027s Box"}],"items_purged_floors":[],"is_endless":false,"potions_floor_spawned":[1,4,14,16,23],"killed_by":"Book of Stabbing","ascension_level":18}