{"gold_per_floor":[144,144,144,189,234,324,324,369,369,414,459,504,504,104,104,404,404,449,449,494,539,584,584,629,719,794,839,577,577],"floor_reached":29,"playtime":2046,"items_purged":[],"score":276,"play_id":"7a3d5444-3fd9-4a88-8d4d-c95cad0f3547","local_time":"20181227135801","daily_mods":["Heirloom","Uncertain Future","Midas"],"is_ascension_mode":false,"campfire_choices":[{"floor":7,"key":"REST"},{"floor":13,"key":"REST"},{"floor":15,"key":"REST"},{"floor":23,"key":"REST"}],"neow_cost":"","seed_source_timestamp":0,"circlet_count":0,"master_deck":["Strike_R","Strike_R","Strike_R+1","Strike_R+1","Defend_R","Defend_R","Defend_R","Defend_R","Bash","True Grit","Dual Wield","Shockwave","Anger","Flex","Pommel Strike","True Grit","Double Tap","True Grit","Pommel Strike","Clothesline","Brutality","Warcry","Sentinel","Rampage","Corruption","Pummel","Flex","Second Wind","Whirlwind"],"special_seed":17892,"relics":["Burning Blood","Charon\u0027s Ashes","Dream Catcher","StoneCalendar","Ornamental Fan","Red Skull","Runic Dome","NlothsMask","Omamori","Orichalcum"],"potions_floor_usage":[22,25,25],"damage_taken":[{"damage":6,"enemies":"Jaw Worm","floor":1,"turns":4},{"damage":3,"enemies":"Small Slimes","floor":4,"turns":4},{"damage":3,"enemies":"Cultist","floor":5,"turns":4},{"damage":19,"enemies":"Gremlin Nob","floor":6,"turns":4},{"damage":8,"enemies":"Exordium Wildlife","floor":8,"turns":3},{"damage":0,"enemies":"Large Slime","floor":10,"turns":5},{"damage":0,"enemies":"Exordium Thugs","floor":11,"turns":3},{"damage":0,"enemies":"3 Louse","floor":12,"turns":2},{"damage":47,"enemies":"The Guardian","floor":16,"turns":9},{"damage":10,"enemies":"3 Byrds","floor":18,"turns":4},{"damage":10,"enemies":"Spheric Guardian","floor":20,"turns":4},{"damage":23,"enemies":"Snecko","floor":21,"turns":4},{"damage":18,"enemies":"Centurion and Healer","floor":22,"turns":5},{"damage":23,"enemies":"3 Cultists","floor":24,"turns":5},{"damage":37,"enemies":"Slavers","floor":25,"turns":4},{"damage":17,"enemies":"Chosen and Byrds","floor":27,"turns":5},{"damage":12,"enemies":"Shelled Parasite and Fungi","floor":29,"turns":2}],"seed_played":"-1575734639931517173","potions_obtained":[{"floor":6,"key":"SteroidPotion"},{"floor":8,"key":"Strength Potion"},{"floor":11,"key":"Explosive Potion"},{"floor":22,"key":"Weak Potion"},{"floor":25,"key":"Strength Potion"}],"is_trial":false,"path_per_floor":["M","?","?","M","M","E","R","M","T","M","M","M","R","$","R","B",null,"M","?","M","M","M","R","M","E","T","M","$","M"],"character_chosen":"IRONCLAD","items_purchased":["Ornamental Fan","Red Skull","Orichalcum","Second Wind","Whirlwind"],"campfire_rested":4,"item_purchase_floors":[14,14,28,28,28],"current_hp_per_floor":[80,64,64,67,70,57,80,78,78,80,80,80,80,80,80,39,80,76,76,72,55,43,67,50,19,19,8,8,0],"gold":577,"neow_bonus":"","is_prod":false,"is_daily":true,"chose_seed":false,"campfire_upgraded":0,"win_rate":0,"timestamp":1545937081,"path_taken":["M","?","?","?","M","E","R","M","T","M","M","M","R","$","R","BOSS","M","?","M","M","M","R","M","E","T","?","$","M"],"build_version":"2018-12-20","purchased_purges":0,"victory":false,"max_hp_per_floor":[80,80,80,80,80,80,80,80,80,80,80,80,80,80,80,80,80,80,80,80,80,80,80,80,80,80,80,80,80],"card_choices":[{"not_picked":["Armaments","Rage"],"picked":"True Grit","floor":1},{"not_picked":["Havoc","Cleave"],"picked":"Shockwave","floor":4},{"not_picked":["Headbutt","Double Tap"],"picked":"Anger","floor":5},{"not_picked":["Fire Breathing","Bloodletting"],"picked":"Flex","floor":6},{"not_picked":["Shockwave","Iron Wave"],"picked":"Pommel Strike","floor":7},{"not_picked":["Headbutt","Shrug It Off","Combust"],"picked":"SKIP","floor":8},{"not_picked":["Wild Strike","Searing Blow"],"picked":"True Grit","floor":10},{"not_picked":["Uppercut","Warcry"],"picked":"Double Tap","floor":11},{"not_picked":["Heavy Blade","Cleave"],"picked":"True Grit","floor":12},{"not_picked":["Clash","True Grit"],"picked":"Pommel Strike","floor":13},{"not_picked":["Perfected Strike","Clash"],"picked":"Clothesline","floor":15},{"not_picked":["Limit Break","Immolate"],"picked":"Brutality","floor":16},{"not_picked":["Wild Strike","Perfected Strike"],"picked":"Warcry","floor":18},{"not_picked":["Iron Wave+1","Shrug It Off+1"],"picked":"Sentinel","floor":20},{"not_picked":["Iron Wave","Armaments+1","Clash"],"picked":"SKIP","floor":21},{"not_picked":["Intimidate","Wild Strike"],"picked":"Rampage","floor":22},{"not_picked":["Iron Wave","Thunderclap"],"picked":"Corruption","floor":23},{"not_picked":["Sever Soul","Heavy Blade"],"picked":"Pummel","floor":24},{"not_picked":["Juggernaut","Body Slam"],"picked":"Flex","floor":25},{"not_picked":["Perfected Strike","Heavy Blade","Wild Strike"],"picked":"SKIP","floor":27}],"player_experience":44388,"relics_obtained":[{"floor":6,"key":"Dream Catcher"},{"floor":9,"key":"StoneCalendar"},{"floor":25,"key":"Omamori"}],"event_choices":[{"damage_healed":0,"gold_gain":0,"player_choice":"Entered Light","damage_taken":16,"max_hp_gain":0,"max_hp_loss":0,"event_name":"Shining Light","floor":2,"gold_loss":0,"cards_upgraded":["Strike_R","Strike_R"]},{"damage_healed":0,"gold_gain":0,"cards_transformed":["Strike_R"],"player_choice":"Change","damage_taken":0,"max_hp_gain":0,"max_hp_loss":0,"event_name":"Living Wall","floor":3,"gold_loss":0,"cards_obtained":["Dual Wield"]},{"damage_healed":0,"gold_gain":0,"player_choice":"Trade","damage_taken":0,"relics_obtained":["NlothsMask"],"max_hp_gain":0,"max_hp_loss":0,"event_name":"FaceTrader","floor":19,"gold_loss":0}],"is_beta":false,"boss_relics":[{"not_picked":["Empty Cage","Orrery"],"picked":"Runic Dome"}],"items_purged_floors":[],"is_endless":false,"potions_floor_spawned":[6,8,11,16,20,22,25],"killed_by":"Shelled Parasite and Fungi","ascension_level":0}