{"gold_per_floor":[113,131,18,18,29,64,76,88,123,135,158,170,196,12,12,110,110,124,0,0,14,30,30,30],"floor_reached":24,"playtime":936,"items_purged":["Strike_G","Strike_G"],"score":196,"play_id":"ce9f272c-6109-4214-96a7-22207934e582","local_time":"20190326161452","is_ascension_mode":false,"campfire_choices":[{"floor":10,"key":"RECALL"},{"floor":12,"key":"REST"},{"data":"Phantasmal Killer","floor":15,"key":"SMITH"},{"data":"A Thousand Cuts","floor":23,"key":"SMITH"}],"neow_cost":"NONE","seed_source_timestamp":227011241472800,"circlet_count":0,"master_deck":["Defend_G","Defend_G","Defend_G","Defend_G","Defend_G+1","Strike_G","Strike_G","Strike_G","Survivor","Neutralize","Infinite Blades","Well Laid Plans","Phantasmal Killer+1","Deadly Poison","Backflip","Bane","Choke","Outmaneuver","A Thousand Cuts+1","Underhanded Strike","Underhanded Strike","Dagger Throw"],"relics":["White Beast Statue","MawBank","Dream Catcher","Coffee Dripper"],"potions_floor_usage":[6,6,6,16,16,22,22],"damage_taken":[{"damage":2,"enemies":"Small Slimes","floor":1,"turns":4},{"damage":1,"enemies":"Cultist","floor":2,"turns":4},{"damage":7,"enemies":"2 Louse","floor":5,"turns":3},{"damage":55,"enemies":"Lagavulin","floor":6,"turns":13},{"damage":17,"enemies":"Looter","floor":11,"turns":4},{"damage":3,"enemies":"Red Slaver","floor":13,"turns":5},{"damage":39,"enemies":"Hexaghost","floor":16,"turns":8},{"damage":23,"enemies":"3 Byrds","floor":18,"turns":5},{"damage":20,"enemies":"Shell Parasite","floor":21,"turns":4},{"damage":25,"enemies":"Snecko","floor":22,"turns":5},{"damage":0,"enemies":"Snake Plant","floor":24,"turns":1}],"seed_played":"4630132189884737742","potions_obtained":[{"floor":1,"key":"Regen Potion"},{"floor":2,"key":"Explosive Potion"},{"floor":5,"key":"EssenceOfSteel"},{"floor":6,"key":"Explosive Potion"},{"floor":11,"key":"PowerPotion"},{"floor":13,"key":"FearPotion"},{"floor":16,"key":"GamblersBrew"},{"floor":18,"key":"AttackPotion"},{"floor":22,"key":"Poison Potion"}],"is_trial":false,"path_per_floor":["M","M","$","?","M","E","?","?","T","R","M","R","M","$","R","B",null,"M","?","?","M","M","R","M"],"character_chosen":"THE_SILENT","items_purchased":["Well Laid Plans","Choke","Outmaneuver"],"campfire_rested":1,"item_purchase_floors":[3,14,14],"current_hp_per_floor":[68,67,67,67,60,20,43,40,40,40,23,44,41,41,41,2,70,47,47,47,27,2,2,2],"gold":30,"neow_bonus":"BOSS_RELIC","is_prod":false,"is_daily":false,"chose_seed":false,"campfire_upgraded":2,"win_rate":0,"timestamp":1553588092,"path_taken":["M","M","$","?","?","E","?","?","T","R","M","R","M","$","R","BOSS","M","?","?","?","M","R","?"],"build_version":"2019-01-23","purchased_purges":2,"victory":false,"max_hp_per_floor":[70,70,70,70,70,70,70,70,70,70,70,70,70,70,70,70,70,70,70,70,70,70,70,70],"card_choices":[{"not_picked":["Dagger Spray","Dodge and Roll"],"picked":"Infinite Blades","floor":1},{"not_picked":["Slice","Backstab","All Out Attack"],"picked":"SKIP","floor":2},{"not_picked":["Sucker Punch","Dagger Spray","Slice"],"picked":"SKIP","floor":5},{"not_picked":["Dagger Throw","Slice"],"picked":"Phantasmal Killer","floor":6},{"not_picked":["Calculated Gamble","Backflip"],"picked":"Deadly Poison","floor":11},{"not_picked":["Prepared","PiercingWail"],"picked":"Backflip","floor":12},{"not_picked":["Deflect","Skewer"],"picked":"Bane","floor":13},{"not_picked":["Wraith Form v2","Unload"],"picked":"A Thousand Cuts","floor":16},{"not_picked":["Deadly Poison+1","Flying Knee"],"picked":"Underhanded Strike","floor":18},{"not_picked":["Masterful Stab","Sucker Punch+1"],"picked":"Underhanded Strike","floor":21},{"not_picked":["Bane","Deadly Poison+1"],"picked":"Dagger Throw","floor":22}],"player_experience":433307,"relics_obtained":[{"floor":6,"key":"MawBank"}],"event_choices":[{"damage_healed":0,"gold_gain":0,"player_choice":"Forge","damage_taken":0,"max_hp_gain":0,"max_hp_loss":0,"event_name":"Accursed Blacksmith","floor":4,"gold_loss":0,"cards_upgraded":["Defend_G"]},{"damage_healed":23,"gold_gain":0,"player_choice":"Banana","damage_taken":0,"max_hp_gain":0,"max_hp_loss":0,"event_name":"Big Fish","floor":7,"gold_loss":0},{"damage_healed":0,"gold_gain":0,"player_choice":"Success","damage_taken":3,"relics_obtained":["Dream Catcher"],"max_hp_gain":0,"max_hp_loss":0,"event_name":"Scrap Ooze","floor":8,"gold_loss":0},{"damage_healed":0,"gold_gain":0,"player_choice":"Paid Fearfully","damage_taken":0,"max_hp_gain":0,"max_hp_loss":0,"event_name":"Masked Bandits","floor":19,"gold_loss":124},{"damage_healed":0,"gold_gain":0,"player_choice":"Got Potions","damage_taken":0,"max_hp_gain":0,"max_hp_loss":0,"event_name":"Lab","floor":20,"gold_loss":0}],"is_beta":false,"boss_relics":[{"not_picked":["Tiny House","Velvet Choker"],"picked":"Coffee Dripper"}],"items_purged_floors":[3,14],"is_endless":false,"potions_floor_spawned":[1,2,5,6,11,13,16,18,21,22],"killed_by":"Snake Plant","ascension_level":0}