{"gold_per_floor":[110,69,69,88,88,113,38,64,64,74,74,108,108,135,135,212,212,212,212,212,212,112,140,156,156,183,183],"floor_reached":27,"playtime":1030,"items_purged":["Strike_G","Expertise"],"score":785,"play_id":"061f91c9-e1bb-41eb-9f7b-1917dd929ca9","local_time":"20190414190358","is_ascension_mode":true,"campfire_choices":[{"data":"Catalyst","floor":15.0,"key":"SMITH"},{"data":"Calculated Gamble","floor":25,"key":"SMITH"}],"neow_cost":"NONE","seed_source_timestamp":0,"circlet_count":0,"master_deck":["AscendersBane","Survivor+1","Neutralize","Deflect","Noxious Fumes","Escape Plan","Caltrops","Catalyst+1","Backflip","Malaise","Prepared","Calculated Gamble+1","A Thousand Cuts","Poisoned Stab","Tools of the Trade","Cloak And Dagger","Expertise","PiercingWail"],"special_seed":0,"relics":["Runic Pyramid","Pear","Regal Pillow","Kunai","Anchor","Bronze Scales","Pandora\u0027s Box","Bottled Flame","Oddly Smooth Stone"],"potions_floor_usage":[],"damage_taken":[{"damage":2.0,"enemies":"Jaw Worm","floor":1.0,"turns":4.0},{"damage":0.0,"enemies":"Cultist","floor":4.0,"turns":4.0},{"damage":0.0,"enemies":"Lagavulin","floor":6.0,"turns":8.0},{"damage":30.0,"enemies":"3 Sentries","floor":8.0,"turns":9.0},{"damage":1.0,"enemies":"2 Louse","floor":10.0,"turns":4.0},{"damage":0.0,"enemies":"Lagavulin","floor":12.0,"turns":9.0},{"damage":33.0,"enemies":"Gremlin Nob","floor":14.0,"turns":6.0},{"damage":0.0,"enemies":"Hexaghost","floor":16.0,"turns":9.0},{"damage":0.0,"enemies":"2 Thieves","floor":18.0,"turns":1.0},{"damage":17.0,"enemies":"Colosseum Slavers","floor":21.0,"turns":6.0},{"damage":0,"enemies":"Book of Stabbing","floor":23,"turns":6},{"damage":1,"enemies":"Shell Parasite","floor":24,"turns":5},{"damage":2,"enemies":"Slavers","floor":27,"turns":3}],"seed_played":"-6712122456890671665","potions_obtained":[{"floor":4.0,"key":"Strength Potion"},{"floor":5.0,"key":"Fruit Juice"},{"floor":5.0,"key":"Block Potion"},{"floor":6.0,"key":"GamblersBrew"},{"floor":14.0,"key":"SmokeBomb"},{"floor":23,"key":"Strength Potion"}],"is_trial":false,"path_per_floor":["M","$","?","M","?","E","$","E","T","M","?","E","?","E","R","B",null,"M","?","?","?","$","E","M","R","T","E"],"character_chosen":"THE_SILENT","items_purchased":["Noxious Fumes"],"campfire_rested":0,"item_purchase_floors":[2],"current_hp_per_floor":[57,57,57,57,62,72,72,42,42,41,68,68,44,11,11,11,64,64,64,41,24,24,24,23,23,23,21],"gold":183,"neow_bonus":"BOSS_RELIC","is_prod":false,"is_daily":false,"chose_seed":true,"campfire_upgraded":2,"win_rate":0,"timestamp":1555239838,"path_taken":["M","$","?","?","?","E","?","E","T","M","?","E","?","E","R","BOSS","M","?","?","?","$","E","M","R","T","E"],"build_version":"2019-01-23","purchased_purges":2,"victory":false,"max_hp_per_floor":[66,66,66,66,71,81,81,81,81,81,81,81,81,81,81,81,81,81,81,86,86,86,86,86,86,86,86],"card_choices":[{"not_picked":["Leg Sweep","Dagger Throw"],"picked":"Deflect","floor":1.0},{"not_picked":["All Out Attack","Accuracy"],"picked":"Escape Plan","floor":4.0},{"not_picked":["Slice","Backflip"],"picked":"Caltrops","floor":6.0},{"not_picked":["Underhanded Strike","Escape Plan"],"picked":"Catalyst","floor":8.0},{"not_picked":["Predator","Noxious Fumes"],"picked":"Backflip","floor":10.0},{"not_picked":["Slice","Acrobatics","Sucker Punch"],"picked":"SKIP","floor":12.0},{"not_picked":["Noxious Fumes","Backstab","PiercingWail"],"picked":"SKIP","floor":14.0},{"not_picked":["Bullet Time","Storm of Steel"],"picked":"Malaise","floor":16.0},{"not_picked":["Prepared","Underhanded Strike","Blur"],"picked":"SKIP","floor":24}],"player_experience":1388209,"relics_obtained":[{"floor":6.0,"key":"Pear"},{"floor":8.0,"key":"Regal Pillow"},{"floor":9.0,"key":"Kunai"},{"floor":12.0,"key":"Anchor"},{"floor":14.0,"key":"Bronze Scales"},{"floor":23,"key":"Bottled Flame"},{"floor":26,"key":"Oddly Smooth Stone"}],"event_choices":[{"cards_removed":["Strike_G"],"damage_healed":0.0,"max_hp_gain":0.0,"max_hp_loss":0.0,"gold_gain":0.0,"event_name":"Bonfire Elementals","player_choice":"Offered Basic","floor":3.0,"gold_loss":0.0,"damage_taken":0.0},{"damage_healed":0.0,"max_hp_gain":0.0,"max_hp_loss":0.0,"gold_gain":0.0,"event_name":"Lab","player_choice":"Got Potions","floor":5.0,"gold_loss":0.0,"damage_taken":0.0},{"damage_healed":27.0,"max_hp_gain":0.0,"max_hp_loss":0.0,"gold_gain":0.0,"event_name":"Big Fish","player_choice":"Banana","floor":11.0,"gold_loss":0.0,"damage_taken":0.0},{"damage_healed":0.0,"max_hp_gain":0.0,"max_hp_loss":0.0,"gold_gain":0.0,"event_name":"Shining Light","player_choice":"Entered Light","floor":13.0,"gold_loss":0.0,"damage_taken":24.0,"cards_upgraded":["Strike_G","Survivor"]},{"damage_healed":0.0,"max_hp_gain":0.0,"max_hp_loss":0.0,"gold_gain":0.0,"event_name":"The Library","player_choice":"Read","floor":19.0,"gold_loss":0.0,"damage_taken":0.0,"cards_obtained":["PiercingWail"]},{"damage_healed":0.0,"max_hp_gain":5.0,"max_hp_loss":0.0,"gold_gain":0.0,"event_name":"Forgotten Altar","player_choice":"Shed Blood","floor":20.0,"gold_loss":0.0,"damage_taken":28.0},{"damage_healed":0.0,"max_hp_gain":0.0,"max_hp_loss":0.0,"gold_gain":0.0,"event_name":"Colosseum","player_choice":"Fight","floor":21.0,"gold_loss":0.0,"damage_taken":0.0},{"damage_healed":0.0,"max_hp_gain":0.0,"max_hp_loss":0.0,"gold_gain":0.0,"event_name":"Colosseum","player_choice":"Fled From Nobs","floor":21.0,"gold_loss":0.0,"damage_taken":0.0}],"is_beta":false,"boss_relics":[{"not_picked":["Eternal Feather","Empty Cage"],"picked":"Pandora\u0027s Box"}],"items_purged_floors":[7,22],"is_endless":false,"potions_floor_spawned":[4,6,14,18,23],"killed_by":"Slavers","ascension_level":20}