{"path_per_floor":["M","M","M","M","M","E","R","?","T","M","M","$","?","M","R","B",null,"M","M","?","M","M"],"character_chosen":"IRONCLAD","items_purchased":["Body Slam","Weak Potion"],"gold_per_floor":[118,133,148,166,184,211,211,270,297,315,334,158,158,176,176,278,278,278,278,178,178,178],"floor_reached":23,"campfire_rested":0,"playtime":2820,"current_hp_per_floor":[70,79,76,78,75,58,58,58,58,68,67,67,67,74,74,62,96,91,96,96,83,67],"items_purged":["Strike_R"],"gold":178,"play_id":"90e2613d-a690-41ea-8525-fc8e81e24e40","is_prod":false,"is_daily":false,"campfire_rituals":0,"campfire_upgraded":2,"is_hardmode":false,"path_taken":["M","M","M","M","M","E","R","?","T","M","M","$","?","M","R","BOSS","M","M","?","M","M","E"],"build_version":"2018-01-11-PROD2","purchased_purges":1,"victory":false,"master_deck":["Strike_R","Strike_R","Strike_R","Strike_R","Defend_R","Defend_R","Defend_R","Defend_R","Bash","Feed","Armaments","Body Slam","Iron Wave","Headbutt","Shrug It Off","Dropkick","True Grit","Feel No Pain","Body Slam","Iron Wave","Double Tap","Pommel Strike","Metallicize","J.A.X.","Shrug It Off"],"max_hp_per_floor":[75,79,79,83,83,83,83,86,86,90,93,93,93,96,96,96,96,99,102,102,102,105],"relics":["Burning Blood","Letter Opener","Blood Vial","Bag of Preparation","Ectoplasm"],"campfire_meditates":0,"card_choices":[{"not_picked":["Offering","Juggernaut"],"picked":"Feed"},{"not_picked":["Blood for Blood","Whirlwind"],"picked":"Armaments"},{"not_picked":["Clothesline","Dropkick"],"picked":"Body Slam"},{"not_picked":["Headbutt","Fire Breathing"],"picked":"Iron Wave"},{"not_picked":["Flex","Uppercut"],"picked":"Headbutt"},{"not_picked":["Body Slam","Battle Trance"],"picked":"Shrug It Off"},{"not_picked":["Anger","Combust"],"picked":"Dropkick"},{"not_picked":["Warcry","Headbutt"],"picked":"True Grit"},{"not_picked":["Armaments","Dual Wield"],"picked":"Feel No Pain"},{"not_picked":["Twin Strike","Armaments"],"picked":"Iron Wave"},{"not_picked":["Limit Break","Dark Embrace"],"picked":"Double Tap"},{"not_picked":["Iron Wave","Sever Soul"],"picked":"Pommel Strike"},{"not_picked":["Body Slam","Anger"],"picked":"Metallicize"},{"not_picked":["Clothesline","Perfected Strike"],"picked":"Shrug It Off"}],"player_experience":11347,"potions_floor_usage":[14,16,22,23],"damage_taken":[{"damage":11.0,"enemies":"Jaw Worm","floor":1.0,"turns":2.0},{"damage":0.0,"enemies":"2 Louse","floor":2.0,"turns":2.0},{"damage":9.0,"enemies":"Cultist","floor":3.0,"turns":4.0},{"damage":8.0,"enemies":"Exordium Wildlife","floor":4.0,"turns":5.0},{"damage":9.0,"enemies":"Red Slaver","floor":5.0,"turns":5.0},{"damage":23.0,"enemies":"Lagavulin","floor":6.0,"turns":7.0},{"damage":11.0,"enemies":"Gremlin Nob","floor":8.0,"turns":4.0},{"damage":2,"enemies":"3 Louse","floor":10,"turns":4},{"damage":12,"enemies":"Exordium Thugs","floor":11,"turns":5},{"damage":4,"enemies":"Exordium Wildlife","floor":14,"turns":3},{"damage":20,"enemies":"The Guardian","floor":16,"turns":11},{"damage":14,"enemies":"3 Byrds","floor":18,"turns":7},{"damage":6,"enemies":"Shell Parasite","floor":19,"turns":6},{"damage":21,"enemies":"Centurion and Healer","floor":21,"turns":11},{"damage":27,"enemies":"Snake Plant","floor":22,"turns":6},{"damage":84,"enemies":"Gremlin Leader","floor":23,"turns":10}],"event_choices":[{"event_name":"Dead Adventurer","player_choice":"Searched \u00272\u0027 times","floor":8.0,"damage_taken":0.0},{"event_name":"Liars Game","player_choice":"disagreed","floor":13,"damage_taken":0},{"event_name":"Drug Dealer","player_choice":"Got JAXXED","floor":20,"damage_taken":0}],"boss_relics":[{"not_picked":["Runic Dome","Sozu"],"picked":"Ectoplasm"}],"potions_floor_spawned":[1,2,4,5,10,11,14,21],"seed_played":"-3597205513049132892","killed_by":"Gremlin Leader","is_trial":false}