{"gold_per_floor":[114,114,289,303,320,320,334,334,334,334,352,147,147,166,166,266,266,279,204,220,237,252,252,252],"floor_reached":24,"playtime":1042,"items_purged":["Doubt"],"score":238,"play_id":"239a756a-64da-4af6-978d-8391e07306f4","local_time":"20180806144906","is_ascension_mode":true,"campfire_choices":[{"floor":6,"key":"REST"},{"data":"Zap","floor":8,"key":"SMITH"},{"floor":10,"key":"REST"},{"floor":13,"key":"REST"},{"data":"Conserve Battery","floor":15,"key":"SMITH"},{"floor":23,"key":"REST"}],"neow_cost":"FIFTY_PERCENT_DAMAGE","seed_source_timestamp":3465080067042,"circlet_count":0,"master_deck":["Strike_B","Strike_B","Defend_B","Defend_B","Zap+1","Dualcast","Rebound","Conserve Battery+1","Gash","Self Repair","Echo Form","Capacitor","Gash"],"relics":["FrozenCore","Smiling Mask","Dream Catcher"],"potions_floor_usage":[16,21,21,22],"damage_taken":[{"damage":0,"enemies":"Jaw Worm","floor":1,"turns":5},{"damage":6,"enemies":"Cultist","floor":4,"turns":3},{"damage":7,"enemies":"Small Slimes","floor":5,"turns":3},{"damage":13,"enemies":"2 Fungi Beasts","floor":7,"turns":3},{"damage":1,"enemies":"Looter","floor":11,"turns":4},{"damage":4,"enemies":"Lots of Slimes","floor":14,"turns":4},{"damage":36,"enemies":"Slime Boss","floor":16,"turns":7},{"damage":20,"enemies":"Spheric Guardian","floor":18,"turns":6},{"damage":0,"enemies":"Chosen","floor":20,"turns":7},{"damage":30,"enemies":"Snake Plant","floor":21,"turns":7},{"damage":56,"enemies":"Centurion and Healer","floor":22,"turns":8},{"damage":47,"enemies":"Gremlin Leader","floor":24,"turns":2}],"seed_played":"-1129140724865019704","potions_obtained":[{"floor":7,"key":"EssenceOfSteel"},{"floor":14,"key":"Fire Potion"},{"floor":16,"key":"Regen Potion"},{"floor":20,"key":"Weak Potion"}],"is_trial":false,"path_per_floor":["M","?","?","M","M","R","M","R","T","R","M","$","R","M","R","B",null,"M","?","M","M","M","R"],"character_chosen":"DEFECT","items_purchased":["Dream Catcher"],"campfire_rested":4,"item_purchase_floors":[12],"current_hp_per_floor":[38,31,31,25,18,40,27,27,27,49,48,48,70,66,66,37,66,60,60,67,65,23,45,0],"gold":252,"neow_bonus":"REMOVE_TWO","is_prod":false,"is_daily":false,"chose_seed":false,"campfire_upgraded":2,"win_rate":0,"timestamp":1533559746,"path_taken":["M","?","?","M","M","R","M","R","T","R","?","?","R","M","R","BOSS","M","?","M","M","?","R","E"],"build_version":"2018-08-02","purchased_purges":1,"victory":false,"max_hp_per_floor":[75,75,75,75,75,75,75,75,75,75,75,75,75,75,75,75,75,75,75,75,75,75,75,75],"card_choices":[{"not_picked":["Barrage","Go for the Eyes"],"picked":"Rebound","floor":1},{"not_picked":["Reinforced Body","Coolheaded","Darkness"],"picked":"SKIP","floor":4},{"not_picked":["Rip and Tear","Hologram","Coolheaded"],"picked":"SKIP","floor":5},{"not_picked":["Beam Cell","Hologram"],"picked":"Conserve Battery","floor":7},{"not_picked":["White Noise","Chaos"],"picked":"Gash","floor":11},{"not_picked":["Sunder","Hyperbeam"],"picked":"Self Repair","floor":13},{"not_picked":["Redo","Auto Shields","Barrage"],"picked":"SKIP","floor":14},{"not_picked":["Reboot","Multi-Cast"],"picked":"Echo Form","floor":16},{"not_picked":["Steam","Leap"],"picked":"Capacitor","floor":18},{"not_picked":["Consume+1","Turbo","Compile Driver"],"picked":"SKIP","floor":20},{"not_picked":["Cold Snap","Steam","Streamline"],"picked":"SKIP","floor":21},{"not_picked":["Barrage","Sweeping Beam"],"picked":"Gash","floor":22}],"player_experience":376536,"relics_obtained":[{"floor":9,"key":"Smiling Mask"}],"event_choices":[{"event_name":"Golden Wing","player_choice":"Card Removal","floor":2,"damage_taken":0},{"event_name":"Liars Game","player_choice":"agreed","floor":3,"damage_taken":0},{"event_name":"Beggar","player_choice":"Gave Gold","floor":19,"damage_taken":0}],"is_beta":false,"boss_relics":[{"not_picked":["Runic Pyramid","Coffee Dripper"],"picked":"FrozenCore"}],"items_purged_floors":[12],"is_endless":false,"potions_floor_spawned":[7,14,16,20],"killed_by":"Gremlin Leader","ascension_level":5}