{"gold_per_floor":[109,109,109,126,46,75,75,46,46,46,76,126,141,141],"floor_reached":14,"playtime":230,"items_purged":[],"score":242,"play_id":"4225efde-4e00-4ba0-9900-f4977946b135","local_time":"20181222063835","is_ascension_mode":true,"campfire_choices":[{"data":"Defragment","floor":7,"key":"SMITH"},{"data":"Beam Cell","floor":10,"key":"SMITH"}],"neow_cost":"NONE","seed_source_timestamp":132962271376709,"circlet_count":0,"master_deck":["AscendersBane","Strike_B","Strike_B","Strike_B+1","Strike_B+1","Defend_B","Defend_B","Defend_B","Defend_B","Zap","Dualcast","Ball Lightning+1","Barrage","Defragment+1","Gash","Beam Cell+1","Fission","Steam"],"relics":["Cracked Core","NeowsBlessing","Blood Vial","Bronze Scales","Whetstone"],"potions_floor_usage":[14],"damage_taken":[{"damage":0,"enemies":"Cultist","floor":1,"turns":1},{"damage":0,"enemies":"Small Slimes","floor":4,"turns":1},{"damage":0,"enemies":"Lagavulin","floor":6,"turns":1},{"damage":45,"enemies":"3 Sentries","floor":11,"turns":6},{"damage":3,"enemies":"2 Louse","floor":13,"turns":2},{"damage":13,"enemies":"Exordium Thugs","floor":14,"turns":3}],"seed_played":"-3499074530291794291","potions_obtained":[{"floor":11,"key":"Regen Potion"},{"floor":13,"key":"Ancient Potion"}],"is_trial":false,"path_per_floor":["M","$","?","M","$","E","R","$","T","R","E","?","M","M"],"character_chosen":"DEFECT","items_purchased":["Defragment","Beam Cell"],"campfire_rested":0,"item_purchase_floors":[5,8],"current_hp_per_floor":[64,64,64,64,64,64,64,64,64,64,21,21,20,18],"gold":141,"neow_bonus":"THREE_ENEMY_KILL","is_prod":false,"is_daily":false,"chose_seed":false,"campfire_upgraded":2,"win_rate":0,"timestamp":1545478715,"path_taken":["M","?","?","M","$","E","R","$","T","R","E","?","M","M"],"build_version":"2018-12-20","purchased_purges":0,"victory":false,"max_hp_per_floor":[71,71,71,71,71,71,71,71,71,71,71,71,71,71],"card_choices":[{"not_picked":["Stack","Compile Driver"],"picked":"Ball Lightning","floor":1},{"not_picked":["Gash","Rebound"],"picked":"Barrage","floor":4},{"not_picked":["Lockon","Force Field"],"picked":"Gash","floor":6},{"not_picked":["Coolheaded","Blizzard"],"picked":"Fission","floor":11},{"not_picked":["Barrage","Coolheaded"],"picked":"Steam","floor":13}],"player_experience":793875,"relics_obtained":[{"floor":6,"key":"Blood Vial"},{"floor":9,"key":"Bronze Scales"},{"floor":11,"key":"Whetstone"}],"event_choices":[{"damage_healed":0,"gold_gain":0,"player_choice":"Grow","damage_taken":0,"max_hp_gain":0,"max_hp_loss":0,"event_name":"Living Wall","floor":3,"gold_loss":0,"cards_upgraded":["Ball Lightning"]},{"damage_healed":0,"gold_gain":50,"player_choice":"Pray","damage_taken":0,"max_hp_gain":0,"max_hp_loss":0,"event_name":"Golden Shrine","floor":12,"gold_loss":0}],"is_beta":false,"boss_relics":[],"items_purged_floors":[],"is_endless":false,"potions_floor_spawned":[11,13],"killed_by":"Exordium Thugs","ascension_level":20}