{"gold_per_floor":[14,14,14,27,43,43,71,71,71,102,102,120,120,132,132,204,204,224,224,237,119,34,34,34,54,105,30,30,65,75,94,94,168,168,181,181,193,193,211,211,245,245,325,325,335,335,345,360,360,360],"floor_reached":51,"playtime":2335,"items_purged":["Decay"],"score":1167,"play_id":"6f76ecba-8f25-494d-b954-613df65a013f","local_time":"20180924072543","is_ascension_mode":true,"campfire_choices":[{"data":"Scrape","floor":6.0,"key":"SMITH"},{"data":"Sunder","floor":11.0,"key":"SMITH"},{"floor":15.0,"key":"REST"},{"floor":23.0,"key":"REST"},{"data":"RitualDagger","floor":28.0,"key":"SMITH"},{"floor":32.0,"key":"REST"},{"data":"Rainbow","floor":40.0,"key":"SMITH"},{"floor":42.0,"key":"REST"},{"floor":49.0,"key":"REST"}],"neow_cost":"NO_GOLD","seed_source_timestamp":0,"circlet_count":0,"master_deck":["Defend_B","Defend_B","Defend_B","Zap+1","Dualcast","AscendersBane","Echo Form","Chaos+1","Steam","Scrape+1","Steam","Barrage","Sunder+1","Turbo","Amplify","Undo+1","Tempest+1","Cold Snap+1","Rebound+1","RitualDagger+1","Biased Cognition","Chill+1","Self Repair","Rainbow+1","Beam Cell+1","White Noise","Defragment","Beam Cell+1"],"special_seed":0,"relics":["Cracked Core","Mummified Hand","Smiling Mask","Pear","Pantograph","Astrolabe","Blue Candle","Lantern","Cables","Inserter","Singing Bowl","Symbiotic Virus","Pocketwatch"],"potions_floor_usage":[50],"damage_taken":[{"damage":6.0,"enemies":"Cultist","floor":1.0,"turns":4.0},{"damage":3.0,"enemies":"2 Louse","floor":4.0,"turns":3.0},{"damage":3.0,"enemies":"Small Slimes","floor":5.0,"turns":3.0},{"damage":8.0,"enemies":"Lagavulin","floor":7.0,"turns":5.0},{"damage":19.0,"enemies":"3 Sentries","floor":10.0,"turns":7.0},{"damage":26.0,"enemies":"Gremlin Gang","floor":12.0,"turns":4.0},{"damage":0.0,"enemies":"3 Louse","floor":14.0,"turns":3.0},{"damage":36.0,"enemies":"The Guardian","floor":16.0,"turns":7.0},{"damage":15.0,"enemies":"Chosen","floor":18.0,"turns":5.0},{"damage":6.0,"enemies":"2 Thieves","floor":20.0,"turns":4.0},{"damage":0.0,"enemies":"Snecko","floor":25.0,"turns":3.0},{"damage":16.0,"enemies":"Gremlin Leader","floor":29.0,"turns":6.0},{"damage":0.0,"enemies":"Snake Plant","floor":30.0,"turns":2.0},{"damage":10.0,"enemies":"Centurion and Healer","floor":31.0,"turns":5.0},{"damage":41.0,"enemies":"Champ","floor":33.0,"turns":9.0},{"damage":10.0,"enemies":"3 Darklings","floor":35.0,"turns":4.0},{"damage":10.0,"enemies":"Orb Walker","floor":37.0,"turns":4.0},{"damage":0.0,"enemies":"Transient","floor":39.0,"turns":5.0},{"damage":61.0,"enemies":"Nemesis","floor":41.0,"turns":7.0},{"damage":26.0,"enemies":"Reptomancer","floor":45.0,"turns":4.0},{"damage":38.0,"enemies":"Mind Bloom Boss Battle","floor":46.0,"turns":5.0},{"damage":5.0,"enemies":"3 Darklings","floor":47.0,"turns":3.0},{"damage":18.0,"enemies":"Spire Growth","floor":48.0,"turns":4.0},{"damage":62,"enemies":"Awakened One","floor":50,"turns":9}],"seed_played":"-7589708882466368733","potions_obtained":[{"floor":4.0,"key":"Weak Potion"},{"floor":5.0,"key":"Poison Potion"},{"floor":12.0,"key":"AttackPotion"},{"floor":14.0,"key":"Poison Potion"},{"floor":18.0,"key":"SteroidPotion"},{"floor":24.0,"key":"PowerPotion"},{"floor":24.0,"key":"EssenceOfSteel"},{"floor":29.0,"key":"SkillPotion"},{"floor":30.0,"key":"SpeedPotion"},{"floor":33.0,"key":"Block Potion"},{"floor":35.0,"key":"Poison Potion"},{"floor":41.0,"key":"FearPotion"},{"floor":46.0,"key":"SteroidPotion"}],"is_trial":false,"path_per_floor":["M","?","?","M","M","R","E","?","T","E","R","M","T","M","R","B",null,"M","?","M","$","?","R","?","M","T","$","R","E","M","M","R","B",null,"M","$","M","?","M","R","E","R","T","?","M","?","M","M","R","B"],"character_chosen":"DEFECT","items_purchased":["Biased Cognition","Self Repair"],"campfire_rested":5,"item_purchase_floors":[21,27],"current_hp_per_floor":[58,58,58,55,52,52,44,44,44,35,35,9,9,9,33,22,66,51,45,39,39,39,63,63,63,63,63,63,47,47,44,68,54,74,71,71,68,68,75,75,16,40,40,73,54,42,39,30,53,15],"gold":360,"neow_bonus":"TRANSFORM_TWO_CARDS","is_prod":false,"is_daily":false,"chose_seed":false,"campfire_upgraded":4,"win_rate":0,"timestamp":1537788343,"path_taken":["M","?","?","M","?","R","E","?","T","E","R","?","?","M","R","BOSS","M","?","M","$","?","R","?","M","T","$","R","E","M","?","R","BOSS","M","$","M","?","?","R","E","R","T","?","M","?","M","M","R","BOSS"],"build_version":"2018-09-20","purchased_purges":1,"victory":true,"max_hp_per_floor":[71,71,71,71,71,71,71,71,71,81,81,81,81,81,81,81,81,81,81,81,81,81,81,81,81,81,81,81,81,81,81,81,81,81,81,81,81,81,81,81,83,83,83,73,73,73,75,77,77,77],"card_choices":[{"not_picked":["Force Field","Turbo"],"picked":"Steam","floor":1.0},{"not_picked":["Double Energy","Stack"],"picked":"Scrape","floor":4.0},{"not_picked":["Rebound","Melter"],"picked":"Steam","floor":5.0},{"not_picked":["Steam","Chaos"],"picked":"Barrage","floor":7.0},{"not_picked":["Coolheaded","Machine Learning"],"picked":"Sunder","floor":10.0},{"not_picked":["Coolheaded","Hologram"],"picked":"Turbo","floor":12.0},{"not_picked":["Conserve Battery","Coolheaded","Redo"],"picked":"SKIP","floor":14.0},{"not_picked":["Reboot","Seek"],"picked":"Amplify","floor":16.0},{"not_picked":["Sweeping Beam","Stack"],"picked":"Rebound+1","floor":18.0},{"not_picked":["Steam Power","Ball Lightning","Heatsinks"],"picked":"SKIP","floor":20.0},{"not_picked":["Barrage","Conserve Battery"],"picked":"Chill+1","floor":25.0},{"not_picked":["Fusion","Cold Snap","Ball Lightning"],"picked":"SKIP","floor":29.0},{"not_picked":["Force Field","Gash","Aggregate"],"picked":"SKIP","floor":30.0},{"not_picked":["Stack","Amplify","Leap"],"picked":"SKIP","floor":31.0},{"not_picked":["Hyperbeam","Machine Learning"],"picked":"Rainbow","floor":33.0},{"not_picked":["Conserve Battery","Cold Snap","Skim"],"picked":"SKIP","floor":35.0},{"not_picked":["Storm+1","Defragment"],"picked":"Beam Cell+1","floor":37.0},{"not_picked":["Beam Cell","Fusion+1"],"picked":"White Noise","floor":39.0},{"not_picked":["Go for the Eyes","Self Repair","Compile Driver"],"picked":"Singing Bowl","floor":41.0},{"not_picked":["Chaos","Leap"],"picked":"Defragment","floor":45.0},{"not_picked":["Rebound+1","Core Surge"],"picked":"Beam Cell+1","floor":46.0},{"not_picked":["Force Field","Auto Shields+1","BootSequence"],"picked":"Singing Bowl","floor":47.0},{"not_picked":["Recycle","Cold Snap","Rebound"],"picked":"Singing Bowl","floor":48.0}],"player_experience":579310,"relics_obtained":[{"floor":7.0,"key":"Mummified Hand"},{"floor":9.0,"key":"Smiling Mask"},{"floor":10.0,"key":"Pear"},{"floor":13.0,"key":"Pantograph"},{"floor":26.0,"key":"Lantern"},{"floor":29.0,"key":"Cables"},{"floor":41.0,"key":"Singing Bowl"},{"floor":43.0,"key":"Symbiotic Virus"},{"floor":46.0,"key":"Pocketwatch"}],"event_choices":[{"event_name":"Accursed Blacksmith","player_choice":"Forge","floor":2.0,"damage_taken":0.0},{"event_name":"Upgrade Shrine","player_choice":"Upgraded","floor":3.0,"damage_taken":0.0},{"event_name":"Wheel of Change","player_choice":"Curse","floor":8.0,"damage_taken":0.0},{"event_name":"Nest","player_choice":"Joined the Cult","floor":19.0,"damage_taken":0.0},{"event_name":"Addict","player_choice":"Obtained Relic","floor":22.0,"damage_taken":0.0},{"event_name":"The Lab","player_choice":"Got Potions","floor":24.0,"damage_taken":0.0},{"event_name":"Mysterious Sphere","player_choice":"Ignore","floor":38.0,"damage_taken":0.0},{"event_name":"The Moai Head","player_choice":"Heal","floor":44.0,"damage_taken":0.0},{"event_name":"MindBloom","player_choice":"Fight","floor":46.0,"damage_taken":0.0}],"is_beta":false,"boss_relics":[{"not_picked":["Black Star","Coffee Dripper"],"picked":"Astrolabe"},{"not_picked":["FrozenCore","Eternal Feather"],"picked":"Inserter"}],"items_purged_floors":[21],"is_endless":false,"potions_floor_spawned":[4,5,12,14,18,29,30,33,35,41,46,48],"ascension_level":14}