{"gold_per_floor":[112,112,112,187,187,187,213,138,213,213,223,238,313,61,61,165,165,177,177,195,214,231,231,260,271,271,286,299,334,344,355,355,453,453,465,465,191,206,62,91,91,104,174,174,174,174,24,44,44,44,44,44,44,69,69],"floor_reached":56,"playtime":2158,"items_purged":["Strike_G","Strike_G","Defend_G","Parasite"],"score":1242,"play_id":"3f75a864-5d1d-4d74-8aea-cae1968ff54e","local_time":"20190413155304","is_ascension_mode":false,"campfire_choices":[{"floor":6.0,"key":"RECALL"},{"data":"Bouncing Flask","floor":10.0,"key":"SMITH"},{"data":"Neutralize","floor":15.0,"key":"SMITH"},{"data":"Burst","floor":23.0,"key":"SMITH"},{"floor":32.0,"key":"REST"},{"data":"Cloak And Dagger","floor":41.0,"key":"SMITH"},{"data":"Defend_G","floor":46.0,"key":"SMITH"},{"data":"Backflip","floor":49.0,"key":"SMITH"},{"data":"Malaise","floor":52,"key":"SMITH"}],"neow_cost":"NONE","seed_source_timestamp":197986230261700,"circlet_count":0,"master_deck":["Defend_G","Defend_G+1","Defend_G+1","Strike_G+1","Survivor+1","Neutralize+1","Bouncing Flask+1","Footwork+1","Burst+1","Deadly Poison+1","Cloak And Dagger+1","Blur+1","Backstab+1","Malaise+1","Catalyst+1","All Out Attack+1","Predator+1","Backflip+1","Caltrops+1","Adrenaline","Outmaneuver+1","Cloak And Dagger+1","Noxious Fumes+1","Backflip+1"],"special_seed":0,"relics":["Ring of the Snake","NeowsBlessing","Bag of Marbles","Blood Vial","Ornamental Fan","Frozen Egg 2","Sozu","Gremlin Horn","Ninja Scroll","Bronze Scales","Astrolabe","Happy Flower","Prayer Wheel","Paper Crane","Orichalcum"],"potions_floor_usage":[55],"damage_taken":[{"damage":0.0,"enemies":"2 Louse","floor":1.0,"turns":1.0},{"damage":0.0,"enemies":"Lagavulin","floor":7.0,"turns":1.0},{"damage":0.0,"enemies":"Jaw Worm","floor":11.0,"turns":1.0},{"damage":0.0,"enemies":"Cultist","floor":12.0,"turns":2.0},{"damage":6.0,"enemies":"Hexaghost","floor":16.0,"turns":8.0},{"damage":5.0,"enemies":"Chosen","floor":18.0,"turns":3.0},{"damage":2.0,"enemies":"2 Thieves","floor":20.0,"turns":4.0},{"damage":0.0,"enemies":"Sentry and Sphere","floor":21.0,"turns":3.0},{"damage":11.0,"enemies":"Shelled Parasite and Fungi","floor":22.0,"turns":5.0},{"damage":23.0,"enemies":"Gremlin Leader","floor":24.0,"turns":5.0},{"damage":5.0,"enemies":"3 Cultists","floor":25.0,"turns":5.0},{"damage":0.0,"enemies":"Centurion and Healer","floor":27.0,"turns":7.0},{"damage":0.0,"enemies":"Cultist and Chosen","floor":28.0,"turns":4.0},{"damage":14.0,"enemies":"Slavers","floor":29.0,"turns":6.0},{"damage":0.0,"enemies":"Sentry and Sphere","floor":30.0,"turns":4.0},{"damage":0.0,"enemies":"Snecko","floor":31.0,"turns":3.0},{"damage":44.0,"enemies":"Automaton","floor":33.0,"turns":11.0},{"damage":1.0,"enemies":"3 Darklings","floor":35.0,"turns":2.0},{"damage":0.0,"enemies":"3 Shapes","floor":38.0,"turns":2.0},{"damage":16.0,"enemies":"Reptomancer","floor":40.0,"turns":4.0},{"damage":1.0,"enemies":"Writhing Mass","floor":42.0,"turns":3.0},{"damage":3.0,"enemies":"4 Shapes","floor":48.0,"turns":1.0},{"damage":1,"enemies":"Time Eater","floor":50,"turns":7},{"damage":20,"enemies":"Shield and Spear","floor":54,"turns":5},{"damage":28,"enemies":"The Heart","floor":55,"turns":6}],"seed_played":"-8773581900546267524","potions_obtained":[{"floor":1.0,"key":"Swift Potion"},{"floor":16.0,"key":"SpeedPotion"}],"is_trial":false,"path_per_floor":["M","?","?","?","T","R","E","$","T","R","M","M","T","$","R","B",null,"M","?","M","M","M","R","E","M","T","M","M","E","M","M","R","B",null,"M","?","$","M","$","E","R","M","T","?","?","R","$","M","R","B",null,"R","$","E","B",null],"character_chosen":"THE_SILENT","items_purchased":["Footwork+1","GhostInAJar","Happy Flower","Adrenaline"],"campfire_rested":1,"item_purchase_floors":[14,14,37,39],"current_hp_per_floor":[70,56,49,38,38,38,38,38,38,38,40,42,42,42,42,38,70,65,65,65,67,58,58,37,34,34,36,38,26,28,30,51,9,70,69,69,69,70,70,54,54,55,55,55,55,55,55,54,54,55,67,67,67,47,21],"gold":69,"neow_bonus":"THREE_ENEMY_KILL","is_prod":false,"is_daily":false,"chose_seed":false,"campfire_upgraded":7,"win_rate":0,"timestamp":1555141984,"path_taken":["M","?","?","?","?","R","E","?","T","R","M","M","?","$","R","BOSS","M","?","M","M","M","R","E","M","T","M","M","E","?","M","R","BOSS","M","?","$","?","$","E","R","M","T","?","?","R","$","M","R","BOSS","R","$","E","BOSS"],"build_version":"2019-01-23","purchased_purges":4,"victory":true,"max_hp_per_floor":[70,70,70,70,70,70,70,70,70,70,70,70,70,70,70,70,70,70,70,70,70,70,70,70,70,70,70,70,70,70,70,70,70,70,70,70,70,70,70,70,70,70,70,70,70,70,67,67,67,67,67,67,67,67,67],"card_choices":[{"not_picked":["Backstab","Underhanded Strike","Dodge and Roll"],"picked":"SKIP","floor":1.0},{"not_picked":["Underhanded Strike","Dodge and Roll"],"picked":"Backstab","floor":1.0},{"not_picked":["Acrobatics","All Out Attack"],"picked":"Bouncing Flask","floor":7.0},{"not_picked":["Predator","Dodge and Roll","Eviscerate"],"picked":"SKIP","floor":11.0},{"not_picked":["Acrobatics","Distraction","Choke"],"picked":"SKIP","floor":12.0},{"not_picked":["Bullet Time","After Image+1"],"picked":"Burst","floor":16.0},{"not_picked":["PiercingWail","Reflex","Quick Slash"],"picked":"SKIP","floor":18.0},{"not_picked":["Backflip","Deflect+1"],"picked":"Deadly Poison+1","floor":20.0},{"not_picked":["Eviscerate","Backstab","Prepared"],"picked":"SKIP","floor":21.0},{"not_picked":["Backstab","Accuracy+1","Outmaneuver"],"picked":"SKIP","floor":22.0},{"not_picked":["Skewer+1","Slice","Venomology"],"picked":"SKIP","floor":24.0},{"not_picked":["Skewer+1","Slice","Venomology"],"picked":"SKIP","floor":24.0},{"not_picked":["Distraction","Dash","Flying Knee"],"picked":"SKIP","floor":25.0},{"not_picked":["Finisher","Poisoned Stab"],"picked":"Cloak And Dagger","floor":27.0},{"not_picked":["Terror","Concentrate","Poisoned Stab+1"],"picked":"SKIP","floor":28.0},{"not_picked":["Prepared","Reflex+1"],"picked":"Blur+1","floor":29.0},{"not_picked":["Bane+1","Expertise+1"],"picked":"Backstab+1","floor":30.0},{"not_picked":["Well Laid Plans+1","Deflect","Deadly Poison"],"picked":"SKIP","floor":31.0},{"not_picked":["Grand Finale","Glass Knife"],"picked":"Malaise","floor":33.0},{"not_picked":["All Out Attack","Flying Knee"],"picked":"Backflip+1","floor":35.0},{"not_picked":["Quick Slash+1","Slice+1"],"picked":"Caltrops+1","floor":38.0},{"not_picked":["Infinite Blades+1","Flying Knee"],"picked":"Outmaneuver+1","floor":40.0},{"not_picked":["Dagger Throw","Quick Slash+1"],"picked":"Cloak And Dagger+1","floor":42.0},{"not_picked":["All Out Attack+1","Endless Agony","Prepared"],"picked":"SKIP","floor":42.0},{"not_picked":["All Out Attack+1","Endless Agony","Prepared"],"picked":"SKIP","floor":42.0},{"not_picked":["Masterful Stab+1","Riddle With Holes+1"],"picked":"Noxious Fumes+1","floor":48.0},{"not_picked":["Bane+1","Blade Dance+1"],"picked":"Backflip","floor":48.0},{"not_picked":["Acrobatics","Dagger Spray","Night Terror"],"picked":"SKIP","floor":54}],"player_experience":482541,"relics_obtained":[{"floor":7.0,"key":"Blood Vial"},{"floor":9.0,"key":"Ornamental Fan"},{"floor":13.0,"key":"Frozen Egg 2"},{"floor":24.0,"key":"Gremlin Horn"},{"floor":26.0,"key":"Ninja Scroll"},{"floor":29.0,"key":"Bronze Scales"},{"floor":40.0,"key":"Prayer Wheel"},{"floor":43.0,"key":"Paper Crane"},{"floor":54,"key":"Orichalcum"}],"event_choices":[{"damage_healed":0.0,"max_hp_gain":0.0,"max_hp_loss":0.0,"gold_gain":0.0,"event_name":"Shining Light","player_choice":"Entered Light","floor":2.0,"gold_loss":0.0,"damage_taken":14.0,"cards_upgraded":["Strike_G","Survivor"]},{"damage_healed":0.0,"max_hp_gain":0.0,"max_hp_loss":0.0,"gold_gain":0.0,"event_name":"Scrap Ooze","player_choice":"Success","floor":3.0,"gold_loss":0.0,"damage_taken":7.0,"relics_obtained":["Bag of Marbles"]},{"damage_healed":0.0,"max_hp_gain":0.0,"max_hp_loss":0.0,"gold_gain":75.0,"event_name":"World of Goop","player_choice":"Gather Gold","floor":4.0,"gold_loss":0.0,"damage_taken":11.0},{"damage_healed":0.0,"max_hp_gain":0.0,"max_hp_loss":0.0,"gold_gain":0.0,"event_name":"Lab","player_choice":"Got Potions","floor":19.0,"gold_loss":0.0,"damage_taken":0.0},{"damage_healed":0.0,"max_hp_gain":0.0,"max_hp_loss":0.0,"gold_gain":0.0,"event_name":"Accursed Blacksmith","player_choice":"Forge","floor":36.0,"gold_loss":0.0,"damage_taken":0.0,"cards_upgraded":["Defend_G"]},{"cards_removed":["Backstab"],"damage_healed":0.0,"max_hp_gain":0.0,"max_hp_loss":0.0,"gold_gain":0.0,"event_name":"Falling","player_choice":"Removed Attack","floor":44.0,"gold_loss":0.0,"damage_taken":0.0},{"damage_healed":0.0,"max_hp_gain":0.0,"max_hp_loss":0.0,"gold_gain":0.0,"event_name":"Tomb of Lord Red Mask","player_choice":"Ignored","floor":45.0,"gold_loss":0.0,"damage_taken":0.0}],"is_beta":false,"boss_relics":[{"not_picked":["Velvet Choker","Cursed Key"],"picked":"Sozu"},{"not_picked":["Tiny House","Orrery"],"picked":"Astrolabe"}],"items_purged_floors":[8,14,37,47],"is_endless":false,"potions_floor_spawned":[1,16,18,24,28,29,30,33,35,38,42,48,54],"ascension_level":0}