{"gold_per_floor":[111,111,128,128,53,53,53,53,103,57,85,35,35,49,49,152,152,172,72,72,72,82,82,92,92,118,118,43,61,79,99,99,201,201,221,221,96,106,106,133,133,148,148,148,148,160,160,176,176,176],"floor_reached":51,"playtime":1952,"items_purged":["Defend_B","Defend_B","Defend_B"],"score":863,"play_id":"95e5af90-2b3a-4046-b56b-43ed3b6d7e7c","local_time":"20180716145715","is_ascension_mode":false,"campfire_choices":[{"data":"1","floor":6,"key":"LIFT"},{"data":"2","floor":8,"key":"LIFT"},{"data":"Hologram","floor":13,"key":"SMITH"},{"data":"3","floor":15,"key":"LIFT"},{"data":"Defend_B","floor":23,"key":"SMITH"},{"floor":25,"key":"REST"},{"floor":32,"key":"REST"},{"data":"Coolheaded","floor":41,"key":"SMITH"},{"data":"Dualcast","floor":45,"key":"SMITH"},{"floor":49,"key":"REST"}],"neow_cost":"TEN_PERCENT_HP_LOSS","seed_source_timestamp":104964622284818,"circlet_count":0,"master_deck":["Defend_B+1","Zap+1","Dualcast+1","Go for the Eyes","Hologram+1","Gash","Compile Driver","Beam Cell+1","Coolheaded+1"],"relics":["FrozenCore","Girya","Happy Flower","Art of War","Odd Mushroom","White Beast Statue","Nilry\u0027s Codex","Orichalcum","Unceasing Top","Singing Bowl"],"potions_floor_usage":[16,16,18,24,31,33,33,40,46,50,50,50],"damage_taken":[{"damage":11,"enemies":"Small Slimes","floor":1,"turns":3},{"damage":1,"enemies":"Cultist","floor":3,"turns":3},{"damage":22,"floor":11,"turns":4},{"damage":0,"enemies":"Jaw Worm","floor":14,"turns":2},{"damage":5,"enemies":"Hexaghost","floor":16,"turns":9},{"damage":20,"enemies":"2 Thieves","floor":18,"turns":4},{"damage":5,"enemies":"Shell Parasite","floor":22,"turns":3},{"damage":8,"enemies":"3 Cultists","floor":24,"turns":4},{"damage":12,"enemies":"Snake Plant","floor":29,"turns":3},{"damage":0,"enemies":"Centurion and Healer","floor":30,"turns":5},{"damage":0,"enemies":"Snecko","floor":31,"turns":3},{"damage":0,"enemies":"Champ","floor":33,"turns":7},{"damage":0,"enemies":"Orb Walker","floor":35,"turns":3},{"damage":17,"enemies":"3 Darklings","floor":38,"turns":5},{"damage":5,"enemies":"Giant Head","floor":40,"turns":6},{"damage":13,"enemies":"Spire Growth","floor":42,"turns":4},{"damage":0,"enemies":"Flame Bruiser 2 Orb","floor":46,"turns":4},{"damage":0,"enemies":"Sphere and 2 Shapes","floor":48,"turns":4},{"damage":28,"enemies":"Donu and Deca","floor":50,"turns":7}],"seed_played":"9024775484182429567","potions_obtained":[{"floor":1,"key":"Dexterity Potion"},{"floor":14,"key":"SkillPotion"},{"floor":16,"key":"Swift Potion"},{"floor":18,"key":"Fire Potion"},{"floor":22,"key":"AttackPotion"},{"floor":24,"key":"Block Potion"},{"floor":29,"key":"Fire Potion"},{"floor":31,"key":"Block Potion"},{"floor":33,"key":"Dexterity Potion"},{"floor":35,"key":"Energy Potion"},{"floor":38,"key":"Explosive Potion"},{"floor":40,"key":"EssenceOfSteel"},{"floor":42,"key":"Strength Potion"},{"floor":46,"key":"LiquidBronze"},{"floor":48,"key":"FocusPotion"}],"is_trial":false,"path_per_floor":["M","?","M","?","$","R","?","R","T","$","?","?","R","M","R","B",null,"M","$","?","?","M","R","M","R","T","?","?","M","M","M","R","B",null,"M","?","$","M","$","E","R","M","T","?","R","M","?","M","R","B"],"character_chosen":"DEFECT","items_purchased":["Hologram"],"campfire_rested":3,"item_purchase_floors":[10],"current_hp_per_floor":[57,57,56,38,38,38,60,60,60,60,38,38,38,38,38,33,68,48,48,48,32,27,27,19,39,39,27,27,15,15,15,36,36,73,73,73,73,56,56,51,51,45,45,45,45,47,47,49,72,44],"gold":176,"neow_bonus":"ONE_RARE_RELIC","is_prod":false,"is_daily":false,"chose_seed":false,"campfire_upgraded":4,"win_rate":0,"timestamp":1531724235,"path_taken":["M","?","M","?","$","R","?","R","T","$","?","?","R","M","R","BOSS","M","$","?","?","M","R","M","R","T","?","?","M","?","M","R","BOSS","M","?","$","M","$","E","R","M","T","?","R","?","?","M","R","BOSS"],"build_version":"2018-07-12","purchased_purges":3,"victory":true,"max_hp_per_floor":[68,68,68,68,68,68,68,68,68,68,68,68,68,68,68,68,68,68,68,68,68,68,68,68,68,68,73,73,73,73,73,73,73,73,73,73,73,73,73,73,73,73,73,73,73,75,75,77,77,77],"card_choices":[{"not_picked":["Undo","Rebound","Cold Snap"],"picked":"SKIP","floor":1},{"not_picked":["White Noise","Capacitor","Double Energy"],"picked":"SKIP","floor":3},{"not_picked":["Coolheaded","Turbo"],"picked":"Gash","floor":11},{"not_picked":["Turbo","Redo"],"picked":"Compile Driver","floor":14},{"not_picked":["Ball Lightning","Turbo"],"picked":"Beam Cell+1","floor":18},{"not_picked":["Reprogram","Sweeping Beam","Barrage"],"picked":"SKIP","floor":22},{"not_picked":["Defragment","White Noise","Force Field+1"],"picked":"SKIP","floor":24},{"not_picked":["Ball Lightning","Lockon","Genetic Algorithm"],"picked":"SKIP","floor":29},{"not_picked":["Electrodynamics","Sweeping Beam"],"picked":"Coolheaded","floor":30},{"not_picked":["Redo","Go for the Eyes","Hologram"],"picked":"SKIP","floor":31},{"not_picked":["Leap","Heatsinks+1","Streamline+1"],"picked":"SKIP","floor":35},{"not_picked":["Recycle","Gash","Reprogram+1"],"picked":"SKIP","floor":38},{"not_picked":["Leap+1","Stack+1","Rainbow"],"picked":"SKIP","floor":40},{"not_picked":["Genetic Algorithm+1","Sweeping Beam","Redo"],"picked":"SKIP","floor":42},{"not_picked":["Lockon+1","Hello World","Melter"],"picked":"Singing Bowl","floor":46},{"not_picked":["Turbo+1","Chill","Blizzard"],"picked":"Singing Bowl","floor":48}],"player_experience":296138,"relics_obtained":[{"floor":9,"key":"Art of War"},{"floor":11,"key":"Odd Mushroom"},{"floor":21,"key":"Nilry\u0027s Codex"},{"floor":26,"key":"Orichalcum"},{"floor":40,"key":"Unceasing Top"},{"floor":43,"key":"Singing Bowl"}],"event_choices":[{"event_name":"Transmorgrifier","player_choice":"Transform","floor":2,"damage_taken":0},{"event_name":"Scrap Ooze","player_choice":"success","floor":4,"damage_taken":18},{"event_name":"Big Fish","player_choice":"Banana","floor":7,"damage_taken":0},{"event_name":"Mushrooms","player_choice":"Fought Mushrooms","floor":11,"damage_taken":0},{"event_name":"The Cleric","player_choice":"Card Removal","floor":12,"damage_taken":0},{"event_name":"Back to Basics","player_choice":"Elegance","floor":20,"damage_taken":0},{"event_name":"Cursed Tome","player_choice":"Obtained Book","floor":21,"damage_taken":0},{"event_name":"Forgotten Altar","player_choice":"Shed Blood","floor":27,"damage_taken":0},{"event_name":"Beggar","player_choice":"Gave Gold","floor":28,"damage_taken":0},{"event_name":"SensoryStone","player_choice":"Memory 1","floor":36,"damage_taken":0},{"event_name":"Upgrade Shrine","player_choice":"Upgraded","floor":44,"damage_taken":0},{"event_name":"Mysterious Sphere","player_choice":"Ignore","floor":47,"damage_taken":0}],"boss_relics":[{"not_picked":["Lizard Tail","Coffee Dripper"],"picked":"White Beast Statue"},{"not_picked":["Snecko Eye","Pandora\u0027s Box"],"picked":"FrozenCore"}],"items_purged_floors":[5,19,37],"is_endless":false,"potions_floor_spawned":[1,14,16,18,22,24,29,30,31,33,35,38,40,42,46,48],"ascension_level":0}