{"gold_per_floor":[109,37,37,37,37,37,0,0,0,19,30,58,78,94,94,94],"floor_reached":16,"playtime":374,"items_purged":[],"score":115,"play_id":"fad0e168-6643-4918-8a54-2e194c6839ef","local_time":"20180806012916","is_ascension_mode":true,"campfire_choices":[{"data":"Zap","floor":6,"key":"SMITH"},{"data":"Defend_B","floor":8,"key":"SMITH"},{"data":"Auto Shields","floor":15,"key":"SMITH"}],"neow_cost":"NONE","seed_source_timestamp":41654511206633,"circlet_count":0,"master_deck":["Strike_B","Strike_B","Strike_B","Strike_B","Defend_B","Defend_B","Defend_B+1","Defend_B+1","Zap+1","Dualcast","Defragment+1","Redo","Rainbow","Auto Shields+1"],"relics":["Coffee Dripper","The Courier","Blue Candle","Shuriken"],"potions_floor_usage":[12],"damage_taken":[{"damage":7,"enemies":"Jaw Worm","floor":1,"turns":3},{"damage":0,"enemies":"Small Slimes","floor":10,"turns":2},{"damage":0,"enemies":"Cultist","floor":11,"turns":4},{"damage":24,"enemies":"Lagavulin","floor":12,"turns":6},{"damage":6,"enemies":"Large Slime","floor":13,"turns":5},{"damage":0,"enemies":"Exordium Wildlife","floor":14,"turns":3},{"damage":11,"enemies":"The Guardian","floor":16,"turns":2}],"seed_played":"-7105258419782298795","potions_obtained":[{"floor":10,"key":"Dexterity Potion"},{"floor":11,"key":"GamblersBrew"},{"floor":12,"key":"SteroidPotion"},{"floor":14,"key":"GamblersBrew"}],"is_trial":false,"path_per_floor":["M","$","?","$","?","R","?","R","T","M","M","E","M","M","R"],"character_chosen":"DEFECT","items_purchased":["Defragment"],"campfire_rested":0,"item_purchase_floors":[2],"current_hp_per_floor":[68,68,56,56,41,41,41,41,41,41,41,17,11,11,11,0],"gold":94,"neow_bonus":"BOSS_RELIC","is_prod":false,"is_daily":false,"chose_seed":false,"campfire_upgraded":3,"win_rate":0,"timestamp":1533511756,"path_taken":["M","$","?","$","?","R","?","R","T","M","M","E","?","M","R","BOSS"],"build_version":"2018-08-02","purchased_purges":0,"victory":false,"max_hp_per_floor":[75,75,75,75,75,75,75,75,75,75,75,75,75,75,75,75],"card_choices":[{"not_picked":["Hologram","Streamline","Rebound"],"picked":"SKIP","floor":1},{"not_picked":["Leap","Turbo","Go for the Eyes"],"picked":"SKIP","floor":10},{"not_picked":["Stack","Turbo"],"picked":"Redo","floor":11},{"not_picked":["Undo","Beam Cell"],"picked":"Rainbow","floor":12},{"not_picked":["Sweeping Beam","Beam Cell","Consume"],"picked":"SKIP","floor":13},{"not_picked":["Consume","Barrage"],"picked":"Auto Shields","floor":14}],"player_experience":359271,"relics_obtained":[{"floor":9,"key":"Blue Candle"},{"floor":12,"key":"Shuriken"}],"event_choices":[{"event_name":"Scrap Ooze","player_choice":"success","floor":3,"damage_taken":12},{"event_name":"Shining Light","player_choice":"Entered Light","floor":5,"damage_taken":0},{"event_name":"World of Goop","player_choice":"Left","floor":7,"damage_taken":0}],"is_beta":false,"boss_relics":[],"items_purged_floors":[],"is_endless":false,"potions_floor_spawned":[10,11,12,14],"killed_by":"The Guardian","ascension_level":3}