{"gold_per_floor":[110,125,125,125,144,144,179,194,194,194,194],"floor_reached":11,"playtime":154,"items_purged":[],"score":146,"play_id":"22d5316a-64f3-4e27-9e55-3bee96a97eca","local_time":"20190425144812","is_ascension_mode":true,"campfire_choices":[{"data":"Bash","floor":6,"key":"SMITH"},{"data":"Headbutt","floor":10,"key":"SMITH"}],"neow_cost":"NONE","seed_source_timestamp":176879120617298,"circlet_count":0,"master_deck":["AscendersBane","Strike_R","Strike_R","Strike_R","Strike_R","Strike_R+1","Defend_R+1","Defend_R+1","Defend_R+1","Defend_R","Bash+1","Sword Boomerang","Headbutt+1","Rupture","Flame Barrier","Sentinel"],"relics":["Burning Blood","NeowsBlessing","War Paint","Potion Belt"],"potions_floor_usage":[7],"damage_taken":[{"damage":0,"enemies":"Small Slimes","floor":1,"turns":1},{"damage":0,"enemies":"2 Louse","floor":2,"turns":1},{"damage":0,"enemies":"Cultist","floor":5,"turns":1},{"damage":40,"enemies":"Lagavulin","floor":7,"turns":7},{"damage":0,"enemies":"2 Fungi Beasts","floor":8,"turns":3},{"damage":0,"enemies":"Gremlin Gang","floor":11,"turns":1}],"seed_played":"2701088240832625514","potions_obtained":[{"floor":5,"key":"Regen Potion"}],"is_trial":false,"path_per_floor":["M","M","?","?","M","R","E","M","T","R","M"],"character_chosen":"IRONCLAD","items_purchased":[],"campfire_rested":0,"item_purchase_floors":[],"current_hp_per_floor":[74,75,52,52,58,58,39,45,45,45,45],"gold":194,"neow_bonus":"THREE_ENEMY_KILL","is_prod":false,"is_daily":false,"chose_seed":false,"campfire_upgraded":2,"win_rate":0,"timestamp":1556218092,"path_taken":["M","M","?","?","M","R","E","M","T","R","M"],"build_version":"2019-01-23","purchased_purges":0,"victory":false,"max_hp_per_floor":[75,75,75,75,75,75,75,75,75,75,75],"card_choices":[{"not_picked":["Clash","Second Wind"],"picked":"Sword Boomerang","floor":1},{"not_picked":["Sword Boomerang","Clothesline"],"picked":"Headbutt","floor":2},{"not_picked":["Perfected Strike","Power Through"],"picked":"Rupture","floor":5},{"not_picked":["Rage","Seeing Red"],"picked":"Flame Barrier","floor":7},{"not_picked":["Thunderclap","Sword Boomerang"],"picked":"Sentinel","floor":8}],"player_experience":928313,"relics_obtained":[{"floor":7,"key":"War Paint"},{"floor":9,"key":"Potion Belt"}],"event_choices":[{"damage_healed":0,"gold_gain":0,"player_choice":"Entered Light","damage_taken":23,"max_hp_gain":0,"max_hp_loss":0,"event_name":"Shining Light","floor":3,"gold_loss":0,"cards_upgraded":["Strike_R","Defend_R"]},{"damage_healed":0,"gold_gain":0,"player_choice":"Fled","damage_taken":0,"max_hp_gain":0,"max_hp_loss":0,"event_name":"Scrap Ooze","floor":4,"gold_loss":0}],"is_beta":false,"boss_relics":[],"items_purged_floors":[],"is_endless":false,"potions_floor_spawned":[5],"killed_by":"Gremlin Gang","ascension_level":20}