{"gold_per_floor":[113,388,406,481,431,465,475,509,509,2,2,20,20,38,38,141,141,159,10,10,10,25,25],"floor_reached":23,"playtime":801,"items_purged":[],"score":258,"play_id":"059d5952-13d6-4238-8d4a-d46e0430019c","local_time":"20190318183508","is_ascension_mode":true,"campfire_choices":[{"data":"Transmutation","floor":13,"key":"SMITH"},{"floor":15,"key":"REST"}],"neow_cost":"NONE","seed_source_timestamp":467156007867521,"circlet_count":0,"master_deck":["Defend_G","Defend_G","Defend_G","Defend_G","Defend_G","Strike_G","Strike_G","Strike_G","Strike_G","Strike_G","Survivor","Neutralize","Poisoned Stab","Tactician","Caltrops","Dagger Spray","After Image","Transmutation+1","Noxious Fumes","Dagger Throw","Dagger Spray","Well Laid Plans","After Image","Flying Knee","Bouncing Flask","Deadly Poison"],"relics":["Ring of the Snake","NeowsBlessing","Meat on the Bone","Bag of Marbles","Ninja Scroll","Mercury Hourglass","Pantograph","Black Star","Oddly Smooth Stone","Question Card"],"potions_floor_usage":[7,8,16,22],"damage_taken":[{"damage":0,"enemies":"Jaw Worm","floor":1,"turns":1},{"damage":0,"enemies":"Cultist","floor":3,"turns":1},{"damage":0,"enemies":"3 Sentries","floor":6,"turns":2},{"damage":2,"enemies":"2 Louse","floor":7,"turns":2},{"damage":26,"enemies":"Gremlin Nob","floor":8,"turns":4},{"damage":3,"enemies":"Exordium Wildlife","floor":12,"turns":3},{"damage":3,"enemies":"Blue Slaver","floor":14,"turns":2},{"damage":10,"enemies":"Slime Boss","floor":16,"turns":7},{"damage":7,"enemies":"3 Byrds","floor":18,"turns":3},{"damage":13,"enemies":"Spheric Guardian","floor":22,"turns":4},{"damage":51,"enemies":"Book of Stabbing","floor":23,"turns":5}],"seed_played":"-598948817127925293","potions_obtained":[{"floor":3,"key":"Block Potion"},{"floor":6,"key":"AttackPotion"},{"floor":14,"key":"Strength Potion"},{"floor":16,"key":"SpeedPotion"}],"is_trial":false,"path_per_floor":["M","?","M","?","?","E","M","E","T","$","T","M","R","M","R","B",null,"M","$","T","?","M","E"],"character_chosen":"THE_SILENT","items_purchased":["Mercury Hourglass","Transmutation","Noxious Fumes","Dagger Throw","Oddly Smooth Stone"],"campfire_rested":1,"item_purchase_floors":[10,10,10,10,19],"current_hp_per_floor":[70,70,70,59,59,59,57,43,43,43,43,40,40,37,58,60,70,63,63,63,63,50,0],"gold":25,"neow_bonus":"THREE_ENEMY_KILL","is_prod":false,"is_daily":false,"chose_seed":false,"campfire_upgraded":1,"win_rate":0,"timestamp":1552959308,"path_taken":["M","?","?","?","?","E","M","E","T","?","?","M","R","M","R","BOSS","M","$","?","?","M","E"],"build_version":"2019-01-23","purchased_purges":0,"victory":false,"max_hp_per_floor":[70,70,70,70,70,70,70,70,70,70,70,70,70,70,70,70,70,70,70,70,70,70,70],"card_choices":[{"not_picked":["Sucker Punch","Deadly Poison"],"picked":"Poisoned Stab","floor":1},{"not_picked":["Dagger Spray","Acrobatics"],"picked":"Tactician","floor":3},{"not_picked":["Cloak And Dagger","Dodge and Roll"],"picked":"Caltrops","floor":6},{"not_picked":["Quick Slash","Deflect"],"picked":"Dagger Spray","floor":7},{"not_picked":["Bane","Flying Knee"],"picked":"After Image","floor":8},{"not_picked":["Dagger Throw","Expertise"],"picked":"Dagger Spray","floor":12},{"not_picked":["PiercingWail","Flechettes"],"picked":"Well Laid Plans","floor":14},{"not_picked":["Adrenaline","Wraith Form v2"],"picked":"After Image","floor":16},{"not_picked":["Slice","Cloak And Dagger"],"picked":"Flying Knee","floor":18},{"not_picked":["Cloak And Dagger","Reflex","Dagger Spray"],"picked":"Deadly Poison","floor":22}],"player_experience":297802,"relics_obtained":[{"floor":6,"key":"Meat on the Bone"},{"floor":8,"key":"Bag of Marbles"},{"floor":9,"key":"Ninja Scroll"},{"floor":11,"key":"Pantograph"},{"floor":20,"key":"Question Card"}],"event_choices":[{"damage_healed":0,"gold_gain":275,"player_choice":"Desecrate","damage_taken":0,"max_hp_gain":0,"max_hp_loss":0,"event_name":"Golden Shrine","floor":2,"gold_loss":0,"cards_obtained":["Regret"]},{"damage_healed":0,"gold_gain":75,"player_choice":"Gather Gold","damage_taken":11,"max_hp_gain":0,"max_hp_loss":0,"event_name":"World of Goop","floor":4,"gold_loss":0},{"cards_removed":["Regret"],"damage_healed":0,"gold_gain":0,"player_choice":"Card Removal","damage_taken":0,"max_hp_gain":0,"max_hp_loss":0,"event_name":"The Cleric","floor":5,"gold_loss":50},{"damage_healed":0,"gold_gain":0,"player_choice":"Read","damage_taken":0,"max_hp_gain":0,"max_hp_loss":0,"event_name":"The Library","floor":21,"gold_loss":0,"cards_obtained":["Bouncing Flask"]}],"is_beta":false,"boss_relics":[{"not_picked":["Coffee Dripper","Runic Dome"],"picked":"Black Star"}],"items_purged_floors":[],"is_endless":false,"potions_floor_spawned":[3,6,14,16],"killed_by":"Book of Stabbing","ascension_level":3}