{"gold_per_floor":[112,112,45,45,45,72,72,72,72,72,72,82,110,125,125,221,221,238,112,112,129,229,229,179,236,236,59,70,95,129,140,140,245,245,262,106,106,44,55,75,94,94,120,120,145,145,145,145,145,145],"floor_reached":50,"playtime":2867,"items_purged":["Strike_B"],"score":653,"play_id":"08eefb77-1034-4f66-81e1-2a8bdd02e456","local_time":"20190409012807","is_ascension_mode":true,"campfire_choices":[{"data":"Defragment","floor":8,"key":"SMITH"},{"data":"Zap","floor":10,"key":"SMITH"},{"floor":15,"key":"REST"},{"data":"Fission","floor":23,"key":"SMITH"},{"data":"Consume","floor":32,"key":"SMITH"},{"data":"Glacier","floor":42,"key":"SMITH"},{"data":"Panacea","floor":46,"key":"SMITH"},{"data":"Ghostly","floor":49,"key":"SMITH"}],"neow_cost":"NONE","seed_source_timestamp":35401465402522,"circlet_count":0,"master_deck":["Strike_B+1","Strike_B","Strike_B+1","Defend_B","Defend_B+1","Defend_B","Defend_B","Zap+1","Dualcast","BootSequence+1","Defragment+1","Ball Lightning","Ball Lightning","Glacier+1","Gash+1","Fission+1","Streamline+1","Ghostly","Ghostly","Ghostly","Ghostly+1","Ghostly+1","Hologram+1","FTL","Beam Cell","Consume+1","Coolheaded+1","Defragment+1","Electrodynamics","Defragment","Consume+1","Panacea+1","Defragment","Beam Cell+1","Madness","Madness","Doubt"],"relics":["Cracked Core","PreservedInsect","Bottled Lightning","FaceOfCleric","Pen Nib","The Courier","Inserter","Juzu Bracelet","Turnip","Mummified Hand","Tiny Chest","Blue Candle","War Paint","Strawberry","Red Mask","Philosopher\u0027s Stone","DollysMirror","Bag of Marbles","Whetstone","Question Card"],"potions_floor_usage":[1,6,6,13,16,21,29,30,33,40,50,50,50],"damage_taken":[{"damage":0,"enemies":"Jaw Worm","floor":1,"turns":1},{"damage":25,"enemies":"3 Sentries","floor":6,"turns":5},{"damage":0,"enemies":"Small Slimes","floor":12,"turns":2},{"damage":16,"enemies":"Gremlin Nob","floor":13,"turns":2},{"damage":6,"enemies":"Cultist","floor":14,"turns":3},{"damage":18,"enemies":"The Guardian","floor":16,"turns":10},{"damage":5,"enemies":"Shell Parasite","floor":18,"turns":5},{"damage":5,"enemies":"2 Thieves","floor":21,"turns":5},{"damage":7,"enemies":"Colosseum Slavers","floor":22,"turns":4},{"damage":0,"enemies":"Colosseum Nobs","floor":22,"turns":7},{"damage":12,"enemies":"Book of Stabbing","floor":25,"turns":4},{"damage":1,"enemies":"Chosen and Byrds","floor":28,"turns":6},{"damage":2,"enemies":"Slavers","floor":29,"turns":4},{"damage":0,"enemies":"Masked Bandits","floor":30,"turns":6},{"damage":0,"enemies":"Shelled Parasite and Fungi","floor":31,"turns":6},{"damage":4,"enemies":"Automaton","floor":33,"turns":9},{"damage":2,"enemies":"Orb Walker","floor":35,"turns":4},{"damage":6,"enemies":"3 Shapes","floor":39,"turns":3},{"damage":8,"enemies":"Jaw Worm Horde","floor":40,"turns":2},{"damage":3,"enemies":"3 Darklings","floor":41,"turns":4},{"damage":66,"enemies":"Awakened One","floor":50,"turns":6}],"seed_played":"4823293525482487319","potions_obtained":[{"floor":0,"key":"GamblersBrew"},{"floor":0,"key":"SkillPotion"},{"floor":0,"key":"Fire Potion"},{"floor":12,"key":"LiquidBronze"},{"floor":14,"key":"SteroidPotion"},{"floor":16,"key":"FocusPotion"},{"floor":22,"key":"GamblersBrew"},{"floor":25,"key":"Strength Potion"},{"floor":29,"key":"Block Potion"},{"floor":31,"key":"GamblersBrew"},{"floor":33,"key":"PowerPotion"},{"floor":35,"key":"Dexterity Potion"},{"floor":41,"key":"Ancient Potion"}],"is_trial":false,"path_per_floor":["M","?","$","?","?","E","?","R","T","R","$","M","E","M","R","B",null,"M","$","?","M","?","R","?","E","T","$","M","E","?","M","R","B",null,"M","$","?","$","M","M","M","R","T","?","T","R","?","T","R","B"],"character_chosen":"DEFECT","items_purchased":["Defragment","Juzu Bracelet","War Paint","DollysMirror","Defragment"],"campfire_rested":1,"item_purchase_floors":[3,19,27,36,38],"current_hp_per_floor":[75,72,72,72,57,32,32,32,32,32,32,33,18,13,36,19,79,75,75,40,36,31,31,31,20,20,20,20,26,27,28,28,25,56,55,55,55,55,50,43,41,41,41,33,33,33,60,60,60,0],"gold":145,"neow_bonus":"THREE_SMALL_POTIONS","is_prod":false,"is_daily":false,"chose_seed":false,"campfire_upgraded":7,"win_rate":0,"timestamp":1554787687,"path_taken":["M","?","$","?","?","E","?","R","T","R","$","?","E","M","R","BOSS","M","$","?","M","?","R","?","E","T","$","M","E","?","M","R","BOSS","M","$","?","$","M","M","M","R","T","?","?","R","?","?","R","BOSS"],"build_version":"2019-01-23","purchased_purges":1,"victory":false,"max_hp_per_floor":[75,75,75,75,75,75,75,75,75,75,75,76,77,78,78,79,79,80,80,40,41,43,43,43,44,44,44,45,53,54,55,55,56,56,57,57,57,57,58,59,60,60,60,60,60,60,60,60,60,60],"card_choices":[{"not_picked":["Barrage","Heatsinks"],"picked":"BootSequence","floor":1},{"not_picked":["Hologram","Turbo"],"picked":"Ball Lightning","floor":6},{"not_picked":["Turbo","Conserve Battery"],"picked":"Ball Lightning","floor":12},{"not_picked":["Beam Cell","Turbo"],"picked":"Glacier","floor":13},{"not_picked":["Thunder Strike","Streamline"],"picked":"Gash","floor":14},{"not_picked":["Reboot","Machine Learning"],"picked":"Fission","floor":16},{"not_picked":["Self Repair","Barrage+1"],"picked":"Streamline+1","floor":18},{"not_picked":["Beam Cell","Reprogram"],"picked":"Hologram+1","floor":21},{"not_picked":["Reprogram","Scrape"],"picked":"FTL","floor":22},{"not_picked":["Hello World","Double Energy"],"picked":"Beam Cell","floor":25},{"not_picked":["Hologram","Genetic Algorithm"],"picked":"Consume","floor":28},{"not_picked":["Fusion+1","Redo"],"picked":"Coolheaded+1","floor":29},{"not_picked":["Cold Snap","Streamline"],"picked":"Defragment+1","floor":31},{"not_picked":["Fission","All For One"],"picked":"Electrodynamics","floor":33},{"not_picked":["Steam+1","Coolheaded"],"picked":"Defragment","floor":35},{"not_picked":["Secret Weapon","Blind"],"picked":"Panacea","floor":37},{"not_picked":["Compile Driver+1","Chaos","Stack+1"],"picked":"SKIP","floor":39},{"not_picked":["Doom and Gloom","Redo","Coolheaded"],"picked":"SKIP","floor":40},{"not_picked":["Steam+1","Melter+1"],"picked":"Beam Cell+1","floor":41}],"player_experience":218844,"relics_obtained":[{"floor":6,"key":"Bottled Lightning"},{"floor":9,"key":"Pen Nib"},{"floor":13,"key":"The Courier"},{"floor":22,"key":"Turnip"},{"floor":22,"key":"Mummified Hand"},{"floor":25,"key":"Tiny Chest"},{"floor":26,"key":"Blue Candle"},{"floor":29,"key":"Strawberry"},{"floor":30,"key":"Red Mask"},{"floor":43,"key":"Bag of Marbles"},{"floor":45,"key":"Whetstone"},{"floor":48,"key":"Question Card"}],"event_choices":[{"damage_healed":0,"gold_gain":0,"player_choice":"Success","damage_taken":3,"relics_obtained":["PreservedInsect"],"max_hp_gain":0,"max_hp_loss":0,"event_name":"Scrap Ooze","floor":2,"gold_loss":0},{"damage_healed":0,"gold_gain":0,"player_choice":"Leave","damage_taken":0,"max_hp_gain":0,"max_hp_loss":0,"event_name":"The Cleric","floor":4,"gold_loss":0},{"damage_healed":0,"gold_gain":0,"player_choice":"Entered Light","damage_taken":15,"max_hp_gain":0,"max_hp_loss":0,"event_name":"Shining Light","floor":5,"gold_loss":0,"cards_upgraded":["Strike_B","BootSequence"]},{"damage_healed":0,"gold_gain":0,"player_choice":"Trade","damage_taken":0,"relics_obtained":["FaceOfCleric"],"max_hp_gain":0,"max_hp_loss":0,"event_name":"FaceTrader","floor":7,"gold_loss":0},{"damage_healed":0,"gold_gain":0,"player_choice":"Became a Ghost","damage_taken":0,"max_hp_gain":0,"max_hp_loss":40,"event_name":"Ghosts","floor":20,"gold_loss":0,"cards_obtained":["Ghostly","Ghostly","Ghostly","Ghostly","Ghostly"]},{"damage_healed":0,"gold_gain":0,"player_choice":"Fight","damage_taken":0,"max_hp_gain":0,"max_hp_loss":0,"event_name":"Colosseum","floor":22,"gold_loss":0},{"damage_healed":0,"gold_gain":0,"player_choice":"Fought Nobs","damage_taken":0,"max_hp_gain":0,"max_hp_loss":0,"event_name":"Colosseum","floor":22,"gold_loss":0},{"damage_healed":0,"gold_gain":0,"player_choice":"Bet on Owner","damage_taken":0,"max_hp_gain":0,"max_hp_loss":0,"event_name":"The Joust","floor":24,"gold_loss":50},{"damage_healed":0,"gold_gain":0,"player_choice":"Fought Bandits","damage_taken":0,"max_hp_gain":0,"max_hp_loss":0,"event_name":"Masked Bandits","floor":30,"gold_loss":0},{"damage_healed":0,"gold_gain":0,"player_choice":"Memory 1","damage_taken":0,"max_hp_gain":0,"max_hp_loss":0,"event_name":"SensoryStone","floor":37,"gold_loss":0},{"damage_healed":0,"gold_gain":0,"player_choice":"Embrace Madness","damage_taken":8,"max_hp_gain":0,"max_hp_loss":0,"event_name":"Winding Halls","floor":44,"gold_loss":0,"cards_obtained":["Madness","Madness"]},{"damage_healed":27,"gold_gain":0,"player_choice":"Heal","damage_taken":0,"max_hp_gain":0,"max_hp_loss":0,"event_name":"MindBloom","floor":47,"gold_loss":0,"cards_obtained":["Doubt"]}],"is_beta":false,"boss_relics":[{"not_picked":["Nuclear Battery","Cursed Key"],"picked":"Inserter"},{"not_picked":["Coffee Dripper","Eternal Feather"],"picked":"Philosopher\u0027s Stone"}],"items_purged_floors":[27],"is_endless":false,"potions_floor_spawned":[12,14,16,22,25,29,31,33,35,41],"killed_by":"Awakened One","ascension_level":4}