{"gold_per_floor":[362,380,380,380,380,412,412,134,134,154,165,176,76,88,88,188,188,203,203,203,219,144,144,177,177,259,115,215,226,226,241,241,341,341,360,360,375,775,775,800,544,556,556,569,46,62,62,82,82,82],"floor_reached":51,"playtime":2156,"items_purged":["Strike_R","Strike_R","Second Wind+1"],"score":872,"play_id":"205d0391-ae2e-4889-abba-e19c5ac1cb6f","local_time":"20190424214014","is_ascension_mode":false,"campfire_choices":[{"data":"Uppercut","floor":15,"key":"SMITH"},{"data":"Sentinel","floor":23,"key":"SMITH"},{"floor":25,"key":"REST"},{"floor":32,"key":"REST"},{"floor":47,"key":"REST"},{"floor":49,"key":"REST"}],"neow_cost":"TEN_PERCENT_HP_LOSS","seed_source_timestamp":0,"circlet_count":0,"master_deck":["Sword Boomerang+1","Ghostly Armor+1","Uppercut+1","Shrug It Off","Offering","Offering","Metallicize","Dark Embrace","Double Tap","Metallicize","Sentinel+1","Infernal Blade","Exhume","Necronomicurse","Rupture+1","Pommel Strike+1","Blood for Blood+1","Feed","Armaments+1","Warcry+1","Bloodletting","Combust+1","Burning Pact","Metallicize+1","Heavy Blade"],"special_seed":0,"relics":["Burning Blood","StoneCalendar","Mango","TheAbacus","Gremlin Horn","Pandora\u0027s Box","Necronomicon","Frozen Egg 2","Ornamental Fan","Self Forming Clay","Lantern","Busted Crown","Old Coin","Orichalcum","Oddly Smooth Stone","Pantograph","Bottled Tornado"],"potions_floor_usage":[6,24,24,40,50],"damage_taken":[{"damage":11,"enemies":"Jaw Worm","floor":1,"turns":5},{"damage":7,"enemies":"2 Louse","floor":2,"turns":4},{"damage":25,"enemies":"Gremlin Nob","floor":6,"turns":4},{"damage":0,"enemies":"Small Slimes","floor":10,"turns":3},{"damage":2,"enemies":"3 Louse","floor":11,"turns":4},{"damage":0,"enemies":"Exordium Wildlife","floor":12,"turns":4},{"damage":2,"enemies":"Looter","floor":14,"turns":3},{"damage":34,"enemies":"Slime Boss","floor":16,"turns":7},{"damage":12,"enemies":"Chosen","floor":18,"turns":3},{"damage":29,"enemies":"2 Thieves","floor":21,"turns":2},{"damage":34,"enemies":"Gremlin Leader","floor":24,"turns":2},{"damage":12,"enemies":"Snake Plant","floor":29,"turns":3},{"damage":18,"enemies":"3 Cultists","floor":31,"turns":2},{"damage":18,"enemies":"Collector","floor":33,"turns":4},{"damage":6,"enemies":"3 Shapes","floor":35,"turns":3},{"damage":12,"enemies":"Orb Walker","floor":37,"turns":1},{"damage":12,"enemies":"Mind Bloom Boss Battle","floor":38,"turns":2},{"damage":12,"enemies":"Reptomancer","floor":40,"turns":3},{"damage":26,"enemies":"Maw","floor":42,"turns":3},{"damage":19,"enemies":"Writhing Mass","floor":44,"turns":4},{"damage":24,"enemies":"Spire Growth","floor":46,"turns":3},{"damage":27,"enemies":"Transient","floor":48,"turns":5},{"damage":33,"enemies":"Donu and Deca","floor":50,"turns":3}],"seed_played":"5015685951631673313","potions_obtained":[{"floor":2,"key":"SteroidPotion"},{"floor":16,"key":"Strength Potion"},{"floor":18,"key":"PowerPotion"},{"floor":24,"key":"Dexterity Potion"},{"floor":29,"key":"LiquidBronze"},{"floor":33,"key":"FearPotion"},{"floor":35,"key":"Strength Potion"},{"floor":38,"key":"FairyPotion"},{"floor":40,"key":"Ancient Potion"},{"floor":48,"key":"Swift Potion"}],"is_trial":false,"path_per_floor":["M","M","?","?","?","E","?","$","T","M","M","M","$","M","R","B",null,"M","?","T","M","?","R","E","R","T","$","?","M","$","M","R","B",null,"M","T","M","?","?","E","$","M","T","M","$","M","R","M","R","B",null],"character_chosen":"IRONCLAD","items_purchased":["TheAbacus","Lantern","Bloodletting","Combust+1","Oddly Smooth Stone","Bottled Tornado","Burning Pact","Metallicize+1"],"campfire_rested":4,"item_purchase_floors":[8,27,41,41,41,45,45,45],"current_hp_per_floor":[67,66,66,63,68,63,45,45,45,51,55,61,61,65,65,37,91,85,69,69,46,46,46,18,45,45,45,45,39,39,27,54,42,91,94,94,91,88,88,86,86,70,70,57,57,43,75,54,86,83],"gold":82,"neow_bonus":"TWO_FIFTY_GOLD","is_prod":false,"is_daily":false,"chose_seed":false,"campfire_upgraded":2,"win_rate":0,"timestamp":1556113214,"path_taken":["M","M","?","?","?","E","?","$","T","?","M","M","$","M","R","BOSS","M","?","?","?","?","R","E","R","T","$","?","M","$","M","R","BOSS","M","?","M","?","?","E","?","M","T","M","$","M","R","M","R","BOSS"],"build_version":"2019-01-23","purchased_purges":3,"victory":true,"max_hp_per_floor":[72,72,72,72,77,91,91,91,91,91,91,91,91,91,91,91,91,91,91,91,91,91,91,91,91,91,91,91,91,91,91,91,91,91,94,94,97,100,95,99,99,103,103,103,103,107,107,107,107,110],"card_choices":[{"not_picked":["Uppercut","Twin Strike"],"picked":"Sword Boomerang","floor":1},{"not_picked":["Searing Blow","Armaments","Sword Boomerang"],"picked":"SKIP","floor":2},{"not_picked":["Cleave","Clothesline"],"picked":"Ghostly Armor","floor":6},{"not_picked":["Body Slam","Thunderclap","Anger"],"picked":"SKIP","floor":10},{"not_picked":["Rage","Thunderclap"],"picked":"Uppercut","floor":11},{"not_picked":["Flame Barrier","Wild Strike"],"picked":"Shrug It Off","floor":12},{"not_picked":["Cleave","Rampage"],"picked":"Offering","floor":14},{"not_picked":["Berserk","Impervious"],"picked":"Offering","floor":16},{"not_picked":["Twin Strike","Anger"],"picked":"Second Wind+1","floor":18},{"not_picked":["Clothesline","Cleave"],"picked":"Rupture+1","floor":21},{"not_picked":["Twin Strike","Ghostly Armor","Clash"],"picked":"SKIP","floor":24},{"not_picked":["Clash","True Grit"],"picked":"Pommel Strike+1","floor":29},{"not_picked":["Battle Trance","Heavy Blade"],"picked":"Blood for Blood+1","floor":31},{"not_picked":["Immolate","Offering"],"picked":"Feed","floor":33},{"not_picked":["Havoc+1"],"picked":"SKIP","floor":35},{"not_picked":[],"picked":"Armaments+1","floor":37},{"not_picked":[],"picked":"Warcry+1","floor":40},{"not_picked":["Wild Strike"],"picked":"SKIP","floor":42},{"not_picked":["Entrench+1"],"picked":"SKIP","floor":44},{"not_picked":["Whirlwind"],"picked":"SKIP","floor":46},{"not_picked":[],"picked":"Heavy Blade","floor":48}],"player_experience":525505,"relics_obtained":[{"floor":6,"key":"Mango"},{"floor":9,"key":"Gremlin Horn"},{"floor":19,"key":"Necronomicon"},{"floor":20,"key":"Frozen Egg 2"},{"floor":24,"key":"Ornamental Fan"},{"floor":26,"key":"Self Forming Clay"},{"floor":38,"key":"Old Coin"},{"floor":40,"key":"Orichalcum"},{"floor":43,"key":"Pantograph"}],"event_choices":[{"damage_healed":0,"gold_gain":0,"player_choice":"Ignored","damage_taken":0,"max_hp_gain":0,"max_hp_loss":0,"event_name":"Liars Game","floor":3,"gold_loss":0},{"damage_healed":0,"gold_gain":0,"player_choice":"Success","damage_taken":3,"relics_obtained":["StoneCalendar"],"max_hp_gain":0,"max_hp_loss":0,"event_name":"Scrap Ooze","floor":4,"gold_loss":0},{"damage_healed":0,"gold_gain":0,"player_choice":"Donut","damage_taken":0,"max_hp_gain":5,"max_hp_loss":0,"event_name":"Big Fish","floor":5,"gold_loss":0},{"damage_healed":0,"gold_gain":0,"player_choice":"Entered Light","damage_taken":18,"max_hp_gain":0,"max_hp_loss":0,"event_name":"Shining Light","floor":7,"gold_loss":0,"cards_upgraded":["Sword Boomerang","Ghostly Armor"]},{"damage_healed":0,"gold_gain":0,"player_choice":"Obtained Book","damage_taken":16,"max_hp_gain":0,"max_hp_loss":0,"event_name":"Cursed Tome","floor":19,"gold_loss":0},{"cards_removed":["Bash"],"damage_healed":0,"gold_gain":0,"player_choice":"Gave Gold","damage_taken":0,"max_hp_gain":0,"max_hp_loss":0,"event_name":"Beggar","floor":22,"gold_loss":75},{"damage_healed":0,"gold_gain":100,"player_choice":"Pray","damage_taken":0,"max_hp_gain":0,"max_hp_loss":0,"event_name":"Golden Shrine","floor":28,"gold_loss":0},{"damage_healed":0,"gold_gain":0,"player_choice":"Fight","damage_taken":0,"max_hp_gain":0,"max_hp_loss":0,"event_name":"MindBloom","floor":38,"gold_loss":0},{"damage_healed":0,"gold_gain":0,"player_choice":"Max HP","damage_taken":0,"max_hp_gain":0,"max_hp_loss":5,"event_name":"Winding Halls","floor":39,"gold_loss":0}],"is_beta":false,"boss_relics":[{"not_picked":["Runic Dome","Velvet Choker"],"picked":"Pandora\u0027s Box"},{"not_picked":["Empty Cage","Snecko Eye"],"picked":"Busted Crown"}],"items_purged_floors":[8,13,45],"is_endless":false,"potions_floor_spawned":[2,16,18,24,29,33,35,38,40,48],"ascension_level":0}