{"gold_per_floor":[10,20,36,36,36,65,65,65,89,89,117,117,2,14,14,87,87,107,107,28,28,43,43,75,75,98,129,129,39,58,75,75,153,153,171,13,31,42,42,42,76,87,87,115,115,125,125,125,125,125,125],"floor_reached":52,"playtime":2210,"items_purged":["Parasite"],"score":1912,"play_id":"7c04da7f-dcac-4f61-ae7d-bdec69de35e5","local_time":"20190416125656","is_ascension_mode":true,"campfire_choices":[{"data":"Bash","floor":7.0,"key":"SMITH"},{"data":"Rampage","floor":10.0,"key":"SMITH"},{"floor":12.0,"key":"REST"},{"data":"Heavy Blade","floor":15.0,"key":"SMITH"},{"data":"Flex","floor":23.0,"key":"SMITH"},{"floor":25.0,"key":"REST"},{"data":"Fiend Fire","floor":28.0,"key":"SMITH"},{"data":"Corruption","floor":32.0,"key":"SMITH"},{"data":"Dark Embrace","floor":40,"key":"SMITH"},{"floor":47,"key":"REST"},{"floor":49,"key":"REST"}],"neow_cost":"NO_GOLD","seed_source_timestamp":0,"circlet_count":0,"master_deck":["AscendersBane","Strike_R+1","Strike_R+1","Strike_R+1","Strike_R+1","Strike_R+1","Defend_R+1","Defend_R+1","Defend_R+1","Defend_R+1","Bash+1","Rampage+1","Sentinel","Heavy Blade+1","Disarm","Headbutt","Inflame","Fiend Fire+1","Corruption+1","Flex+1","Limit Break","Armaments+1","Feel No Pain","Spot Weakness","Warcry","Dark Embrace+1","Headbutt+1","Sentinel","Battle Trance","Warcry","Flash of Steel+1"],"special_seed":0,"relics":["Burning Blood","Turnip","Orichalcum","Lantern","Vajra","Snecko Eye","Pocketwatch","Anchor","Red Skull","Runic Pyramid","Blood Vial","Centennial Puzzle","Molten Egg 2","Bird Faced Urn"],"potions_floor_usage":[42,51],"damage_taken":[{"damage":1.0,"enemies":"Cultist","floor":1.0,"turns":3.0},{"damage":9.0,"enemies":"Jaw Worm","floor":2.0,"turns":4.0},{"damage":0.0,"enemies":"Small Slimes","floor":3.0,"turns":3.0},{"damage":56.0,"enemies":"Gremlin Nob","floor":6.0,"turns":5.0},{"damage":32.0,"enemies":"Lagavulin","floor":11.0,"turns":7.0},{"damage":1.0,"enemies":"Looter","floor":14.0,"turns":2.0},{"damage":39.0,"enemies":"The Guardian","floor":16.0,"turns":7.0},{"damage":9.0,"enemies":"Shell Parasite","floor":18.0,"turns":2.0},{"damage":10.0,"enemies":"Chosen","floor":22.0,"turns":4.0},{"damage":11.0,"enemies":"Book of Stabbing","floor":24.0,"turns":4.0},{"damage":21.0,"enemies":"Slavers","floor":27.0,"turns":4.0},{"damage":0.0,"enemies":"Snecko","floor":30.0,"turns":2.0},{"damage":0.0,"enemies":"Snake Plant","floor":31.0,"turns":3.0},{"damage":19.0,"enemies":"Automaton","floor":33.0,"turns":6.0},{"damage":0,"enemies":"Orb Walker","floor":35,"turns":2},{"damage":0,"enemies":"3 Shapes","floor":37,"turns":2},{"damage":1,"enemies":"Transient","floor":38,"turns":6},{"damage":32,"enemies":"Nemesis","floor":41,"turns":5},{"damage":29,"enemies":"Spire Growth","floor":42,"turns":4},{"damage":5,"enemies":"Giant Head","floor":44,"turns":6},{"damage":12,"enemies":"Writhing Mass","floor":46,"turns":3},{"damage":28,"enemies":"Time Eater","floor":50,"turns":5},{"damage":50,"enemies":"Donu and Deca","floor":51,"turns":5}],"seed_played":"539109124899556161","potions_obtained":[{"floor":1.0,"key":"Fire Potion"},{"floor":2.0,"key":"SpeedPotion"},{"floor":11.0,"key":"GamblersBrew"},{"floor":24.0,"key":"Strength Potion"},{"floor":30.0,"key":"Fire Potion"},{"floor":33.0,"key":"Fire Potion"},{"floor":35,"key":"Energy Potion"},{"floor":44,"key":"Fire Potion"},{"floor":46,"key":"PowerPotion"}],"is_trial":false,"path_per_floor":["M","M","M","?","$","E","R","?","T","R","E","R","$","M","R","B",null,"M","?","$","?","M","R","E","R","T","E","R","$","M","M","R","B",null,"M","$","M","M","?","R","E","M","T","E","?","M","R","?","R","B","B",null],"character_chosen":"IRONCLAD","items_purchased":["Inflame","Limit Break","Feel No Pain","Blood Vial"],"campfire_rested":4,"item_purchase_floors":[13,20,29,36],"current_hp_per_floor":[73,70,75,75,75,25,25,43,43,43,17,39,39,44,44,11,57,54,54,54,54,50,50,45,66,66,51,51,51,57,63,63,50,67,72,72,72,72,72,72,46,25,25,28,28,28,49,49,70,52,20],"gold":125,"neow_bonus":"ONE_RARE_RELIC","is_prod":false,"is_daily":false,"chose_seed":false,"campfire_upgraded":7,"win_rate":0,"timestamp":1555433816,"path_taken":["M","M","?","?","$","E","R","?","T","R","E","R","$","M","R","BOSS","M","?","$","?","M","R","E","R","T","E","R","?","?","M","R","BOSS","M","$","M","?","?","R","E","M","T","E","?","M","R","?","R","BOSS","BOSS"],"build_version":"2019-01-23","purchased_purges":1,"victory":true,"max_hp_per_floor":[75,75,75,75,75,75,75,75,75,75,75,75,72,72,72,72,72,72,72,72,72,72,72,72,72,72,72,72,72,72,72,72,72,72,72,72,72,72,72,72,72,72,72,72,72,72,72,72,72,72,72],"card_choices":[{"not_picked":["Carnage","Inflame"],"picked":"Rampage","floor":1.0},{"not_picked":["Ghostly Armor","Combust"],"picked":"Sentinel","floor":2.0},{"not_picked":["Armaments","Anger"],"picked":"Heavy Blade","floor":3.0},{"not_picked":["Power Through","Wild Strike"],"picked":"Disarm","floor":6.0},{"not_picked":["True Grit","Power Through"],"picked":"Headbutt","floor":11.0},{"not_picked":["Clash","Ghostly Armor"],"picked":"Shockwave","floor":14.0},{"not_picked":["Barricade","Berserk"],"picked":"Fiend Fire","floor":16.0},{"not_picked":["Reckless Charge","Perfected Strike"],"picked":"Corruption","floor":18.0},{"not_picked":["Clash","Rupture","Armaments"],"picked":"SKIP","floor":22.0},{"not_picked":["Sword Boomerang","Thunderclap"],"picked":"Armaments+1","floor":24.0},{"not_picked":["Rage","Shrug It Off","Armaments"],"picked":"SKIP","floor":27.0},{"not_picked":["Flame Barrier","Wild Strike+1"],"picked":"Spot Weakness","floor":30.0},{"not_picked":["Entrench","Shrug It Off"],"picked":"Warcry","floor":31.0},{"not_picked":["Immolate","Offering"],"picked":"Dark Embrace","floor":33.0},{"not_picked":["Searing Blow+1","Clash+1","Rampage"],"picked":"SKIP","floor":35},{"not_picked":["Perfected Strike+1","Clothesline"],"picked":"Headbutt+1","floor":37},{"not_picked":["Body Slam","Clash+1","Bloodletting"],"picked":"SKIP","floor":38},{"not_picked":["Clothesline","Feed"],"picked":"Sentinel","floor":41},{"not_picked":["Clothesline","Perfected Strike"],"picked":"Battle Trance","floor":42},{"not_picked":["Whirlwind+1","Armaments"],"picked":"Warcry","floor":44},{"not_picked":["Sadistic Nature","Jack Of All Trades"],"picked":"Flash of Steel+1","floor":45},{"not_picked":["Burning Pact","Armaments+1","Carnage+1"],"picked":"SKIP","floor":46}],"player_experience":898571,"relics_obtained":[{"floor":6.0,"key":"Orichalcum"},{"floor":9.0,"key":"Lantern"},{"floor":11.0,"key":"Vajra"},{"floor":24.0,"key":"Pocketwatch"},{"floor":26.0,"key":"Anchor"},{"floor":27.0,"key":"Red Skull"},{"floor":41,"key":"Centennial Puzzle"},{"floor":43,"key":"Molten Egg 2"},{"floor":44,"key":"Bird Faced Urn"}],"event_choices":[{"damage_healed":0.0,"max_hp_gain":0.0,"max_hp_loss":0.0,"gold_gain":0.0,"event_name":"The Cleric","player_choice":"Leave","floor":4.0,"gold_loss":0.0,"damage_taken":0.0},{"damage_healed":18.0,"max_hp_gain":0.0,"max_hp_loss":0.0,"gold_gain":0.0,"event_name":"Mushrooms","player_choice":"Healed and dodged fight","floor":8.0,"gold_loss":0.0,"damage_taken":0.0,"cards_obtained":["Parasite"]},{"damage_healed":0.0,"max_hp_gain":0.0,"max_hp_loss":0.0,"gold_gain":0.0,"event_name":"The Library","player_choice":"Read","floor":19.0,"gold_loss":0.0,"damage_taken":0.0,"cards_obtained":["Flex"]},{"damage_healed":0.0,"max_hp_gain":0.0,"max_hp_loss":0.0,"gold_gain":0.0,"event_name":"Back to Basics","player_choice":"Simplicity","floor":21.0,"gold_loss":0.0,"damage_taken":0.0,"cards_upgraded":["Strike_R","Strike_R","Strike_R","Strike_R","Strike_R","Defend_R","Defend_R","Defend_R","Defend_R"]},{"cards_removed":["Shockwave"],"damage_healed":0,"gold_gain":0,"player_choice":"Removed Skill","damage_taken":0,"max_hp_gain":0,"max_hp_loss":0,"event_name":"Falling","floor":39,"gold_loss":0},{"damage_healed":0,"gold_gain":0,"player_choice":"Memory 1","damage_taken":0,"max_hp_gain":0,"max_hp_loss":0,"event_name":"SensoryStone","floor":45,"gold_loss":0},{"damage_healed":0,"gold_gain":0,"player_choice":"Ignored","damage_taken":0,"max_hp_gain":0,"max_hp_loss":0,"event_name":"Mysterious Sphere","floor":48,"gold_loss":0}],"is_beta":false,"boss_relics":[{"not_picked":["Velvet Choker","Sozu"],"picked":"Snecko Eye"},{"not_picked":["Orrery","Philosopher\u0027s Stone"],"picked":"Runic Pyramid"}],"items_purged_floors":[13],"is_endless":false,"potions_floor_spawned":[1,2,11,24,30,33,35,44,46],"ascension_level":20}