{"gold_per_floor":[112,32,32,48,13,39,39,59,59,91,11,11,22,37,37,37],"floor_reached":16,"playtime":423,"items_purged":[],"score":270,"play_id":"cf458036-71c3-4bfa-963b-5144bd48b52b","local_time":"20190427234931","is_ascension_mode":true,"campfire_choices":[{"data":"Setup","floor":7.0,"key":"SMITH"},{"data":"Catalyst","floor":15,"key":"SMITH"}],"neow_cost":"NONE","seed_source_timestamp":0,"circlet_count":0,"master_deck":["AscendersBane","Defend_G","Defend_G","Defend_G","Defend_G","Defend_G","Strike_G","Strike_G","Strike_G","Strike_G","Strike_G","Survivor","Neutralize","Predator+1","Setup+1","Slice","Corpse Explosion","Leg Sweep","Leg Sweep","Eviscerate","Catalyst+1","Footwork","Backflip"],"special_seed":0,"relics":["Ring of the Snake","NeowsBlessing","Prayer Wheel","Mercury Hourglass","Centennial Puzzle"],"potions_floor_usage":[],"damage_taken":[{"damage":0.0,"enemies":"Jaw Worm","floor":1.0,"turns":1.0},{"damage":0.0,"enemies":"Small Slimes","floor":4.0,"turns":1.0},{"damage":0.0,"enemies":"Gremlin Nob","floor":6.0,"turns":1.0},{"damage":2.0,"enemies":"2 Louse","floor":8.0,"turns":3.0},{"damage":35.0,"enemies":"Lagavulin","floor":10.0,"turns":7.0},{"damage":3.0,"enemies":"2 Fungi Beasts","floor":13.0,"turns":3.0},{"damage":4,"enemies":"Exordium Thugs","floor":14,"turns":3},{"damage":0,"enemies":"The Guardian","floor":16,"turns":1}],"seed_played":"-258822087182132077","potions_obtained":[{"floor":1.0,"key":"FairyPotion"},{"floor":4.0,"key":"Weak Potion"},{"floor":13.0,"key":"EntropicBrew"}],"is_trial":false,"path_per_floor":["M","$","?","M","?","E","R","M","T","E","$","?","M","M","R","B"],"character_chosen":"THE_SILENT","items_purchased":["Setup","Eviscerate"],"campfire_rested":0,"item_purchase_floors":[2,11],"current_hp_per_floor":[59,59,59,59,66,66,66,64,64,29,29,29,26,22,22,22],"gold":37,"neow_bonus":"THREE_ENEMY_KILL","is_prod":false,"is_daily":false,"chose_seed":false,"campfire_upgraded":2,"win_rate":0,"timestamp":1556423371,"path_taken":["M","$","?","M","?","E","R","M","T","E","$","?","M","M","R","BOSS"],"build_version":"2019-04-23","purchased_purges":0,"victory":false,"max_hp_per_floor":[66,66,66,66,66,66,66,66,66,66,66,66,66,66,66,66],"card_choices":[{"not_picked":["Caltrops","Deadly Poison"],"picked":"Predator","floor":1.0},{"not_picked":["Dagger Spray","Dodge and Roll"],"picked":"Slice","floor":4.0},{"not_picked":["Crippling Poison","Well Laid Plans"],"picked":"Corpse Explosion","floor":6.0},{"not_picked":["Tactician","Riddle With Holes"],"picked":"Leg Sweep","floor":8.0},{"not_picked":["Heel Hook","Calculated Gamble"],"picked":"Leg Sweep","floor":8.0},{"not_picked":["Blur","Prepared","Slice"],"picked":"SKIP","floor":10.0},{"not_picked":["Flying Knee","Blade Dance"],"picked":"Catalyst","floor":13.0},{"not_picked":["Slice","Sucker Punch"],"picked":"Footwork","floor":13.0},{"not_picked":["Prepared","Calculated Gamble"],"picked":"Backflip","floor":14},{"not_picked":["Dagger Spray","Blade Dance","Underhanded Strike"],"picked":"SKIP","floor":14}],"player_experience":1381971,"relics_obtained":[{"floor":6.0,"key":"Prayer Wheel"},{"floor":9.0,"key":"Mercury Hourglass"},{"floor":10.0,"key":"Centennial Puzzle"}],"event_choices":[{"damage_healed":0.0,"max_hp_gain":0.0,"max_hp_loss":0.0,"gold_gain":0.0,"event_name":"Golden Idol","player_choice":"Ignored","floor":3.0,"gold_loss":0.0,"damage_taken":0.0},{"damage_healed":16.0,"max_hp_gain":0.0,"max_hp_loss":0.0,"gold_gain":0.0,"event_name":"The Cleric","player_choice":"Healed","floor":5.0,"gold_loss":35.0,"damage_taken":0.0},{"damage_healed":0.0,"max_hp_gain":0.0,"max_hp_loss":0.0,"gold_gain":0.0,"event_name":"Living Wall","player_choice":"Grow","floor":12.0,"gold_loss":0.0,"damage_taken":0.0,"cards_upgraded":["Predator"]}],"is_beta":true,"boss_relics":[],"items_purged_floors":[],"is_endless":false,"potions_floor_spawned":[1,4,13],"killed_by":"The Guardian","ascension_level":20}