{"gold_per_floor":[116,116,129,140,152,152,170,187,187,187,152,152,152,162,162,162],"floor_reached":16,"playtime":401,"items_purged":[],"score":188,"play_id":"4e3265b3-7a5e-4851-94a5-144a22d7d52a","local_time":"20181127145541","is_ascension_mode":true,"campfire_choices":[{"data":"Genetic Algorithm","floor":6,"key":"SMITH"},{"data":"Ball Lightning","floor":10,"key":"SMITH"},{"data":"Hologram","floor":12,"key":"SMITH"},{"data":"Zap","floor":15,"key":"SMITH"}],"neow_cost":"NONE","seed_source_timestamp":955090957645569,"circlet_count":0,"master_deck":["AscendersBane","Strike_B","Strike_B","Strike_B","Strike_B","Defend_B","Defend_B","Defend_B","Defend_B","Zap+1","Dualcast","Hologram+1","Genetic Algorithm+1","Steam","Sweeping Beam","Cold Snap","Ball Lightning+1","Conserve Battery"],"relics":["Cracked Core","NeowsBlessing","Dodecahedron","Pear"],"potions_floor_usage":[14,14],"damage_taken":[{"damage":0,"enemies":"Jaw Worm","floor":1,"turns":1},{"damage":0,"enemies":"2 Louse","floor":3,"turns":1},{"damage":0,"enemies":"Cultist","floor":4,"turns":1},{"damage":14,"enemies":"Large Slime","floor":5,"turns":6},{"damage":13,"enemies":"Exordium Wildlife","floor":7,"turns":4},{"damage":6,"enemies":"Looter","floor":8,"turns":4},{"damage":0,"enemies":"Gremlin Gang","floor":14,"turns":4},{"damage":60,"enemies":"Hexaghost","floor":16,"turns":9}],"seed_played":"2638920417618318556","potions_obtained":[{"floor":3,"key":"GamblersBrew"},{"floor":7,"key":"Fire Potion"},{"floor":8,"key":"AttackPotion"}],"is_trial":false,"path_per_floor":["M","?","M","M","M","R","M","M","T","R","?","R","T","M","R","B"],"character_chosen":"DEFECT","items_purchased":[],"campfire_rested":0,"item_purchase_floors":[],"current_hp_per_floor":[64,64,64,64,50,50,37,31,31,31,48,48,58,58,58,0],"gold":162,"neow_bonus":"THREE_ENEMY_KILL","is_prod":false,"is_daily":false,"chose_seed":false,"campfire_upgraded":4,"win_rate":0,"timestamp":1543348541,"path_taken":["M","?","M","M","M","R","M","M","T","R","?","R","?","M","R","BOSS"],"build_version":"2018-11-15","purchased_purges":0,"victory":false,"max_hp_per_floor":[71,71,71,71,71,71,71,71,71,71,71,71,81,81,81,81],"card_choices":[{"not_picked":["Coolheaded","Double Energy"],"picked":"Hologram","floor":1},{"not_picked":["Ball Lightning","Fusion"],"picked":"Genetic Algorithm","floor":3},{"not_picked":["Lockon","Skim"],"picked":"Steam","floor":4},{"not_picked":["Double Energy","Undo"],"picked":"Sweeping Beam","floor":5},{"not_picked":["Skim","Leap"],"picked":"Cold Snap","floor":7},{"not_picked":["Sweeping Beam","Go for the Eyes"],"picked":"Ball Lightning","floor":8},{"not_picked":["Sweeping Beam","Gash"],"picked":"Conserve Battery","floor":14}],"player_experience":778049,"relics_obtained":[{"floor":9,"key":"Dodecahedron"},{"floor":13,"key":"Pear"}],"event_choices":[{"damage_healed":0,"gold_gain":0,"player_choice":"Fled","damage_taken":0,"max_hp_gain":0,"max_hp_loss":0,"event_name":"Scrap Ooze","floor":2,"gold_loss":0},{"damage_healed":17,"gold_gain":0,"player_choice":"Healed","damage_taken":0,"max_hp_gain":0,"max_hp_loss":0,"event_name":"The Cleric","floor":11,"gold_loss":35}],"is_beta":false,"boss_relics":[],"items_purged_floors":[],"is_endless":false,"potions_floor_spawned":[3,7,8],"killed_by":"Hexaghost","ascension_level":20}