{"gold_per_floor":[113,126,138,138,63,63,96,96,142,171,171,171],"floor_reached":12,"playtime":542,"items_purged":[],"score":86,"play_id":"05a9adc8-27c4-4ebd-906b-21cc6e60d877","local_time":"20181230043053","is_ascension_mode":false,"campfire_choices":[{"data":"Dualcast","floor":6,"key":"SMITH"},{"floor":8,"key":"REST"}],"neow_cost":"NONE","seed_source_timestamp":135406503981072,"circlet_count":0,"master_deck":["Strike_B","Strike_B","Strike_B","Strike_B+1","Defend_B","Defend_B","Defend_B","Defend_B+1","Zap","Dualcast+1","Forethought+1","Sweeping Beam","Sweeping Beam","White Noise","FTL+1","Genetic Algorithm","Streamline","White Noise"],"relics":["Cracked Core","Dream Catcher","War Paint","Smiling Mask","Meat on the Bone"],"potions_floor_usage":[12],"damage_taken":[{"damage":1,"enemies":"Cultist","floor":1,"turns":3},{"damage":0,"enemies":"2 Louse","floor":2,"turns":2},{"damage":8,"enemies":"Jaw Worm","floor":3,"turns":3},{"damage":35,"enemies":"Gremlin Nob","floor":7,"turns":4},{"damage":28,"enemies":"3 Sentries","floor":10,"turns":5},{"damage":12,"enemies":"Blue Slaver","floor":12,"turns":2}],"seed_played":"-4225021485701263567","potions_obtained":[{"floor":1,"key":"FearPotion"},{"floor":10,"key":"Regen Potion"}],"is_trial":false,"path_per_floor":["M","M","M","?","$","R","E","R","T","E","?","M"],"character_chosen":"DEFECT","items_purchased":["FTL"],"campfire_rested":1,"item_purchase_floors":[5],"current_hp_per_floor":[74,74,66,59,59,59,24,46,46,18,3,0],"gold":171,"neow_bonus":"RANDOM_COLORLESS","is_prod":false,"is_daily":false,"chose_seed":false,"campfire_upgraded":1,"win_rate":0.0,"timestamp":1546173053,"path_taken":["M","?","M","?","$","R","E","R","T","E","?","M"],"build_version":"2018-12-20","purchased_purges":0,"victory":false,"max_hp_per_floor":[75,75,75,75,75,75,75,75,75,75,75,75],"card_choices":[{"not_picked":["Conserve Battery","Scrape"],"picked":"Sweeping Beam","floor":1},{"not_picked":["Cold Snap","Ball Lightning"],"picked":"Sweeping Beam","floor":2},{"not_picked":["Steam","Hello World"],"picked":"White Noise","floor":3},{"not_picked":["Hyperbeam","Turbo"],"picked":"Genetic Algorithm","floor":7},{"not_picked":["Redo","Conserve Battery"],"picked":"Streamline","floor":8},{"not_picked":["Compile Driver","Steam"],"picked":"White Noise","floor":10}],"player_experience":161749,"relics_obtained":[{"floor":7,"key":"War Paint"},{"floor":9,"key":"Smiling Mask"},{"floor":10,"key":"Meat on the Bone"}],"event_choices":[{"damage_healed":0,"gold_gain":0,"player_choice":"Success","damage_taken":7,"relics_obtained":["Dream Catcher"],"max_hp_gain":0,"max_hp_loss":0,"event_name":"Scrap Ooze","floor":4,"gold_loss":0},{"damage_healed":0,"gold_gain":0,"player_choice":"Entered Light","damage_taken":15,"max_hp_gain":0,"max_hp_loss":0,"event_name":"Shining Light","floor":11,"gold_loss":0,"cards_upgraded":["FTL","Strike_B"]}],"is_beta":false,"boss_relics":[],"items_purged_floors":[],"is_endless":false,"potions_floor_spawned":[1,10],"killed_by":"Blue Slaver","ascension_level":0}