{"gold_per_floor":[111,111,124,144,159,159,190,190,190,218,218,168,168,194,194,292,292,310,327,353,153,153,153,179,179,179,179,119,19,51,70,70,165,165,184,202,77,107,124,124,153,153,231,257,14,14,49,149,149,149,149,149,9,41,41],"floor_reached":56,"playtime":2302,"items_purged":["Strike_B","Aggregate","Ball Lightning","Rip and Tear+1","Turbo"],"score":1701,"play_id":"a8d4864f-783f-497d-930c-4aac8a69f968","local_time":"20190502015859","is_ascension_mode":true,"campfire_choices":[{"data":"Zap","floor":6.0,"key":"SMITH"},{"data":"Thunder Strike","floor":11.0,"key":"SMITH"},{"data":"Rip and Tear","floor":13.0,"key":"SMITH"},{"data":"Dualcast","floor":15.0,"key":"SMITH"},{"data":"Defragment","floor":23.0,"key":"SMITH"},{"data":"Coolheaded","floor":27.0,"key":"SMITH"},{"data":"Coolheaded","floor":32.0,"key":"SMITH"},{"data":"Recycle","floor":40.0,"key":"SMITH"},{"data":"Reboot","floor":42.0,"key":"SMITH"},{"floor":49.0,"key":"RECALL"},{"data":"Coolheaded","floor":52.0,"key":"SMITH"}],"neow_cost":"NONE","seed_source_timestamp":395208038600,"circlet_count":0,"master_deck":["Defend_B","Zap+1","Dualcast+1","Thunder Strike+1","Undo","Reboot+1","BootSequence","Tempest+1","Genetic Algorithm","Defragment+1","Coolheaded+1","Coolheaded+1","Recycle+1","Electrodynamics+1","Coolheaded+1","Blizzard+1","Coolheaded+1","Defragment+1","Reprogram+1"],"special_seed":0,"relics":["Cracked Core","NeowsBlessing","Pen Nib","Sundial","Kunai","StoneCalendar","Runic Pyramid","Red Mask","Frozen Egg 2","Symbiotic Virus","Gremlin Horn","Black Star","Tiny Chest","Bag of Preparation","Darkstone Periapt","Ice Cream","The Courier","Orichalcum","Juzu Bracelet","Du-Vu Doll","Happy Flower","Art of War"],"potions_floor_usage":[55,55],"damage_taken":[{"damage":0.0,"enemies":"Jaw Worm","floor":1.0,"turns":1.0},{"damage":0.0,"enemies":"Cultist","floor":3.0,"turns":1.0},{"damage":0.0,"enemies":"Small Slimes","floor":4.0,"turns":1.0},{"damage":3.0,"enemies":"Exordium Wildlife","floor":5.0,"turns":5.0},{"damage":8.0,"enemies":"Lagavulin","floor":7.0,"turns":7.0},{"damage":17.0,"enemies":"3 Sentries","floor":10.0,"turns":6.0},{"damage":8.0,"enemies":"Gremlin Nob","floor":14.0,"turns":3.0},{"damage":0.0,"enemies":"Slime Boss","floor":16.0,"turns":5.0},{"damage":5.0,"enemies":"Chosen","floor":18.0,"turns":4.0},{"damage":0.0,"enemies":"Spheric Guardian","floor":19.0,"turns":3.0},{"damage":19.0,"enemies":"Masked Bandits","floor":20.0,"turns":4.0},{"damage":10.0,"enemies":"Book of Stabbing","floor":24.0,"turns":4.0},{"damage":18.0,"enemies":"Slavers","floor":30.0,"turns":3.0},{"damage":0.0,"enemies":"Chosen and Byrds","floor":31.0,"turns":4.0},{"damage":0.0,"enemies":"Automaton","floor":33.0,"turns":4.0},{"damage":0.0,"enemies":"3 Shapes","floor":35.0,"turns":2.0},{"damage":0.0,"enemies":"Orb Walker","floor":36.0,"turns":3.0},{"damage":8.0,"enemies":"Spire Growth","floor":39.0,"turns":3.0},{"damage":0.0,"enemies":"Reptomancer","floor":41.0,"turns":3.0},{"damage":0.0,"enemies":"Nemesis","floor":44.0,"turns":3.0},{"damage":0.0,"enemies":"Giant Head","floor":47.0,"turns":3.0},{"damage":0.0,"enemies":"Mind Bloom Boss Battle","floor":48.0,"turns":3.0},{"damage":0.0,"enemies":"Donu and Deca","floor":50.0,"turns":3.0},{"damage":0,"enemies":"Shield and Spear","floor":54,"turns":3},{"damage":0,"enemies":"The Heart","floor":55,"turns":5}],"seed_played":"-2763438825339041077","potions_obtained":[{"floor":1.0,"key":"Ancient Potion"},{"floor":3.0,"key":"SkillPotion"},{"floor":10.0,"key":"Swift Potion"},{"floor":16.0,"key":"Energy Potion"},{"floor":18.0,"key":"FearPotion"},{"floor":24.0,"key":"Strength Potion"},{"floor":36.0,"key":"SpeedPotion"},{"floor":39.0,"key":"Explosive Potion"},{"floor":41.0,"key":"Dexterity Potion"},{"floor":54,"key":"FocusPotion"}],"is_trial":false,"path_per_floor":["M","?","M","M","M","R","E","?","T","E","R","?","R","E","R","B",null,"M","M","?","$","?","R","E","?","T","R","?","$","E","M","R","B",null,"M","M","$","?","M","R","E","R","T","E","$","T","E","?","R","B",null,"R","$","E","B",null],"character_chosen":"DEFECT","items_purchased":["Explosive Potion","Regen Potion","Coolheaded","Defragment+1"],"campfire_rested":0,"item_purchase_floors":[21,21,45,45],"current_hp_per_floor":[75,75,75,75,72,72,64,64,64,47,47,47,47,39,39,39,75,70,70,51,51,51,51,53,53,53,53,53,53,35,35,35,35,75,75,75,75,75,67,67,67,67,67,67,67,67,67,67,67,67,75,75,75,75,75],"gold":41,"neow_bonus":"THREE_ENEMY_KILL","is_prod":false,"is_daily":false,"chose_seed":false,"campfire_upgraded":10,"win_rate":0,"timestamp":1556733539,"path_taken":["M","?","?","?","M","R","E","?","T","E","R","?","R","E","R","BOSS","M","M","?","$","?","R","E","?","T","R","?","$","E","M","R","BOSS","M","M","$","?","M","R","E","R","T","E","?","?","E","?","R","BOSS","R","$","E","BOSS"],"build_version":"2019-04-23","purchased_purges":5,"victory":true,"max_hp_per_floor":[75,75,75,75,75,75,75,75,75,75,75,75,75,75,75,75,75,75,75,75,75,75,75,75,75,75,75,75,75,75,75,75,75,75,75,75,75,75,75,75,75,75,75,75,75,75,75,75,75,75,75,75,75,75,75],"card_choices":[{"not_picked":["Chaos","Steam"],"picked":"Rip and Tear","floor":1.0},{"not_picked":["Gash","Reprogram","Hologram"],"picked":"SKIP","floor":3.0},{"not_picked":["Sweeping Beam","Hologram"],"picked":"Undo","floor":4.0},{"not_picked":["Steam Power","Chaos"],"picked":"Ball Lightning","floor":5.0},{"not_picked":["Heatsinks","All For One"],"picked":"Turbo","floor":7.0},{"not_picked":["Rip and Tear","Cold Snap","Steam"],"picked":"SKIP","floor":10.0},{"not_picked":["Rip and Tear","Cold Snap","Steam"],"picked":"SKIP","floor":10.0},{"not_picked":["Fusion","Conserve Battery","Undo"],"picked":"SKIP","floor":14.0},{"not_picked":["Creative AI","Buffer"],"picked":"Reboot","floor":16.0},{"not_picked":["Steam Power+1","Reprogram"],"picked":"BootSequence","floor":18.0},{"not_picked":["Gash","Stack+1","Redo+1"],"picked":"SKIP","floor":19.0},{"not_picked":["Gash","Storm"],"picked":"Tempest+1","floor":20.0},{"not_picked":["Rebound","Aggregate","Turbo+1"],"picked":"SKIP","floor":24.0},{"not_picked":["Hologram+1","Consume","Chill"],"picked":"SKIP","floor":30.0},{"not_picked":["Gash","Hologram"],"picked":"Recycle","floor":31.0},{"not_picked":["Meteor Strike","All For One"],"picked":"Electrodynamics+1","floor":33.0},{"not_picked":["Static Discharge+1","Consume","Streamline+1"],"picked":"SKIP","floor":35.0},{"not_picked":["Conserve Battery","Darkness","Steam+1"],"picked":"SKIP","floor":36.0},{"not_picked":["Go for the Eyes+1","Hello World+1"],"picked":"Coolheaded+1","floor":39.0},{"not_picked":["Loop+1","Cold Snap"],"picked":"Blizzard+1","floor":41.0},{"not_picked":["Force Field+1","Cold Snap+1","Streamline"],"picked":"SKIP","floor":44.0},{"not_picked":["BootSequence+1","Steam Power"],"picked":"Reprogram+1","floor":47.0},{"not_picked":["Fusion","BootSequence","Turbo+1"],"picked":"SKIP","floor":54}],"player_experience":1415883,"relics_obtained":[{"floor":7.0,"key":"Pen Nib"},{"floor":9.0,"key":"Sundial"},{"floor":10.0,"key":"Kunai"},{"floor":14.0,"key":"StoneCalendar"},{"floor":20.0,"key":"Red Mask"},{"floor":24.0,"key":"Frozen Egg 2"},{"floor":26.0,"key":"Symbiotic Virus"},{"floor":30.0,"key":"Gremlin Horn"},{"floor":41.0,"key":"Bag of Preparation"},{"floor":44.0,"key":"Darkstone Periapt"},{"floor":44.0,"key":"Ice Cream"},{"floor":46.0,"key":"The Courier"},{"floor":47.0,"key":"Orichalcum"},{"floor":47.0,"key":"Juzu Bracelet"},{"floor":48.0,"key":"Du-Vu Doll"},{"floor":54,"key":"Happy Flower"},{"floor":54,"key":"Art of War"}],"event_choices":[{"damage_healed":0.0,"max_hp_gain":0.0,"max_hp_loss":0.0,"gold_gain":0.0,"cards_transformed":["Strike_B"],"event_name":"Transmorgrifier","player_choice":"Transformed","floor":2.0,"gold_loss":0.0,"damage_taken":0.0,"cards_obtained":["Thunder Strike"]},{"damage_healed":0.0,"max_hp_gain":0.0,"max_hp_loss":0.0,"gold_gain":0.0,"event_name":"Liars Game","player_choice":"Ignored","floor":8.0,"gold_loss":0.0,"damage_taken":0.0},{"cards_removed":["Strike_B"],"damage_healed":0.0,"max_hp_gain":0.0,"max_hp_loss":0.0,"gold_gain":0.0,"event_name":"The Cleric","player_choice":"Card Removal","floor":12.0,"gold_loss":50.0,"damage_taken":0.0},{"damage_healed":0.0,"max_hp_gain":0.0,"max_hp_loss":0.0,"gold_gain":0.0,"event_name":"Masked Bandits","player_choice":"Fought Bandits","floor":20.0,"gold_loss":0.0,"damage_taken":0.0},{"damage_healed":0.0,"max_hp_gain":0.0,"max_hp_loss":0.0,"gold_gain":0.0,"cards_transformed":["Strike_B","Defend_B"],"event_name":"Drug Dealer","player_choice":"Became Test Subject","floor":22.0,"gold_loss":0.0,"damage_taken":0.0,"cards_obtained":["Genetic Algorithm","Defragment"]},{"damage_healed":0.0,"max_hp_gain":0.0,"max_hp_loss":0.0,"gold_gain":0.0,"event_name":"The Library","player_choice":"Read","floor":25.0,"gold_loss":0.0,"damage_taken":0.0,"cards_obtained":["Coolheaded"]},{"damage_healed":0.0,"max_hp_gain":0.0,"max_hp_loss":0.0,"gold_gain":0.0,"cards_transformed":["Defend_B","Defend_B"],"event_name":"Designer","player_choice":"Transformed Cards","floor":28.0,"gold_loss":60.0,"damage_taken":0.0,"cards_obtained":["Coolheaded","Aggregate"]},{"damage_healed":0.0,"max_hp_gain":0.0,"max_hp_loss":0.0,"gold_gain":0.0,"event_name":"WeMeetAgain","player_choice":"Gave Potion","floor":38.0,"gold_loss":0.0,"damage_taken":0.0,"relics_obtained":["Tiny Chest"]},{"damage_healed":0.0,"max_hp_gain":0.0,"max_hp_loss":0.0,"gold_gain":0.0,"event_name":"MindBloom","player_choice":"Fight","floor":48.0,"gold_loss":0.0,"damage_taken":0.0}],"is_beta":true,"boss_relics":[{"not_picked":["Orrery","Philosopher\u0027s Stone"],"picked":"Runic Pyramid"},{"not_picked":["Snecko Eye","Inserter"],"picked":"Black Star"}],"items_purged_floors":[21,29,37,45,53],"is_endless":false,"potions_floor_spawned":[1,3,10,16,18,19,24,36,39,41,47,54],"ascension_level":1}