{"gold_per_floor":[117,128,139,151,164,193,193,143,196,196,196,196,220,240,240,366,366,381,396,396,410,163,163,189,205,205,205,221,236,236,161,161,265,265,278,88,88,100,116,116,135,163,186,200,210,242,242,261,261,261],"floor_reached":51,"playtime":4854,"items_purged":["Clumsy"],"score":860,"play_id":"44b25fa4-33bf-428f-9aa3-d4589a2d9985","local_time":"20190415184314","is_ascension_mode":false,"campfire_choices":[{"data":"Defragment","floor":7.0,"key":"SMITH"},{"data":"Zap","floor":10.0,"key":"SMITH"},{"floor":15,"key":"REST"},{"data":"Conserve Battery","floor":23,"key":"SMITH"},{"data":"Conserve Battery","floor":27,"key":"SMITH"},{"data":"Creative AI","floor":32,"key":"SMITH"},{"data":"Biased Cognition","floor":40,"key":"SMITH"},{"data":"Echo Form","floor":47,"key":"SMITH"},{"data":"Leap","floor":49,"key":"SMITH"}],"neow_cost":"NONE","seed_source_timestamp":0,"circlet_count":0,"master_deck":["Strike_B","Defend_B","Defend_B","Defend_B","Zap+1","Dualcast","Defragment+1","Conserve Battery+1","Core Surge","Compile Driver","Conserve Battery+1","Chill","Leap","Electrodynamics","Cold Snap","Hologram","Creative AI+1","Cold Snap+1","Ghostly","Ghostly","Ghostly","Ghostly","Ghostly","Biased Cognition+1","Leap+1","Coolheaded+1","Chill+1","Clumsy","Echo Form+1","Parasite","Go for the Eyes+1"],"special_seed":0,"relics":["Empty Cage","Mercury Hourglass","Happy Flower","Singing Bowl","Bloody Idol","Cursed Key","Bottled Flame","Anchor","Boot","Inserter","OrangePellets","Vajra","Dream Catcher","Ornamental Fan"],"potions_floor_usage":[16,24,24,50,50,50],"damage_taken":[{"damage":1.0,"enemies":"Jaw Worm","floor":1.0,"turns":4.0},{"damage":2.0,"enemies":"2 Louse","floor":2.0,"turns":3.0},{"damage":2.0,"enemies":"Small Slimes","floor":3.0,"turns":4.0},{"damage":2.0,"enemies":"Red Slaver","floor":4.0,"turns":4.0},{"damage":9.0,"enemies":"3 Louse","floor":5.0,"turns":3.0},{"damage":19.0,"enemies":"Lagavulin","floor":6.0,"turns":7.0},{"damage":0.0,"enemies":"Gremlin Gang","floor":13.0,"turns":4.0},{"damage":0.0,"enemies":"Blue Slaver","floor":14.0,"turns":3.0},{"damage":0,"enemies":"Slime Boss","floor":16,"turns":7},{"damage":5,"enemies":"Spheric Guardian","floor":18,"turns":3},{"damage":0,"enemies":"3 Byrds","floor":19,"turns":2},{"damage":0,"enemies":"Centurion and Healer","floor":21,"turns":6},{"damage":7,"enemies":"Book of Stabbing","floor":24,"turns":7},{"damage":0,"enemies":"Shelled Parasite and Fungi","floor":25,"turns":7},{"damage":1,"enemies":"Sentry and Sphere","floor":28,"turns":6},{"damage":1,"enemies":"Snecko","floor":29,"turns":5},{"damage":1,"enemies":"Champ","floor":33,"turns":15},{"damage":0,"enemies":"Orb Walker","floor":35,"turns":5},{"damage":4,"enemies":"3 Darklings","floor":38,"turns":5},{"damage":0,"enemies":"Transient","floor":39,"turns":5},{"damage":2,"enemies":"4 Shapes","floor":41,"turns":11},{"damage":0,"enemies":"Nemesis","floor":42,"turns":11},{"damage":0,"enemies":"Jaw Worm Horde","floor":44,"turns":5},{"damage":0,"enemies":"3 Darklings","floor":45,"turns":4},{"damage":0,"enemies":"Reptomancer","floor":46,"turns":8},{"damage":1,"enemies":"Writhing Mass","floor":48,"turns":11},{"damage":0,"enemies":"Time Eater","floor":50,"turns":32}],"seed_played":"-1432090517908037894","potions_obtained":[{"floor":3.0,"key":"Regen Potion"},{"floor":5.0,"key":"SpeedPotion"},{"floor":13.0,"key":"Block Potion"},{"floor":14.0,"key":"FearPotion"},{"floor":18,"key":"FocusPotion"},{"floor":29,"key":"Poison Potion"},{"floor":35,"key":"SteroidPotion"},{"floor":44,"key":"EssenceOfSteel"},{"floor":45,"key":"Swift Potion"}],"is_trial":false,"path_per_floor":["M","M","M","M","M","E","R","?","T","R","?","?","M","M","R","B",null,"M","M","?","M","$","R","E","M","T","R","M","M","?","$","R","B",null,"M","$","?","M","M","R","M","E","T","M","M","E","R","M","R","B",null],"character_chosen":"DEFECT","items_purchased":["Bottled Flame","OrangePellets"],"campfire_rested":1,"item_purchase_floors":[22,36],"current_hp_per_floor":[74,72,70,68,59,55,55,55,55,55,43,25,25,25,47,49,77,74,76,76,81,81,81,81,83,83,83,83,83,41,41,41,41,41,41,41,41,43,43,43,45,45,45,47,49,49,49,49,49,49],"gold":261,"neow_bonus":"BOSS_RELIC","is_prod":false,"is_daily":false,"chose_seed":false,"campfire_upgraded":8,"win_rate":0,"timestamp":1555368194,"path_taken":["M","M","M","M","M","E","R","?","T","R","?","?","M","M","R","BOSS","M","M","?","M","$","R","E","M","T","R","M","M","?","$","R","BOSS","M","$","?","M","M","R","M","E","T","M","?","E","R","M","R","BOSS"],"build_version":"2019-01-23","purchased_purges":1,"victory":true,"max_hp_per_floor":[75,75,75,75,75,75,75,75,75,75,75,75,75,75,75,77,77,79,81,81,81,81,81,83,83,83,83,83,83,41,41,41,41,41,41,41,41,43,43,43,45,45,45,47,49,49,49,49,49,49],"card_choices":[{"not_picked":["Rebound","Conserve Battery"],"picked":"Defragment","floor":1.0},{"not_picked":["Redo","White Noise"],"picked":"Conserve Battery","floor":2.0},{"not_picked":["Compile Driver","Coolheaded"],"picked":"Core Surge","floor":3.0},{"not_picked":["Rip and Tear","Steam"],"picked":"Compile Driver","floor":4.0},{"not_picked":["Ball Lightning","BootSequence"],"picked":"Conserve Battery","floor":5.0},{"not_picked":["Sweeping Beam","Rip and Tear"],"picked":"Chill","floor":6.0},{"not_picked":["Loop","Undo"],"picked":"Leap","floor":13.0},{"not_picked":["Ball Lightning","Streamline"],"picked":"Electrodynamics","floor":14.0},{"not_picked":["All For One","Electrodynamics","Hyperbeam"],"picked":"Singing Bowl","floor":16},{"not_picked":["Streamline","Barrage","Gash"],"picked":"Singing Bowl","floor":18},{"not_picked":["Beam Cell","Barrage","Gash"],"picked":"Singing Bowl","floor":19},{"not_picked":["Double Energy","Consume"],"picked":"Cold Snap","floor":21},{"not_picked":["Gash","Double Energy","Redo"],"picked":"Singing Bowl","floor":24},{"not_picked":["FTL","Turbo"],"picked":"Hologram","floor":25},{"not_picked":["Cold Snap","Aggregate"],"picked":"Creative AI","floor":28},{"not_picked":["Hello World","Rebound+1"],"picked":"Cold Snap+1","floor":29},{"not_picked":["Hyperbeam","Rainbow"],"picked":"Biased Cognition","floor":33},{"not_picked":["Streamline+1","Ball Lightning+1"],"picked":"Leap","floor":35},{"not_picked":["Force Field+1","Turbo","Auto Shields+1"],"picked":"Singing Bowl","floor":38},{"not_picked":["Ball Lightning+1","Barrage"],"picked":"Coolheaded+1","floor":39},{"not_picked":["Lockon+1","Doom and Gloom+1","Steam+1"],"picked":"Singing Bowl","floor":41},{"not_picked":["Beam Cell","Static Discharge+1"],"picked":"Chill+1","floor":42},{"not_picked":["Gash+1","Sunder+1","BootSequence+1"],"picked":"Singing Bowl","floor":44},{"not_picked":["Lockon+1","Fusion","Chaos+1"],"picked":"Singing Bowl","floor":45},{"not_picked":["Ball Lightning+1","Gash"],"picked":"Echo Form","floor":46},{"not_picked":["Gash","Stack"],"picked":"Go for the Eyes+1","floor":48}],"player_experience":342692,"relics_obtained":[{"floor":6.0,"key":"Mercury Hourglass"},{"floor":9.0,"key":"Happy Flower"},{"floor":24,"key":"Anchor"},{"floor":26,"key":"Boot"},{"floor":42,"key":"Vajra"},{"floor":43,"key":"Dream Catcher"},{"floor":46,"key":"Ornamental Fan"}],"event_choices":[{"cards_removed":["Strike_B"],"damage_healed":0.0,"max_hp_gain":0.0,"max_hp_loss":0.0,"gold_gain":0.0,"event_name":"The Cleric","player_choice":"Card Removal","floor":8.0,"gold_loss":50.0,"damage_taken":0.0},{"damage_healed":0.0,"max_hp_gain":0.0,"max_hp_loss":0.0,"gold_gain":0.0,"event_name":"Scrap Ooze","player_choice":"Success","floor":11.0,"gold_loss":0.0,"damage_taken":12.0,"relics_obtained":["Singing Bowl"]},{"damage_healed":0.0,"max_hp_gain":0.0,"max_hp_loss":0.0,"gold_gain":0.0,"event_name":"Golden Idol","player_choice":"Take Damage","floor":12.0,"gold_loss":0.0,"damage_taken":18.0,"relics_obtained":["Golden Idol"]},{"damage_healed":0,"gold_gain":0,"player_choice":"Gave Idol","damage_taken":0,"relics_obtained":["Bloody Idol"],"max_hp_gain":0,"max_hp_loss":0,"event_name":"Forgotten Altar","floor":20,"relics_lost":["Golden Idol"],"gold_loss":0},{"damage_healed":0,"gold_gain":0,"player_choice":"Became a Ghost","damage_taken":0,"max_hp_gain":0,"max_hp_loss":42,"event_name":"Ghosts","floor":30,"gold_loss":0,"cards_obtained":["Ghostly","Ghostly","Ghostly","Ghostly","Ghostly"]},{"cards_removed":["Strike_B"],"damage_healed":0,"gold_gain":0,"player_choice":"Offered Basic","damage_taken":0,"max_hp_gain":0,"max_hp_loss":0,"event_name":"Bonfire Elementals","floor":37,"gold_loss":0}],"is_beta":false,"boss_relics":[{"not_picked":["Tiny House","Busted Crown"],"picked":"Cursed Key"},{"not_picked":["Lizard Tail","Philosopher\u0027s Stone"],"picked":"Inserter"}],"items_purged_floors":[31],"is_endless":false,"potions_floor_spawned":[3,5,13,14,18,19,21,29,35,38,44,45],"ascension_level":0}