{"gold_per_floor":[110,110,110,285,302,302,12,12,12,67,79,90,120,4,4,99,99,126,152,164,193,224,236,248],"floor_reached":24,"playtime":1215,"items_purged":[],"score":196,"play_id":"209cd379-b993-4c5b-808a-603b76d05320","local_time":"20190417213131","is_ascension_mode":false,"campfire_choices":[{"floor":6,"key":"RECALL"},{"data":"Loop","floor":8,"key":"SMITH"},{"floor":15,"key":"REST"},{"floor":23,"key":"REST"}],"neow_cost":"NONE","seed_source_timestamp":13635114573390,"circlet_count":0,"master_deck":["Strike_B+1","Strike_B","Strike_B","Defend_B","Defend_B","Defend_B","Defend_B","Zap","Dualcast","Redo","Aggregate+1","Doubt","Loop+1","Turbo","Cold Snap","Chaos","Double Energy","Darkness","Hello World","Buffer","Regret","Parasite","Normality","Streamline+1","Redo","Go for the Eyes+1","Glacier"],"relics":["Cracked Core","NeowsBlessing","Emotion Chip","Matryoshka","Orichalcum","Calling Bell","MawBank","Symbiotic Virus","Nunchaku"],"potions_floor_usage":[21,24],"damage_taken":[{"damage":0,"enemies":"Jaw Worm","floor":1,"turns":1},{"damage":0,"enemies":"Small Slimes","floor":5,"turns":1},{"damage":0,"enemies":"Gremlin Nob","floor":10,"turns":1},{"damage":0,"enemies":"2 Louse","floor":11,"turns":2},{"damage":7,"enemies":"Blue Slaver","floor":12,"turns":2},{"damage":19,"enemies":"3 Sentries","floor":13,"turns":5},{"damage":33,"enemies":"The Guardian","floor":16,"turns":10},{"damage":16,"enemies":"Chosen","floor":18,"turns":5},{"damage":9,"enemies":"Shell Parasite","floor":19,"turns":6},{"damage":2,"enemies":"Cultist and Chosen","floor":21,"turns":5},{"damage":26,"enemies":"Centurion and Healer","floor":22,"turns":7},{"damage":51,"enemies":"Slavers","floor":24,"turns":4}],"seed_played":"731159993711747109","potions_obtained":[{"floor":1,"key":"Ancient Potion"},{"floor":13,"key":"Energy Potion"},{"floor":16,"key":"Block Potion"},{"floor":19,"key":"SpeedPotion"}],"is_trial":false,"path_per_floor":["M","?","?","?","M","R","$","R","T","?","M","M","E","$","R","B",null,"M","M","?","M","M","R","E"],"character_chosen":"DEFECT","items_purchased":["Emotion Chip","Darkness","Hello World"],"campfire_rested":2,"item_purchase_floors":[7,14,14],"current_hp_per_floor":[75,75,60,60,60,60,60,60,60,60,60,53,34,34,56,23,75,59,50,50,48,22,44,0],"gold":248,"neow_bonus":"THREE_ENEMY_KILL","is_prod":false,"is_daily":false,"chose_seed":false,"campfire_upgraded":1,"win_rate":0,"timestamp":1555561891,"path_taken":["M","?","?","?","?","R","$","R","T","?","M","M","E","?","R","BOSS","M","M","?","?","?","R","E"],"build_version":"2019-01-23","purchased_purges":0,"victory":false,"max_hp_per_floor":[75,75,75,75,75,75,75,75,75,75,75,75,75,75,75,75,75,75,75,75,75,75,75,75],"card_choices":[{"not_picked":["FTL","Ball Lightning"],"picked":"Redo","floor":1},{"not_picked":["Stack","Defragment"],"picked":"Loop","floor":5},{"not_picked":["Force Field","Streamline"],"picked":"Turbo","floor":10},{"not_picked":["Coolheaded","Beam Cell"],"picked":"Cold Snap","floor":11},{"not_picked":["All For One","Ball Lightning"],"picked":"Chaos","floor":12},{"not_picked":["Cold Snap","Steam"],"picked":"Double Energy","floor":13},{"not_picked":["Machine Learning","All For One"],"picked":"Buffer","floor":16},{"not_picked":["Go for the Eyes","Cold Snap"],"picked":"Streamline+1","floor":18},{"not_picked":["Reinforced Body","All For One"],"picked":"Redo","floor":19},{"not_picked":["Heatsinks+1","Stack"],"picked":"Go for the Eyes+1","floor":21},{"not_picked":["Sweeping Beam","Steam"],"picked":"Glacier","floor":22}],"player_experience":505907,"relics_obtained":[{"floor":10,"key":"Matryoshka"},{"floor":13,"key":"Orichalcum"},{"floor":17,"key":"MawBank"},{"floor":17,"key":"Symbiotic Virus"},{"floor":17,"key":"Nunchaku"}],"event_choices":[{"damage_healed":0,"gold_gain":0,"cards_transformed":["Strike_B"],"player_choice":"Change","damage_taken":0,"max_hp_gain":0,"max_hp_loss":0,"event_name":"Living Wall","floor":2,"gold_loss":0,"cards_obtained":["Aggregate"]},{"damage_healed":0,"gold_gain":0,"player_choice":"Entered Light","damage_taken":15,"max_hp_gain":0,"max_hp_loss":0,"event_name":"Shining Light","floor":3,"gold_loss":0,"cards_upgraded":["Aggregate","Strike_B"]},{"damage_healed":0,"gold_gain":175,"player_choice":"AGREE","damage_taken":0,"max_hp_gain":0,"max_hp_loss":0,"event_name":"Liars Game","floor":4,"gold_loss":0,"cards_obtained":["Doubt"]},{"damage_healed":0,"gold_gain":30,"player_choice":"Searched \u00272\u0027 times","damage_taken":0,"max_hp_gain":0,"max_hp_loss":0,"event_name":"Dead Adventurer","floor":10,"gold_loss":0},{"damage_healed":0,"gold_gain":0,"player_choice":"Ignored","damage_taken":0,"max_hp_gain":0,"max_hp_loss":0,"event_name":"NoteForYourself","floor":20,"gold_loss":0}],"is_beta":false,"boss_relics":[{"not_picked":["Ectoplasm","Lizard Tail"],"picked":"Calling Bell"}],"items_purged_floors":[],"is_endless":false,"potions_floor_spawned":[1,13,16,19],"killed_by":"Slavers","ascension_level":0}