{"gold_per_floor":[110,110,170,170,14,74,74,85,85,50,50,63,93,111,111,208,208,224,224,235,247,54,89,89,115,115,115,134,152,152,152],"floor_reached":31,"playtime":1224,"items_purged":[],"score":311,"play_id":"e7787afa-d0c1-4711-b8e0-b16ad11e7db9","local_time":"20190321221558","is_ascension_mode":true,"campfire_choices":[{"data":"Static Discharge","floor":7,"key":"SMITH"},{"data":"Zap","floor":11,"key":"SMITH"},{"data":"Turbo","floor":15,"key":"SMITH"},{"floor":30,"key":"REST"}],"neow_cost":"NONE","seed_source_timestamp":739176504852243,"circlet_count":0,"master_deck":["Strike_B+1","Strike_B+1","Strike_B+1","Strike_B+1","Defend_B+1","Defend_B+1","Defend_B+1","Defend_B+1","Zap+1","Dualcast","Sunder","Melter","Static Discharge+1","Turbo+1","Steam","Gash","Gash","Gash","Electrodynamics","Redo+1","BootSequence","Capacitor+1","White Noise+1","Go for the Eyes","Storm+1","Decay"],"relics":["Cracked Core","Boot","Incense Burner","Tiny Chest","StoneCalendar","Unceasing Top","Sozu","Membership Card","Orichalcum","Vajra","Matryoshka"],"potions_floor_usage":[6,13,16,31],"damage_taken":[{"damage":5,"enemies":"2 Louse","floor":1,"turns":2},{"damage":30,"enemies":"3 Sentries","floor":6,"turns":5},{"damage":1,"enemies":"Jaw Worm","floor":8,"turns":2},{"damage":0,"enemies":"Small Slimes","floor":12,"turns":2},{"damage":6,"enemies":"Gremlin Nob","floor":13,"turns":3},{"damage":9,"enemies":"Red Slaver","floor":14,"turns":2},{"damage":12,"enemies":"The Guardian","floor":16,"turns":7},{"damage":11,"enemies":"Spheric Guardian","floor":18,"turns":3},{"damage":0,"enemies":"Chosen","floor":20,"turns":3},{"damage":14,"enemies":"Centurion and Healer","floor":21,"turns":3},{"damage":10,"enemies":"Slavers","floor":23,"turns":3},{"damage":13,"enemies":"Gremlin Leader","floor":25,"turns":4},{"damage":0,"enemies":"Shelled Parasite and Fungi","floor":28,"turns":2},{"damage":14,"enemies":"Snake Plant","floor":29,"turns":2},{"damage":52,"enemies":"Book of Stabbing","floor":31,"turns":4}],"seed_played":"6295958297308661287","potions_obtained":[{"floor":1,"key":"FairyPotion"},{"floor":4,"key":"SkillPotion"},{"floor":4,"key":"Poison Potion"},{"floor":8,"key":"GamblersBrew"},{"floor":14,"key":"LiquidBronze"}],"is_trial":false,"path_per_floor":["M","?","?","?","$","E","R","M","T","?","R","M","E","M","R","B",null,"M","?","M","M","$","E","?","E","T","?","M","M","R","E"],"character_chosen":"DEFECT","items_purchased":["Melter","Static Discharge","Membership Card"],"campfire_rested":1,"item_purchase_floors":[5,5,22],"current_hp_per_floor":[70,63,63,63,63,33,33,32,32,50,50,50,44,35,35,23,75,64,64,64,50,50,40,40,27,27,27,27,13,35,0],"gold":152,"neow_bonus":"RANDOM_COMMON_RELIC","is_prod":false,"is_daily":false,"chose_seed":false,"campfire_upgraded":3,"win_rate":0,"timestamp":1553231758,"path_taken":["M","?","?","?","$","E","R","?","T","?","R","M","E","M","R","BOSS","M","?","M","M","$","E","?","E","T","?","?","M","R","E"],"build_version":"2019-01-23","purchased_purges":0,"victory":false,"max_hp_per_floor":[75,75,75,75,75,75,75,75,75,75,75,75,75,75,75,75,75,75,75,75,75,75,75,75,75,75,75,75,75,75,75],"card_choices":[{"not_picked":["Darkness","Streamline"],"picked":"Sunder","floor":1},{"not_picked":["Rebound","Beam Cell"],"picked":"Turbo","floor":6},{"not_picked":["Gash","Compile Driver"],"picked":"Steam","floor":8},{"not_picked":["Compile Driver","Recycle"],"picked":"Gash","floor":12},{"not_picked":["Leap","All For One"],"picked":"Gash","floor":13},{"not_picked":["Coolheaded","Doom and Gloom"],"picked":"Gash","floor":14},{"not_picked":["Meteor Strike","Machine Learning"],"picked":"Electrodynamics","floor":16},{"not_picked":["Aggregate+1","Rebound"],"picked":"Redo+1","floor":18},{"not_picked":["Consume","Stack"],"picked":"Capacitor+1","floor":20},{"not_picked":["Beam Cell+1","Turbo+1"],"picked":"White Noise+1","floor":21},{"not_picked":["Cold Snap","Chill"],"picked":"Go for the Eyes","floor":23},{"not_picked":["Reinforced Body+1","Static Discharge"],"picked":"Storm+1","floor":25},{"not_picked":["Hologram","Blizzard","Leap"],"picked":"SKIP","floor":28},{"not_picked":["Multi-Cast","Fusion","Hologram"],"picked":"SKIP","floor":29}],"player_experience":372748,"relics_obtained":[{"floor":6,"key":"Tiny Chest"},{"floor":9,"key":"StoneCalendar"},{"floor":13,"key":"Unceasing Top"},{"floor":23,"key":"Orichalcum"},{"floor":25,"key":"Vajra"},{"floor":26,"key":"Matryoshka"}],"event_choices":[{"damage_healed":0,"gold_gain":0,"player_choice":"Success","damage_taken":7,"relics_obtained":["Incense Burner"],"max_hp_gain":0,"max_hp_loss":0,"event_name":"Scrap Ooze","floor":2,"gold_loss":0},{"damage_healed":0,"gold_gain":60,"player_choice":"Gained Gold","damage_taken":0,"max_hp_gain":0,"max_hp_loss":0,"event_name":"Golden Wing","floor":3,"gold_loss":0},{"damage_healed":0,"gold_gain":0,"player_choice":"Got Potions","damage_taken":0,"max_hp_gain":0,"max_hp_loss":0,"event_name":"Lab","floor":4,"gold_loss":0},{"damage_healed":18,"gold_gain":0,"player_choice":"Healed","damage_taken":0,"max_hp_gain":0,"max_hp_loss":0,"event_name":"The Cleric","floor":10,"gold_loss":35},{"damage_healed":0,"gold_gain":0,"player_choice":"Read","damage_taken":0,"max_hp_gain":0,"max_hp_loss":0,"event_name":"The Library","floor":19,"gold_loss":0,"cards_obtained":["BootSequence"]},{"damage_healed":0,"gold_gain":0,"player_choice":"Simplicity","damage_taken":0,"max_hp_gain":0,"max_hp_loss":0,"event_name":"Back to Basics","floor":24,"gold_loss":0,"cards_upgraded":["Strike_B","Strike_B","Strike_B","Strike_B","Defend_B","Defend_B","Defend_B","Defend_B"]},{"damage_healed":0,"gold_gain":0,"player_choice":"Cursed","damage_taken":0,"max_hp_gain":0,"max_hp_loss":0,"event_name":"Wheel of Change","floor":27,"gold_loss":0,"cards_obtained":["Decay"]}],"is_beta":false,"boss_relics":[{"not_picked":["Ectoplasm","Snecko Eye"],"picked":"Sozu"}],"items_purged_floors":[],"is_endless":false,"potions_floor_spawned":[1,8,14,21,23,25,29],"killed_by":"Book of Stabbing","ascension_level":2}