{"gold_per_floor":[118,137,137,212,212,212,245,170,170,185,85,103,103,103,103,174,174,189,189,208,219,59,59],"floor_reached":23,"playtime":1093,"items_purged":["Strike_R","Strike_R"],"score":385,"play_id":"500a00bd-65f7-45bc-bf56-115cb5c31c4b","local_time":"20190507183042","is_ascension_mode":true,"campfire_choices":[{"data":"Shrug It Off","floor":6,"key":"SMITH"},{"data":"Bash","floor":13,"key":"SMITH"},{"data":"Strike_R","floor":15,"key":"SMITH"}],"neow_cost":"NONE","seed_source_timestamp":205881469373400,"circlet_count":0,"master_deck":["AscendersBane","Strike_R+1","Strike_R+1","Defend_R","Bash+1","Metallicize+1","Shrug It Off+1","Impervious","Pommel Strike+1","Flex+1","Flame Barrier+1","Brutality","Body Slam","Demon Form"],"relics":["Burning Blood","NeowsBlessing","Gremlin Horn","Darkstone Periapt","Pear","Astrolabe"],"potions_floor_usage":[16,16,20,21,23],"damage_taken":[{"damage":0,"enemies":"Jaw Worm","floor":1,"turns":1},{"damage":0,"enemies":"Small Slimes","floor":2,"turns":1},{"damage":0,"enemies":"Gremlin Nob","floor":7,"turns":1},{"damage":0,"enemies":"2 Louse","floor":10,"turns":3},{"damage":0,"enemies":"Blue Slaver","floor":12,"turns":5},{"damage":38,"enemies":"The Guardian","floor":16,"turns":14},{"damage":2,"enemies":"3 Byrds","floor":18,"turns":4},{"damage":11,"enemies":"2 Thieves","floor":20,"turns":5},{"damage":36,"enemies":"Sentry and Sphere","floor":21,"turns":7},{"damage":46,"enemies":"Slavers","floor":23,"turns":3}],"seed_played":"-1053952264197937184","potions_obtained":[{"floor":1,"key":"LiquidBronze"},{"floor":10,"key":"Fire Potion"},{"floor":12,"key":"Energy Potion"},{"floor":16,"key":"SteroidPotion"},{"floor":20,"key":"Ancient Potion"},{"floor":21,"key":"SpeedPotion"}],"is_trial":false,"path_per_floor":["M","M","?","?","?","R","E","$","T","M","$","M","R","?","R","B",null,"M","?","M","M","$","E"],"character_chosen":"IRONCLAD","items_purchased":["Demon Form"],"campfire_rested":0,"item_purchase_floors":[22],"current_hp_per_floor":[74,75,52,41,41,41,47,47,47,53,53,59,59,69,69,37,73,77,77,72,42,42,0],"gold":59,"neow_bonus":"THREE_ENEMY_KILL","is_prod":false,"is_daily":false,"chose_seed":false,"campfire_upgraded":3,"win_rate":0,"timestamp":1557225042,"path_taken":["M","M","?","?","?","R","E","?","T","M","$","M","R","?","R","BOSS","M","?","?","M","$","E"],"build_version":"2019-01-23","purchased_purges":2,"victory":false,"max_hp_per_floor":[75,75,75,75,75,75,75,75,75,75,75,75,75,85,85,85,85,85,85,85,85,85,85],"card_choices":[{"not_picked":["Clothesline","Warcry"],"picked":"Metallicize","floor":1},{"not_picked":["Flex","Headbutt"],"picked":"Shrug It Off","floor":2},{"not_picked":["Infernal Blade","Twin Strike","Clothesline"],"picked":"SKIP","floor":7},{"not_picked":["Heavy Blade","Power Through","Cleave"],"picked":"SKIP","floor":10},{"not_picked":["Warcry","Pummel","True Grit"],"picked":"SKIP","floor":12},{"not_picked":["Offering","Reaper"],"picked":"Impervious","floor":16},{"not_picked":["Headbutt","Havoc","Shrug It Off"],"picked":"SKIP","floor":18},{"not_picked":["Flex","True Grit"],"picked":"Body Slam","floor":20},{"not_picked":["Havoc","Cleave","Anger"],"picked":"SKIP","floor":21}],"player_experience":580043,"relics_obtained":[{"floor":7,"key":"Gremlin Horn"},{"floor":9,"key":"Darkstone Periapt"}],"event_choices":[{"damage_healed":0,"gold_gain":0,"player_choice":"Entered Light","damage_taken":23,"max_hp_gain":0,"max_hp_loss":0,"event_name":"Shining Light","floor":3,"gold_loss":0,"cards_upgraded":["Strike_R","Metallicize"]},{"damage_healed":0,"gold_gain":75,"player_choice":"Gather Gold","damage_taken":11,"max_hp_gain":0,"max_hp_loss":0,"event_name":"World of Goop","floor":4,"gold_loss":0},{"cards_removed":["Strike_R"],"damage_healed":0,"gold_gain":0,"player_choice":"Forget","damage_taken":0,"max_hp_gain":0,"max_hp_loss":0,"event_name":"Living Wall","floor":5,"gold_loss":0},{"damage_healed":0,"gold_gain":0,"player_choice":"Searched \u00271\u0027 times","damage_taken":0,"relics_obtained":["Pear"],"max_hp_gain":0,"max_hp_loss":0,"event_name":"Dead Adventurer","floor":14,"gold_loss":0},{"damage_healed":0,"gold_gain":0,"player_choice":"1 cards matched","damage_taken":0,"max_hp_gain":0,"max_hp_loss":0,"event_name":"Match and Keep!","floor":19,"gold_loss":0,"cards_obtained":["Brutality"]}],"is_beta":false,"boss_relics":[{"not_picked":["Cursed Key","Snecko Eye"],"picked":"Astrolabe"}],"items_purged_floors":[8,11],"is_endless":false,"potions_floor_spawned":[1,10,12,16,20,21],"killed_by":"Slavers","ascension_level":16}