{"gold_per_floor":[118,132,142,155,120,120,120,154,177,177,212,212,223,223,223,319,349,365,158,173,187,197,197,112,112,166,166,200,116,116],"floor_reached":30,"playtime":1360,"items_purged":["Normality"],"score":400,"play_id":"9ec113cf-ce6a-4161-94b7-dabaa770b8f9","local_time":"20190506133943","is_ascension_mode":true,"campfire_choices":[{"data":"Consume","floor":6,"key":"SMITH"},{"floor":10,"key":"REST"},{"floor":12,"key":"REST"},{"data":"Static Discharge","floor":15,"key":"SMITH"},{"floor":23,"key":"REST"},{"floor":25,"key":"REST"},{"floor":27,"key":"REST"}],"neow_cost":"NONE","seed_source_timestamp":69340850516572,"circlet_count":0,"master_deck":["AscendersBane","Strike_B","Strike_B","Strike_B","Strike_B+1","Defend_B","Defend_B","Defend_B","Defend_B","Zap","Dualcast","Consume+1","BootSequence","Ball Lightning+1","FTL","Echo Form","Defragment","Static Discharge+1","Rainbow","Regret","Injury","Lockon","Heatsinks","Conserve Battery","Reinforced Body+1","Conserve Battery+1","Force Field","Cold Snap"],"relics":["Cracked Core","Ancient Tea Set","Anchor","Lantern","Whetstone","Vajra","Calling Bell","Tiny Chest","Mummified Hand","Dead Branch","Blood Vial","Happy Flower","Pocketwatch","Boot"],"potions_floor_usage":[4,8,16,20,22],"damage_taken":[{"damage":14,"enemies":"Small Slimes","floor":1,"turns":4},{"damage":7,"enemies":"Jaw Worm","floor":2,"turns":3},{"damage":0,"enemies":"2 Louse","floor":3,"turns":3},{"damage":5,"enemies":"Gremlin Gang","floor":4,"turns":3},{"damage":41,"enemies":"3 Sentries","floor":8,"turns":7},{"damage":31,"enemies":"Gremlin Nob","floor":11,"turns":4},{"damage":2,"enemies":"2 Fungi Beasts","floor":13,"turns":3},{"damage":20,"enemies":"Hexaghost","floor":16,"turns":6},{"damage":10,"enemies":"Spheric Guardian","floor":18,"turns":3},{"damage":12,"enemies":"2 Thieves","floor":20,"turns":4},{"damage":11,"enemies":"Shelled Parasite and Fungi","floor":21,"turns":4},{"damage":22,"enemies":"Centurion and Healer","floor":22,"turns":7},{"damage":40,"enemies":"Book of Stabbing","floor":28,"turns":5},{"damage":35,"enemies":"Slavers","floor":30,"turns":3}],"seed_played":"-2928333726879607912","potions_obtained":[{"floor":1,"key":"Dexterity Potion"},{"floor":3,"key":"PowerPotion"},{"floor":11,"key":"Weak Potion"},{"floor":16,"key":"SpeedPotion"},{"floor":21,"key":"Swift Potion"}],"is_trial":false,"path_per_floor":["M","M","M","M","?","R","?","E","T","R","E","R","M","?","R","B",null,"M","$","M","M","M","R","?","R","T","R","E","?","E"],"character_chosen":"DEFECT","items_purchased":["Heatsinks","Conserve Battery"],"campfire_rested":5,"item_purchase_floors":[19,19],"current_hp_per_floor":[54,47,47,42,60,60,60,19,19,41,10,32,30,30,30,10,59,49,49,37,26,4,26,26,48,48,70,32,32,0],"gold":116,"neow_bonus":"RANDOM_COMMON_RELIC","is_prod":false,"is_daily":false,"chose_seed":false,"campfire_upgraded":2,"win_rate":0,"timestamp":1557175183,"path_taken":["M","M","M","M","?","R","?","E","T","R","E","R","M","?","R","BOSS","M","$","?","M","M","R","?","R","T","R","E","?","E"],"build_version":"2019-01-23","purchased_purges":1,"victory":false,"max_hp_per_floor":[75,75,75,75,75,75,75,75,75,75,75,75,75,75,75,75,75,75,75,75,75,75,75,75,75,75,75,75,75,75],"card_choices":[{"not_picked":["Conserve Battery","Stack"],"picked":"Consume","floor":1},{"not_picked":["Rebound","Beam Cell"],"picked":"BootSequence","floor":2},{"not_picked":["Turbo","Sweeping Beam"],"picked":"Ball Lightning","floor":3},{"not_picked":["Beam Cell","Leap"],"picked":"FTL","floor":4},{"not_picked":["Turbo","Force Field"],"picked":"Echo Form","floor":8},{"not_picked":["Stack","Cold Snap"],"picked":"Defragment","floor":11},{"not_picked":["Conserve Battery","Recycle"],"picked":"Static Discharge","floor":13},{"not_picked":["Multi-Cast","All For One"],"picked":"Rainbow","floor":16},{"not_picked":["Hello World","Barrage+1"],"picked":"Lockon","floor":18},{"not_picked":["Coolheaded","Turbo"],"picked":"Reinforced Body+1","floor":20},{"not_picked":["All For One","Leap"],"picked":"Conserve Battery+1","floor":21},{"not_picked":["Stack","Leap"],"picked":"Force Field","floor":22},{"not_picked":["Conserve Battery","Hologram"],"picked":"Cold Snap","floor":28}],"player_experience":587202,"relics_obtained":[{"floor":8,"key":"Lantern"},{"floor":9,"key":"Whetstone"},{"floor":11,"key":"Vajra"},{"floor":17,"key":"Tiny Chest"},{"floor":17,"key":"Mummified Hand"},{"floor":17,"key":"Dead Branch"},{"floor":26,"key":"Happy Flower"},{"floor":28,"key":"Pocketwatch"}],"event_choices":[{"damage_healed":18,"gold_gain":0,"player_choice":"Healed","damage_taken":0,"max_hp_gain":0,"max_hp_loss":0,"event_name":"The Cleric","floor":5,"gold_loss":35},{"damage_healed":0,"gold_gain":0,"player_choice":"Box","damage_taken":0,"relics_obtained":["Anchor"],"max_hp_gain":0,"max_hp_loss":0,"event_name":"Big Fish","floor":7,"gold_loss":0,"cards_obtained":["Regret"]},{"cards_removed":["Regret"],"damage_healed":0,"gold_gain":0,"player_choice":"Purged","damage_taken":0,"max_hp_gain":0,"max_hp_loss":0,"event_name":"Purifier","floor":14,"gold_loss":0},{"damage_healed":0,"gold_gain":0,"player_choice":"Obtained Relic","damage_taken":0,"relics_obtained":["Blood Vial"],"max_hp_gain":0,"max_hp_loss":0,"event_name":"Addict","floor":24,"gold_loss":85},{"damage_healed":0,"gold_gain":0,"player_choice":"Paid Gold","damage_taken":0,"relics_obtained":["Boot"],"max_hp_gain":0,"max_hp_loss":0,"event_name":"WeMeetAgain","floor":29,"gold_loss":84}],"is_beta":false,"boss_relics":[{"not_picked":["Eternal Feather","Empty Cage"],"picked":"Calling Bell"}],"items_purged_floors":[19],"is_endless":false,"potions_floor_spawned":[1,3,11,16,21],"killed_by":"Slavers","ascension_level":11}