{"gold_per_floor":[110,8,8,27,27,52,8,34,34,34,44,44,44,78,78,155,155,167,167,167,49,69,97,97,97,145,145,145,172,187,214,214,292,292,305,322,340,72,84,84,99,133,160,206,216,247,259,285,297,309,321,333,345,41,68,68],"floor_reached":57,"playtime":2984,"items_purged":["Rebound"],"score":2997,"play_id":"31701324-9fda-40ba-ba4a-a6b6c636a7cc","local_time":"20190328220446","is_ascension_mode":true,"campfire_choices":[{"data":"Zap","floor":12.0,"key":"SMITH"},{"data":"Darkness","floor":15.0,"key":"SMITH"},{"floor":25.0,"key":"REST"},{"data":"Fission","floor":27.0,"key":"SMITH"},{"data":"Consume","floor":32.0,"key":"SMITH"},{"data":"Coolheaded","floor":40.0,"key":"SMITH"},{"data":"Hologram","floor":47.0,"key":"SMITH"},{"floor":49.0,"key":"RECALL"},{"data":"Coolheaded","floor":53.0,"key":"SMITH"}],"neow_cost":"NONE","seed_source_timestamp":90640801218970,"circlet_count":0,"master_deck":["AscendersBane","Zap+1","Dualcast","Coolheaded+1","Beam Cell","Multi-Cast","Hologram","Glacier","Undo","Thunder Strike","Self Repair","Darkness+1","Electrodynamics","Hologram+1","Chill","Fission+1","Consume+1","Seek","Doom and Gloom","Consume","Defragment","Recycle","White Noise","Loop","Recycle","BootSequence","Conserve Battery","FTL","Meteor Strike","Coolheaded+1","Double Energy","Go for the Eyes+1","Blizzard","Compile Driver","Compile Driver+1","Glacier","Static Discharge","Skim"],"special_seed":0,"relics":["Cracked Core","NeowsBlessing","Pear","Regal Pillow","Anchor","Kunai","Bronze Scales","Pandora\u0027s Box","Enchiridion","Oddly Smooth Stone","Orichalcum","Mango","Cables","Snecko Eye","Mummified Hand","Potion Belt","Ginger","MawBank","Calipers","Lantern"],"potions_floor_usage":[56,56,56],"damage_taken":[{"damage":0.0,"enemies":"Jaw Worm","floor":1.0,"turns":1.0},{"damage":0.0,"enemies":"Cultist","floor":4.0,"turns":1.0},{"damage":0.0,"enemies":"Lagavulin","floor":6.0,"turns":1.0},{"damage":32.0,"enemies":"3 Sentries","floor":8.0,"turns":12.0},{"damage":0.0,"enemies":"2 Louse","floor":11.0,"turns":2.0},{"damage":23.0,"enemies":"Lagavulin","floor":14.0,"turns":8.0},{"damage":43.0,"enemies":"Hexaghost","floor":16.0,"turns":11.0},{"damage":12.0,"enemies":"2 Thieves","floor":18.0,"turns":2.0},{"damage":6.0,"enemies":"Shell Parasite","floor":22.0,"turns":6.0},{"damage":12.0,"enemies":"Book of Stabbing","floor":23.0,"turns":3.0},{"damage":17.0,"enemies":"Colosseum Slavers","floor":24.0,"turns":4.0},{"damage":24.0,"enemies":"Slavers","floor":29.0,"turns":2.0},{"damage":1.0,"enemies":"Snake Plant","floor":30.0,"turns":4.0},{"damage":17.0,"enemies":"Book of Stabbing","floor":31.0,"turns":5.0},{"damage":0.0,"enemies":"Collector","floor":33.0,"turns":6.0},{"damage":11.0,"enemies":"3 Shapes","floor":35.0,"turns":4.0},{"damage":3.0,"enemies":"3 Darklings","floor":36.0,"turns":3.0},{"damage":0.0,"enemies":"Writhing Mass","floor":37.0,"turns":5.0},{"damage":0.0,"enemies":"Jaw Worm Horde","floor":39.0,"turns":2.0},{"damage":0.0,"enemies":"4 Shapes","floor":41.0,"turns":3.0},{"damage":0.0,"enemies":"Giant Head","floor":42.0,"turns":7.0},{"damage":26.0,"enemies":"2 Orb Walkers","floor":44.0,"turns":3.0},{"damage":31.0,"enemies":"Spire Growth","floor":45.0,"turns":4.0},{"damage":7.0,"enemies":"Nemesis","floor":46.0,"turns":5.0},{"damage":7.0,"enemies":"Maw","floor":48.0,"turns":5.0},{"damage":36.0,"enemies":"Time Eater","floor":50.0,"turns":10.0},{"damage":13.0,"enemies":"Awakened One","floor":51.0,"turns":14.0},{"damage":11,"enemies":"Shield and Spear","floor":55,"turns":5},{"damage":60,"enemies":"The Heart","floor":56,"turns":6}],"seed_played":"-6712122456890671665","potions_obtained":[{"floor":4.0,"key":"Strength Potion"},{"floor":8.0,"key":"AttackPotion"},{"floor":16.0,"key":"LiquidBronze"},{"floor":23.0,"key":"Energy Potion"},{"floor":30.0,"key":"SkillPotion"},{"floor":31.0,"key":"Weak Potion"},{"floor":36.0,"key":"EssenceOfSteel"},{"floor":46.0,"key":"Explosive Potion"},{"floor":48.0,"key":"Fire Potion"},{"floor":55,"key":"PowerPotion"}],"is_trial":false,"path_per_floor":["M","$","?","M","?","E","$","E","T","$","M","R","?","E","R","B",null,"M","?","?","$","M","E","?","R","T","R","T","E","M","E","R","B",null,"M","M","M","$","M","R","M","E","T","?","M","E","R","M","R","B","B",null,"R","$","E","B",null],"character_chosen":"DEFECT","items_purchased":["Coolheaded","Beam Cell","Undo","White Noise","Mummified Hand","Calipers"],"campfire_rested":1,"item_purchase_floors":[2,2,7,21,38,54],"current_hp_per_floor":[64,64,64,64,74,74,74,42,42,42,42,42,69,53,53,17,65,60,39,39,39,40,28,11,50,50,50,50,47,60,50,50,50,84,80,77,84,84,91,91,91,95,95,76,45,45,45,45,45,16,3,72,72,72,68,8],"gold":68,"neow_bonus":"THREE_ENEMY_KILL","is_prod":false,"is_daily":false,"chose_seed":false,"campfire_upgraded":7,"win_rate":0,"timestamp":1553781886,"path_taken":["M","$","?","?","?","E","?","E","T","$","M","R","?","E","R","BOSS","M","?","?","?","M","E","?","R","T","R","?","E","M","E","R","BOSS","M","M","?","$","M","R","M","E","T","?","M","E","R","M","R","BOSS","BOSS","R","$","E","BOSS"],"build_version":"2019-01-23","purchased_purges":1,"victory":true,"max_hp_per_floor":[71,71,71,71,81,81,81,81,81,81,81,81,81,81,81,81,81,81,81,81,81,81,81,81,81,81,81,81,95,95,95,95,95,95,95,95,95,95,95,95,95,95,95,95,95,95,95,95,95,95,95,95,95,95,95,95],"card_choices":[{"not_picked":["Rebound","Lockon","Redo"],"picked":"SKIP","floor":1.0},{"not_picked":["Force Field","Steam"],"picked":"Hologram","floor":4.0},{"not_picked":["Creative AI","Genetic Algorithm"],"picked":"Glacier","floor":6.0},{"not_picked":["Static Discharge","Sweeping Beam"],"picked":"Thunder Strike","floor":8.0},{"not_picked":["Streamline","Gash"],"picked":"Self Repair","floor":11.0},{"not_picked":["Melter","Beam Cell"],"picked":"Darkness","floor":14.0},{"not_picked":["Biased Cognition","Seek"],"picked":"Electrodynamics","floor":16.0},{"not_picked":["Steam","Go for the Eyes"],"picked":"Defragment","floor":18.0},{"not_picked":["Go for the Eyes","Conserve Battery"],"picked":"Loop","floor":22.0},{"not_picked":["Melter","Barrage"],"picked":"Recycle","floor":23.0},{"not_picked":["Rebound","Compile Driver"],"picked":"BootSequence","floor":29.0},{"not_picked":["Sweeping Beam","Leap+1"],"picked":"Conserve Battery","floor":30.0},{"not_picked":["Streamline","Rebound"],"picked":"FTL","floor":31.0},{"not_picked":["Buffer","Thunder Strike"],"picked":"Meteor Strike","floor":33.0},{"not_picked":["Steam","Auto Shields+1","Redo+1"],"picked":"SKIP","floor":35.0},{"not_picked":["Turbo","Scrape"],"picked":"Coolheaded","floor":36.0},{"not_picked":["Doom and Gloom","Rebound"],"picked":"Double Energy","floor":37.0},{"not_picked":["Streamline","Steam Power+1"],"picked":"Go for the Eyes+1","floor":39.0},{"not_picked":["Sunder","Compile Driver+1"],"picked":"Blizzard","floor":41.0},{"not_picked":["Turbo","Machine Learning","Steam+1"],"picked":"SKIP","floor":42.0},{"not_picked":["Barrage+1","Steam+1"],"picked":"Compile Driver","floor":44.0},{"not_picked":["Recycle","Auto Shields"],"picked":"Compile Driver+1","floor":45.0},{"not_picked":["Gash","Storm"],"picked":"Glacier","floor":46.0},{"not_picked":["Reprogram","Gash"],"picked":"Static Discharge","floor":48.0},{"not_picked":["Multi-Cast","Core Surge"],"picked":"Skim","floor":55}],"player_experience":1288088,"relics_obtained":[{"floor":5.0,"key":"Pear"},{"floor":6.0,"key":"Regal Pillow"},{"floor":8.0,"key":"Anchor"},{"floor":9.0,"key":"Kunai"},{"floor":14.0,"key":"Bronze Scales"},{"floor":19.0,"key":"Enchiridion"},{"floor":26.0,"key":"Oddly Smooth Stone"},{"floor":28.0,"key":"Orichalcum"},{"floor":29.0,"key":"Mango"},{"floor":31.0,"key":"Cables"},{"floor":42.0,"key":"Potion Belt"},{"floor":44.0,"key":"Ginger"},{"floor":46.0,"key":"MawBank"},{"floor":55,"key":"Lantern"}],"event_choices":[{"damage_healed":0.0,"max_hp_gain":0.0,"max_hp_loss":0.0,"gold_gain":0.0,"event_name":"Match and Keep!","player_choice":"1 cards matched","floor":3.0,"gold_loss":0.0,"damage_taken":0.0,"cards_obtained":["Multi-Cast"]},{"damage_healed":0.0,"max_hp_gain":0.0,"max_hp_loss":0.0,"gold_gain":0.0,"event_name":"Wheel of Change","player_choice":"Relic","floor":5.0,"gold_loss":0.0,"damage_taken":0.0},{"damage_healed":27.0,"max_hp_gain":0.0,"max_hp_loss":0.0,"gold_gain":0.0,"event_name":"Big Fish","player_choice":"Banana","floor":13.0,"gold_loss":0.0,"damage_taken":0.0},{"damage_healed":0.0,"max_hp_gain":0.0,"max_hp_loss":0.0,"gold_gain":0.0,"event_name":"Cursed Tome","player_choice":"Obtained Book","floor":19.0,"gold_loss":0.0,"damage_taken":21.0},{"damage_healed":0.0,"max_hp_gain":0.0,"max_hp_loss":0.0,"gold_gain":0.0,"event_name":"The Library","player_choice":"Read","floor":20.0,"gold_loss":0.0,"damage_taken":0.0,"cards_obtained":["Recycle"]},{"damage_healed":0.0,"max_hp_gain":0.0,"max_hp_loss":0.0,"gold_gain":0.0,"event_name":"Colosseum","player_choice":"Fight","floor":24.0,"gold_loss":0.0,"damage_taken":0.0},{"damage_healed":0.0,"max_hp_gain":0.0,"max_hp_loss":0.0,"gold_gain":0.0,"event_name":"Colosseum","player_choice":"Fled From Nobs","floor":24.0,"gold_loss":0.0,"damage_taken":0.0},{"damage_healed":0.0,"max_hp_gain":0.0,"max_hp_loss":0.0,"gold_gain":0.0,"event_name":"Mysterious Sphere","player_choice":"Fight","floor":44.0,"gold_loss":0.0,"damage_taken":0.0}],"is_beta":false,"boss_relics":[{"not_picked":["Runic Pyramid","Eternal Feather"],"picked":"Pandora\u0027s Box"},{"not_picked":["Empty Cage","Lizard Tail"],"picked":"Snecko Eye"}],"items_purged_floors":[21],"is_endless":false,"potions_floor_spawned":[4,8,14,16,23,30,31,36,37,41,46,48,55],"ascension_level":20}