{"gold_per_floor":[119,131,85,95,111,111,143,155,167,179,206,218,248,275,287,399,411,434,456,5,5,5,5,5,5,5,31,31,49,80,80,80,175,175,191,191,201,220,220,248,261,261,261,261,291,291,591,603,603,603,603,603,118,149,149],"floor_reached":56,"playtime":4121,"items_purged":["Strike_B","Doubt"],"score":1245,"play_id":"a19fd1be-1af7-41d0-bd2a-b30a04e3ec97","local_time":"20190414001028","is_ascension_mode":false,"campfire_choices":[{"data":"Capacitor","floor":6,"key":"SMITH"},{"data":"Scrape","floor":10,"key":"SMITH"},{"data":"Defragment","floor":15,"key":"SMITH"},{"data":"Defragment","floor":23,"key":"SMITH"},{"floor":25,"key":"REST"},{"data":"Storm","floor":28,"key":"SMITH"},{"floor":32,"key":"REST"},{"floor":42,"key":"REST"},{"floor":44,"key":"RECALL"},{"data":"Conserve Battery","floor":46,"key":"SMITH"},{"data":"Leap","floor":49,"key":"SMITH"},{"data":"1","floor":52,"key":"LIFT"}],"neow_cost":"NONE","seed_source_timestamp":265802567028400,"circlet_count":0,"master_deck":["Strike_B+1","Defend_B+1","Defend_B+1","Defend_B+1","Defend_B+1","Zap","Dualcast","Scrape+1","Leap+1","Storm+1","Capacitor+1","Ball Lightning","Defragment+1","Auto Shields","Fusion","Creative AI","Defragment+1","All For One","Compile Driver","Conserve Battery+1","Meteor Strike","Decay","Scrape+1","Cold Snap","Coolheaded+1","Creative AI+1","Self Repair+1","Conserve Battery+1","Hologram","Rebound","Sweeping Beam"],"relics":["Snecko Eye","MawBank","Symbiotic Virus","Girya","Cursed Key","Frozen Egg 2","Bronze Scales","Strawberry","Blood Vial","Busted Crown","Lantern","Torii","Shuriken","DataDisk"],"potions_floor_usage":[7,13,16,30,55,55,55],"damage_taken":[{"damage":8,"enemies":"Small Slimes","floor":1,"turns":5},{"damage":1,"enemies":"Cultist","floor":2,"turns":3},{"damage":7,"enemies":"2 Louse","floor":4,"turns":2},{"damage":11,"enemies":"Exordium Wildlife","floor":5,"turns":4},{"damage":4,"enemies":"3 Sentries","floor":7,"turns":9},{"damage":0,"enemies":"3 Louse","floor":11,"turns":3},{"damage":2,"enemies":"Large Slime","floor":13,"turns":4},{"damage":3,"enemies":"Blue Slaver","floor":14,"turns":4},{"damage":15,"enemies":"Slime Boss","floor":16,"turns":5},{"damage":9,"enemies":"3 Byrds","floor":18,"turns":4},{"damage":30,"enemies":"2 Thieves","floor":19,"turns":3},{"damage":12,"enemies":"Gremlin Leader","floor":27,"turns":5},{"damage":0,"enemies":"Chosen and Byrds","floor":29,"turns":3},{"damage":24,"enemies":"Book of Stabbing","floor":30,"turns":4},{"damage":12,"enemies":"Champ","floor":33,"turns":7},{"damage":0,"enemies":"3 Darklings","floor":35,"turns":3},{"damage":0,"enemies":"3 Shapes","floor":37,"turns":4},{"damage":15,"enemies":"Writhing Mass","floor":38,"turns":4},{"damage":11,"enemies":"Nemesis","floor":40,"turns":5},{"damage":38,"enemies":"Jaw Worm Horde","floor":41,"turns":5},{"damage":0,"enemies":"Giant Head","floor":45,"turns":7},{"damage":6,"enemies":"Sphere and 2 Shapes","floor":48,"turns":4},{"damage":1,"enemies":"Donu and Deca","floor":50,"turns":7},{"damage":29,"enemies":"Shield and Spear","floor":54,"turns":4},{"damage":14,"enemies":"The Heart","floor":55,"turns":7}],"seed_played":"8478228476938062703","potions_obtained":[{"floor":1,"key":"SkillPotion"},{"floor":5,"key":"Weak Potion"},{"floor":7,"key":"SpeedPotion"},{"floor":11,"key":"Ancient Potion"},{"floor":29,"key":"Regen Potion"},{"floor":30,"key":"GamblersBrew"},{"floor":38,"key":"Regen Potion"},{"floor":41,"key":"Dexterity Potion"}],"is_trial":false,"path_per_floor":["M","M","$","M","M","R","E","?","T","R","M","?","M","M","R","B",null,"M","M","$","?","?","R","?","R","T","E","R","M","E","?","R","B",null,"M","?","M","M","?","E","M","R","T","R","E","R","?","M","R","B",null,"R","$","E","B",null],"character_chosen":"DEFECT","items_purchased":["Leap","Frozen Egg 2","All For One","Shuriken","Hologram","Rebound","Sweeping Beam"],"campfire_rested":3,"item_purchase_floors":[3,20,20,53,53,53,53],"current_hp_per_floor":[67,66,66,59,48,48,44,49,49,49,49,49,47,44,44,29,80,71,41,41,41,41,41,26,51,51,46,46,46,36,36,63,53,92,92,87,87,82,82,73,47,73,73,73,85,85,85,87,87,87,87,87,87,58,56],"gold":149,"neow_bonus":"BOSS_RELIC","is_prod":false,"is_daily":false,"chose_seed":false,"campfire_upgraded":7,"win_rate":0,"timestamp":1555215028,"path_taken":["M","M","$","M","M","R","E","?","T","R","M","?","?","M","R","BOSS","M","M","$","?","?","R","?","R","T","E","R","?","E","?","R","BOSS","M","?","M","M","?","E","?","R","T","R","E","R","?","M","R","BOSS","R","$","E","BOSS"],"build_version":"2019-01-23","purchased_purges":2,"victory":true,"max_hp_per_floor":[75,75,75,75,75,75,75,80,80,80,80,80,80,80,80,80,80,80,80,80,80,80,80,85,85,85,92,92,92,92,92,92,92,92,92,87,87,87,87,87,87,87,87,87,87,87,87,87,87,87,87,87,87,87,87],"card_choices":[{"not_picked":["Double Energy","Barrage"],"picked":"Ball Lightning","floor":1},{"not_picked":["Steam","Redo"],"picked":"Scrape","floor":2},{"not_picked":["Coolheaded","Recycle"],"picked":"Storm","floor":4},{"not_picked":["Hologram","Beam Cell"],"picked":"Capacitor","floor":5},{"not_picked":["Beam Cell","Tempest"],"picked":"Ball Lightning","floor":7},{"not_picked":["Turbo","Stack"],"picked":"Defragment","floor":11},{"not_picked":["Melter","Compile Driver"],"picked":"Auto Shields","floor":13},{"not_picked":["Go for the Eyes","Tempest"],"picked":"Fusion","floor":14},{"not_picked":["Biased Cognition","Thunder Strike"],"picked":"Creative AI","floor":16},{"not_picked":["Coolheaded","Rebound+1"],"picked":"Defragment","floor":18},{"not_picked":["Rebound","Turbo","Rip and Tear"],"picked":"SKIP","floor":19},{"not_picked":["Compile Driver+1","Steam Power"],"picked":"Scrape+1","floor":27},{"not_picked":["Hyperbeam","Stack"],"picked":"Cold Snap","floor":29},{"not_picked":["Gash","Steam+1"],"picked":"Coolheaded+1","floor":30},{"not_picked":["Fission","Hyperbeam"],"picked":"Creative AI+1","floor":33},{"not_picked":["Gash"],"picked":"SKIP","floor":35},{"not_picked":[],"picked":"Self Repair+1","floor":37},{"not_picked":[],"picked":"Conserve Battery","floor":38},{"not_picked":["Redo+1"],"picked":"SKIP","floor":40},{"not_picked":["BootSequence"],"picked":"SKIP","floor":41},{"not_picked":["Turbo"],"picked":"SKIP","floor":45},{"not_picked":["Steam"],"picked":"SKIP","floor":48},{"not_picked":["Ball Lightning"],"picked":"SKIP","floor":54}],"player_experience":333774,"relics_obtained":[{"floor":7,"key":"MawBank"},{"floor":9,"key":"Symbiotic Virus"},{"floor":26,"key":"Bronze Scales"},{"floor":27,"key":"Strawberry"},{"floor":30,"key":"Blood Vial"},{"floor":40,"key":"Lantern"},{"floor":45,"key":"Torii"},{"floor":54,"key":"DataDisk"}],"event_choices":[{"damage_healed":0,"gold_gain":0,"player_choice":"Donut","damage_taken":0,"max_hp_gain":5,"max_hp_loss":0,"event_name":"Big Fish","floor":8,"gold_loss":0},{"cards_removed":["Ball Lightning"],"damage_healed":0,"gold_gain":0,"player_choice":"Gave Card","damage_taken":0,"relics_obtained":["Girya"],"max_hp_gain":0,"max_hp_loss":0,"event_name":"WeMeetAgain","floor":12,"gold_loss":0},{"damage_healed":0,"gold_gain":0,"cards_transformed":["Strike_B","Strike_B"],"player_choice":"Became Test Subject","damage_taken":0,"max_hp_gain":0,"max_hp_loss":0,"event_name":"Drug Dealer","floor":21,"gold_loss":0,"cards_obtained":["Compile Driver","Conserve Battery"]},{"damage_healed":0,"gold_gain":0,"player_choice":"Read","damage_taken":0,"max_hp_gain":0,"max_hp_loss":0,"event_name":"The Library","floor":22,"gold_loss":0,"cards_obtained":["Meteor Strike"]},{"damage_healed":0,"gold_gain":0,"player_choice":"Shed Blood","damage_taken":20,"max_hp_gain":5,"max_hp_loss":0,"event_name":"Forgotten Altar","floor":24,"gold_loss":0},{"damage_healed":0,"gold_gain":0,"player_choice":"Simplicity","damage_taken":0,"max_hp_gain":0,"max_hp_loss":0,"event_name":"Back to Basics","floor":31,"gold_loss":0,"cards_upgraded":["Strike_B","Defend_B","Defend_B","Defend_B","Defend_B"]},{"damage_healed":0,"gold_gain":0,"player_choice":"Max HP","damage_taken":0,"max_hp_gain":0,"max_hp_loss":5,"event_name":"Winding Halls","floor":36,"gold_loss":0},{"damage_healed":0,"gold_gain":0,"player_choice":"Upgraded","damage_taken":0,"max_hp_gain":0,"max_hp_loss":0,"event_name":"Upgrade Shrine","floor":39,"gold_loss":0,"cards_upgraded":["Conserve Battery"]},{"damage_healed":0,"gold_gain":300,"player_choice":"Gold","damage_taken":0,"max_hp_gain":0,"max_hp_loss":0,"event_name":"Wheel of Change","floor":47,"gold_loss":0}],"is_beta":false,"boss_relics":[{"not_picked":["Lizard Tail","Tiny House"],"picked":"Cursed Key"},{"not_picked":["Runic Dome","Coffee Dripper"],"picked":"Busted Crown"}],"items_purged_floors":[20,53],"is_endless":false,"potions_floor_spawned":[1,5,7,11,29,30,38,41,54],"ascension_level":0}