{"gold_per_floor":[113,13,13,163,163,196,196,225,225,66,66,79,79,79,79,79],"floor_reached":16,"playtime":241,"items_purged":["Doubt"],"score":308,"play_id":"d186e717-f16c-42e2-b3bd-aebd4c73671b","local_time":"20190418150550","is_ascension_mode":true,"campfire_choices":[{"data":"Corruption","floor":7,"key":"SMITH"},{"data":"Bash","floor":11,"key":"SMITH"},{"data":"Pommel Strike","floor":13,"key":"SMITH"},{"data":"Swift Strike","floor":15,"key":"SMITH"}],"neow_cost":"NONE","seed_source_timestamp":682071996533485,"circlet_count":0,"master_deck":["AscendersBane","Strike_R","Strike_R","Strike_R","Strike_R","Strike_R","Defend_R","Defend_R","Defend_R","Defend_R","Bash+1","Pommel Strike+1","Swift Strike+1","Regret","Corruption+1","Havoc","Sentinel","Offering"],"relics":["Burning Blood","NeowsBlessing","WingedGreaves","Regal Pillow","Strawberry","Mummified Hand","Golden Idol"],"potions_floor_usage":[],"damage_taken":[{"damage":0,"enemies":"Cultist","floor":1,"turns":1},{"damage":0,"enemies":"Gremlin Nob","floor":6,"turns":1},{"damage":2,"enemies":"3 Sentries","floor":8,"turns":2},{"damage":0,"enemies":"2 Louse","floor":12,"turns":2},{"damage":80,"enemies":"Slime Boss","floor":16,"turns":9}],"seed_played":"-5088523146192941412","potions_obtained":[],"is_trial":false,"path_per_floor":["M","$","?","?","?","E","R","E","T","$","R","M","R","?","R","B"],"character_chosen":"IRONCLAD","items_purchased":["Swift Strike","Sentinel"],"campfire_rested":0,"item_purchase_floors":[2,10],"current_hp_per_floor":[74,74,74,74,74,75,75,82,82,82,82,82,82,74,74,0],"gold":79,"neow_bonus":"THREE_ENEMY_KILL","is_prod":false,"is_daily":false,"chose_seed":false,"campfire_upgraded":4,"win_rate":0,"timestamp":1555614350,"path_taken":["M","?","?","?","?","E","R","E","T","$","R","?","R","?","R","BOSS"],"build_version":"2019-01-23","purchased_purges":1,"victory":false,"max_hp_per_floor":[75,75,75,75,75,75,75,82,82,82,82,82,82,74,74,74],"card_choices":[{"not_picked":["Shrug It Off","Thunderclap"],"picked":"Pommel Strike","floor":1},{"not_picked":["Spot Weakness","Sword Boomerang"],"picked":"Corruption","floor":6},{"not_picked":["Twin Strike","Armaments"],"picked":"Havoc","floor":8},{"not_picked":["Power Through","Evolve"],"picked":"Offering","floor":12}],"player_experience":913268,"relics_obtained":[{"floor":6,"key":"Regal Pillow"},{"floor":8,"key":"Strawberry"},{"floor":9,"key":"Mummified Hand"}],"event_choices":[{"damage_healed":0,"gold_gain":0,"player_choice":"Box","damage_taken":0,"relics_obtained":["WingedGreaves"],"max_hp_gain":0,"max_hp_loss":0,"event_name":"Big Fish","floor":3,"gold_loss":0,"cards_obtained":["Regret"]},{"damage_healed":0,"gold_gain":150,"player_choice":"AGREE","damage_taken":0,"max_hp_gain":0,"max_hp_loss":0,"event_name":"Liars Game","floor":4,"gold_loss":0,"cards_obtained":["Doubt"]},{"damage_healed":0,"gold_gain":0,"player_choice":"Fled","damage_taken":0,"max_hp_gain":0,"max_hp_loss":0,"event_name":"Scrap Ooze","floor":5,"gold_loss":0},{"damage_healed":0,"gold_gain":0,"player_choice":"Lose Max HP","damage_taken":0,"relics_obtained":["Golden Idol"],"max_hp_gain":0,"max_hp_loss":8,"event_name":"Golden Idol","floor":14,"gold_loss":0}],"is_beta":false,"boss_relics":[],"items_purged_floors":[10],"is_endless":false,"potions_floor_spawned":[],"killed_by":"Slime Boss","ascension_level":20}