{"gold_per_floor":[12,12,26,46,61,61,71,71,71,81,106,31,48,67,67,171,171,189,89,89,99,119,119,119],"floor_reached":24,"playtime":831,"items_purged":["Strike_B","Strike_B"],"score":227,"play_id":"006e9be4-9d7a-4c4b-8940-4b9c18a77a7b","local_time":"20180828184339","is_ascension_mode":false,"campfire_choices":[{"data":"Dualcast","floor":6.0,"key":"SMITH"},{"data":"Fusion","floor":8.0,"key":"SMITH"},{"data":"Hologram","floor":15.0,"key":"SMITH"},{"floor":23.0,"key":"REST"}],"neow_cost":"NO_GOLD","seed_source_timestamp":765267885685649,"circlet_count":0,"master_deck":["Strike_B","Defend_B","Defend_B","Zap","Dualcast+1","Reboot","Compile Driver","Sunder","Fusion+1","Hologram+1","Reboot","Self Repair","Loop"],"special_seed":0,"relics":["Cracked Core","Matryoshka","Mercury Hourglass","Empty Cage"],"potions_floor_usage":[24,24],"damage_taken":[{"damage":0.0,"enemies":"Small Slimes","floor":1.0,"turns":3.0},{"damage":1.0,"enemies":"Jaw Worm","floor":3.0,"turns":3.0},{"damage":0.0,"enemies":"Cultist","floor":4.0,"turns":2.0},{"damage":6.0,"enemies":"Red Slaver","floor":5.0,"turns":3.0},{"damage":5.0,"enemies":"Large Slime","floor":7.0,"turns":4.0},{"damage":13.0,"enemies":"Exordium Thugs","floor":10.0,"turns":4.0},{"damage":0.0,"enemies":"3 Sentries","floor":11.0,"turns":1.0},{"damage":13.0,"enemies":"3 Louse","floor":13.0,"turns":2.0},{"damage":5.0,"enemies":"Lots of Slimes","floor":14.0,"turns":2.0},{"damage":20.0,"enemies":"The Guardian","floor":16.0,"turns":11.0},{"damage":34.0,"enemies":"Shell Parasite","floor":18.0,"turns":7.0},{"damage":10.0,"enemies":"Chosen","floor":21.0,"turns":4.0},{"damage":25.0,"enemies":"Snecko","floor":22.0,"turns":5.0},{"damage":43,"enemies":"Book of Stabbing","floor":24,"turns":4}],"seed_played":"-6704561036906934790","potions_obtained":[{"floor":1.0,"key":"Fire Potion"},{"floor":4.0,"key":"AttackPotion"},{"floor":5.0,"key":"Dexterity Potion"},{"floor":14.0,"key":"Strength Potion"},{"floor":16.0,"key":"GamblersBrew"},{"floor":22.0,"key":"Fire Potion"}],"is_trial":false,"path_per_floor":["M","?","M","M","M","R","M","R","T","M","E","$","M","M","R","B",null,"M","$","?","M","M","R"],"character_chosen":"DEFECT","items_purchased":[],"campfire_rested":1,"item_purchase_floors":[],"current_hp_per_floor":[75,75,74,74,68,68,63,63,63,50,50,50,37,32,32,12,75,41,41,41,38,20,42,0],"gold":119,"neow_bonus":"THREE_RARE_CARDS","is_prod":false,"is_daily":false,"chose_seed":false,"campfire_upgraded":3,"win_rate":0,"timestamp":1535453019,"path_taken":["M","?","M","M","M","R","?","R","T","?","E","$","M","M","R","BOSS","M","$","?","M","M","R","E"],"build_version":"2018-08-23v2","purchased_purges":2,"victory":false,"max_hp_per_floor":[75,75,75,75,75,75,75,75,75,75,75,75,75,75,75,75,75,75,75,75,75,75,75,75],"card_choices":[{"not_picked":["Biased Cognition","Multi-Cast"],"picked":"Reboot","floor":0.0},{"not_picked":["Lockon","White Noise","FTL"],"picked":"SKIP","floor":1.0},{"not_picked":["Self Repair","Consume"],"picked":"Compile Driver","floor":3.0},{"not_picked":["Barrage","Beam Cell","Melter"],"picked":"SKIP","floor":4.0},{"not_picked":["Darkness","Cold Snap"],"picked":"Sunder","floor":5.0},{"not_picked":["Hologram","Barrage"],"picked":"Fusion","floor":7.0},{"not_picked":["Barrage","Steam","Lockon"],"picked":"SKIP","floor":10.0},{"not_picked":["Capacitor","Scrape","Turbo"],"picked":"SKIP","floor":11.0},{"not_picked":["Stack","Aggregate","Genetic Algorithm"],"picked":"SKIP","floor":13.0},{"not_picked":["Conserve Battery","Rebound"],"picked":"Hologram","floor":14.0},{"not_picked":["Hyperbeam","Amplify"],"picked":"Reboot","floor":16.0},{"not_picked":["Go for the Eyes","White Noise+1"],"picked":"Self Repair","floor":18.0},{"not_picked":["Defragment","Force Field"],"picked":"Loop","floor":21.0},{"not_picked":["FTL","Redo","Turbo"],"picked":"SKIP","floor":22.0}],"player_experience":363339,"relics_obtained":[{"floor":9.0,"key":"Matryoshka"},{"floor":11.0,"key":"Mercury Hourglass"}],"event_choices":[{"event_name":"The Cleric","player_choice":"Leave","floor":2.0,"damage_taken":0.0},{"event_name":"Back to Basics","player_choice":"Elegance","floor":20.0,"damage_taken":0.0}],"is_beta":false,"boss_relics":[{"not_picked":["FrozenCore","Astrolabe"],"picked":"Empty Cage"}],"items_purged_floors":[12,19],"is_endless":false,"potions_floor_spawned":[1,4,5,14,16,22],"killed_by":"Book of Stabbing","ascension_level":0}