{"gold_per_floor":[117,24,24,299,27,52,52,70,96,128,128,50,50,125,125,125],"floor_reached":16,"playtime":578,"items_purged":["Regret"],"score":194,"play_id":"cdaa77b5-b9d7-40c7-83c4-4e948e1c26e0","local_time":"20190409190432","is_ascension_mode":true,"campfire_choices":[{"floor":7.0,"key":"REST"},{"data":"Crippling Poison","floor":11.0,"key":"SMITH"},{"data":"Neutralize","floor":15,"key":"SMITH"}],"neow_cost":"NONE","seed_source_timestamp":2369909233974082,"circlet_count":0,"master_deck":["AscendersBane","Defend_G","Defend_G","Defend_G","Defend_G","Defend_G","Strike_G+1","Strike_G","Strike_G","Strike_G","Strike_G","Survivor","Neutralize+1","Crippling Poison+1","Footwork","Flying Knee+1","Well Laid Plans","Footwork","Leg Sweep","Dash"],"special_seed":0,"relics":["Ring of the Snake","NeowsBlessing","ClockworkSouvenir","WingedGreaves","Pen Nib","Bag of Marbles","Sundial"],"potions_floor_usage":[],"damage_taken":[{"damage":0.0,"enemies":"Small Slimes","floor":1.0,"turns":1.0},{"damage":0.0,"enemies":"Gremlin Nob","floor":6.0,"turns":1.0},{"damage":0.0,"enemies":"Cultist","floor":8.0,"turns":1.0},{"damage":29.0,"enemies":"3 Sentries","floor":10.0,"turns":17.0},{"damage":32,"enemies":"Hexaghost","floor":16,"turns":18}],"seed_played":"604140816149875467","potions_obtained":[{"floor":8.0,"key":"Ancient Potion"}],"is_trial":false,"path_per_floor":["M","$","?","?","$","E","R","M","T","E","R","$","?","?","R","B"],"character_chosen":"THE_SILENT","items_purchased":["Footwork","Flying Knee","ClockworkSouvenir","Dash"],"campfire_rested":1,"item_purchase_floors":[2,2,5,12],"current_hp_per_floor":[63,63,49,49,49,49,70,70,70,41,41,41,41,30,30,0],"gold":125,"neow_bonus":"THREE_ENEMY_KILL","is_prod":false,"is_daily":false,"chose_seed":false,"campfire_upgraded":2,"win_rate":0,"timestamp":1554861872,"path_taken":["M","$","?","?","$","E","R","?","T","E","R","$","?","?","R","BOSS"],"build_version":"2019-01-23","purchased_purges":1,"victory":false,"max_hp_per_floor":[70,70,70,70,70,70,70,70,70,70,70,70,70,70,70,70],"card_choices":[{"not_picked":["Outmaneuver","Calculated Gamble"],"picked":"Crippling Poison","floor":1.0},{"not_picked":["Caltrops","Terror"],"picked":"Well Laid Plans","floor":6.0},{"not_picked":["Accuracy","Blade Dance"],"picked":"Footwork","floor":8.0},{"not_picked":["Cloak And Dagger","Dodge and Roll"],"picked":"Leg Sweep","floor":10.0}],"player_experience":525947,"relics_obtained":[{"floor":6.0,"key":"WingedGreaves"},{"floor":9.0,"key":"Pen Nib"},{"floor":10.0,"key":"Bag of Marbles"}],"event_choices":[{"damage_healed":0.0,"max_hp_gain":0.0,"max_hp_loss":0.0,"gold_gain":0.0,"event_name":"Shining Light","player_choice":"Entered Light","floor":3.0,"gold_loss":0.0,"damage_taken":14.0,"cards_upgraded":["Strike_G","Flying Knee"]},{"damage_healed":0.0,"max_hp_gain":0.0,"max_hp_loss":0.0,"gold_gain":275.0,"event_name":"Golden Shrine","player_choice":"Desecrate","floor":4.0,"gold_loss":0.0,"damage_taken":0.0,"cards_obtained":["Regret"]},{"damage_healed":0.0,"max_hp_gain":0.0,"max_hp_loss":0.0,"gold_gain":0.0,"event_name":"Dead Adventurer","player_choice":"Searched \u00271\u0027 times","floor":13.0,"gold_loss":0.0,"damage_taken":0.0,"relics_obtained":["Sundial"]},{"damage_healed":0.0,"max_hp_gain":0.0,"max_hp_loss":0.0,"gold_gain":75.0,"event_name":"World of Goop","player_choice":"Gather Gold","floor":14.0,"gold_loss":0.0,"damage_taken":11.0}],"is_beta":false,"boss_relics":[],"items_purged_floors":[5],"is_endless":false,"potions_floor_spawned":[8],"killed_by":"Hexaghost","ascension_level":10}