{"gold_per_floor":[115,40,40,215,233,233,133,145,145,162,162,162,180,145,145,242,242,254,254,274,373,373,373,392,392,444,444,444],"floor_reached":28,"playtime":787,"items_purged":["Strike_B","Doubt"],"score":278,"play_id":"d336c64c-7c05-477f-b206-f1a2db32571b","local_time":"20180812211829","is_ascension_mode":true,"campfire_choices":[{"data":"Dualcast","floor":6,"key":"SMITH"},{"data":"Self Repair","floor":12,"key":"SMITH"},{"data":"Rebound","floor":15,"key":"SMITH"},{"data":"Rainbow","floor":23,"key":"SMITH"},{"floor":27,"key":"REST"}],"neow_cost":"TEN_PERCENT_HP_LOSS","seed_source_timestamp":157426320396898,"circlet_count":0,"master_deck":["Strike_B+1","Defend_B+1","Defend_B+1","Defend_B+1","Zap+1","Dualcast+1","Rebound+1","Self Repair+1","Rainbow+1","Capacitor","Self Repair+1"],"relics":["Cracked Core","Mummified Hand","Philosopher\u0027s Stone","Bag of Marbles"],"potions_floor_usage":[16,16,28],"damage_taken":[{"damage":0,"enemies":"Cultist","floor":1,"turns":4},{"damage":5,"enemies":"2 Louse","floor":5,"turns":2},{"damage":0,"enemies":"Small Slimes","floor":8,"turns":2},{"damage":1,"enemies":"2 Fungi Beasts","floor":10,"turns":3},{"damage":17,"enemies":"Exordium Wildlife","floor":13,"turns":4},{"damage":44,"enemies":"Hexaghost","floor":16,"turns":10},{"damage":46,"enemies":"Shell Parasite","floor":18,"turns":6},{"damage":2,"enemies":"Chosen","floor":20,"turns":4},{"damage":29,"enemies":"Sentry and Sphere","floor":24,"turns":5},{"damage":34,"enemies":"Snake Plant","floor":28,"turns":3}],"seed_played":"376422252049399137","potions_obtained":[{"floor":1,"key":"Strength Potion"},{"floor":5,"key":"Block Potion"},{"floor":16,"key":"Strength Potion"},{"floor":20,"key":"Poison Potion"},{"floor":24,"key":"SneckoOil"}],"is_trial":false,"path_per_floor":["M","$","?","?","M","R","$","M","T","M","?","R","M","?","R","B",null,"M","?","M","?","?","R","M","?","T","R"],"character_chosen":"DEFECT","items_purchased":[],"campfire_rested":1,"item_purchase_floors":[],"current_hp_per_floor":[68,68,68,68,63,63,63,63,63,68,61,61,54,68,68,34,60,24,24,32,32,32,32,13,13,13,33,0],"gold":444,"neow_bonus":"REMOVE_TWO","is_prod":false,"is_daily":false,"chose_seed":false,"campfire_upgraded":4,"win_rate":0,"timestamp":1534101509,"path_taken":["M","?","?","?","M","R","$","?","T","M","?","R","M","?","R","BOSS","M","?","?","?","?","R","M","?","T","R","M"],"build_version":"2018-08-09","purchased_purges":2,"victory":false,"max_hp_per_floor":[68,68,68,68,68,68,68,68,68,68,68,68,68,68,68,68,68,68,68,68,68,68,68,68,68,68,68,68],"card_choices":[{"not_picked":["Genetic Algorithm","Static Discharge"],"picked":"Rebound","floor":1},{"not_picked":["Leap","Hologram","Darkness"],"picked":"SKIP","floor":5},{"not_picked":["Cold Snap","Go for the Eyes"],"picked":"Self Repair","floor":8},{"not_picked":["Redo","Compile Driver","Core Surge"],"picked":"SKIP","floor":10},{"not_picked":["Ball Lightning","Hologram","Stack"],"picked":"SKIP","floor":13},{"not_picked":["Core Surge","Fission"],"picked":"Rainbow","floor":16},{"not_picked":["Conserve Battery","Compile Driver","Sweeping Beam"],"picked":"SKIP","floor":18},{"not_picked":["Auto Shields","Cold Snap"],"picked":"Capacitor","floor":20},{"not_picked":["Streamline+1","Beam Cell"],"picked":"Self Repair+1","floor":24}],"player_experience":421443,"relics_obtained":[{"floor":9,"key":"Mummified Hand"},{"floor":26,"key":"Bag of Marbles"}],"event_choices":[{"event_name":"Accursed Blacksmith","player_choice":"Forge","floor":3,"damage_taken":0},{"event_name":"Liars Game","player_choice":"agreed","floor":4,"damage_taken":0},{"event_name":"Golden Wing","player_choice":"Card Removal","floor":11,"damage_taken":0},{"event_name":"The Cleric","player_choice":"Healed","floor":14,"damage_taken":0},{"event_name":"Back to Basics","player_choice":"Simplicity","floor":19,"damage_taken":0},{"event_name":"Nest","player_choice":"Stole From Cult","floor":21,"damage_taken":0},{"event_name":"Drug Dealer","player_choice":"Ignored","floor":22,"damage_taken":0},{"event_name":"Beggar","player_choice":"Ignored","floor":25,"damage_taken":0}],"is_beta":false,"boss_relics":[{"not_picked":["Black Star","Empty Cage"],"picked":"Philosopher\u0027s Stone"}],"items_purged_floors":[2,7],"is_endless":false,"potions_floor_spawned":[1,5,16,20,24],"killed_by":"Snake Plant","ascension_level":7}