{"gold_per_floor":[115,131,81,97,22,22,33,47,47,73,73,92,121,121,121,218,218,231,331,350,53,53,53,78,78,78,78,112,124,150,37,37,134,134,144,0,0,0,13,13,24,37,117,117,149,160,160,178,178,178],"floor_reached":51,"playtime":5289,"items_purged":["Strike_B","Strike_B","Strike_B"],"score":979,"play_id":"ff79c13d-08eb-4269-a6aa-a6751017d2ac","local_time":"20180829142740","is_ascension_mode":true,"campfire_choices":[{"data":"Gash","floor":11,"key":"SMITH"},{"floor":15,"key":"REST"},{"floor":23,"key":"REST"},{"data":"Coolheaded","floor":25,"key":"SMITH"},{"floor":27,"key":"REST"},{"data":"Zap","floor":32,"key":"SMITH"},{"data":"1","floor":40,"key":"LIFT"},{"data":"Dualcast","floor":44,"key":"SMITH"},{"data":"2","floor":47,"key":"LIFT"},{"floor":49,"key":"REST"}],"neow_cost":"NONE","seed_source_timestamp":831907839819355,"circlet_count":0,"master_deck":["Defend_B","Zap+1","Dualcast+1","Coolheaded+1","Gash+1","Defragment","Compile Driver","Electrodynamics","Beam Cell+1","Bandage Up","Gash+1","Biased Cognition","Seek","Defragment"],"relics":["Cracked Core","Meat on the Bone","Oddly Smooth Stone","Dream Catcher","Runic Pyramid","Torii","Molten Egg 2","Girya","Blood Vial","Blue Candle","MawBank","Empty Cage","Red Mask","Tiny Chest","Anchor"],"potions_floor_usage":[6,13,19,24,33,33,39,41,46,50],"damage_taken":[{"damage":4,"enemies":"2 Louse","floor":1,"turns":2},{"damage":0,"enemies":"Jaw Worm","floor":2,"turns":5},{"damage":0,"enemies":"Cultist","floor":4,"turns":4},{"damage":0,"enemies":"3 Sentries","floor":6,"turns":2},{"damage":11,"enemies":"Exordium Thugs","floor":7,"turns":6},{"damage":6,"enemies":"Looter","floor":8,"turns":4},{"damage":10,"enemies":"3 Louse","floor":12,"turns":4},{"damage":32,"enemies":"Gremlin Nob","floor":13,"turns":5},{"damage":34,"enemies":"The Guardian","floor":16,"turns":11},{"damage":5,"enemies":"Spheric Guardian","floor":18,"turns":3},{"damage":26,"enemies":"Colosseum Slavers","floor":19,"turns":4},{"damage":41,"enemies":"Colosseum Nobs","floor":19,"turns":5},{"damage":8,"enemies":"Shell Parasite","floor":20,"turns":5},{"damage":18,"enemies":"Gremlin Leader","floor":24,"turns":4},{"damage":41,"enemies":"Book of Stabbing","floor":28,"turns":5},{"damage":27,"enemies":"Snake Plant","floor":30,"turns":3},{"damage":15,"enemies":"Collector","floor":33,"turns":4},{"damage":23,"enemies":"3 Darklings","floor":35,"turns":2},{"damage":1,"enemies":"3 Shapes","floor":39,"turns":3},{"damage":0,"enemies":"Transient","floor":41,"turns":5},{"damage":0,"enemies":"Flame Bruiser 2 Orb","floor":42,"turns":3},{"damage":13,"enemies":"Giant Head","floor":45,"turns":5},{"damage":29,"enemies":"Spire Growth","floor":46,"turns":3},{"damage":1,"enemies":"4 Shapes","floor":48,"turns":3},{"damage":67,"enemies":"Donu and Deca","floor":50,"turns":6}],"seed_played":"-3621585345490794141","potions_obtained":[{"floor":4,"key":"SmokeBomb"},{"floor":8,"key":"Strength Potion"},{"floor":16,"key":"SteroidPotion"},{"floor":24,"key":"Explosive Potion"},{"floor":28,"key":"Ancient Potion"},{"floor":33,"key":"Explosive Potion"},{"floor":35,"key":"GamblersBrew"},{"floor":48,"key":"Explosive Potion"}],"is_trial":false,"path_per_floor":["M","M","?","M","$","E","M","M","T","T","R","M","E","?","R","B",null,"M","?","M","$","?","R","E","R","T","R","E","$","M","$","R","B",null,"M","$","?","?","M","R","M","M","T","R","E","M","R","M","R","B"],"character_chosen":"DEFECT","items_purchased":["Fruit Juice","Bandage Up","Defragment","Regen Potion"],"campfire_rested":4,"item_purchase_floors":[21,21,36,36],"current_hp_per_floor":[64,64,64,64,64,64,53,47,47,47,47,49,29,22,44,22,62,57,14,18,18,18,40,43,43,43,67,44,44,35,35,35,38,70,53,53,53,53,58,58,79,80,80,80,71,48,48,53,77,25],"gold":178,"neow_bonus":"REMOVE_CARD","is_prod":false,"is_daily":false,"chose_seed":false,"campfire_upgraded":4,"win_rate":0,"timestamp":1535524060,"path_taken":["M","M","?","M","$","E","?","M","T","?","R","M","E","?","R","BOSS","M","?","M","$","?","R","E","R","T","R","E","$","M","$","R","BOSS","M","?","?","?","M","R","?","M","T","R","E","M","R","M","R","BOSS"],"build_version":"2018-08-23v2","purchased_purges":3,"victory":true,"max_hp_per_floor":[75,75,75,75,75,75,75,75,75,75,75,75,75,75,75,75,75,75,75,75,75,75,75,80,80,80,80,80,80,80,80,80,80,80,80,80,80,80,80,80,80,80,80,80,80,80,80,80,80,80],"card_choices":[{"not_picked":["Chaos","Lockon"],"picked":"Coolheaded","floor":1},{"not_picked":["Redo","Steam","Rip and Tear"],"picked":"SKIP","floor":2},{"not_picked":["Turbo","Reprogram"],"picked":"Gash","floor":4},{"not_picked":["Hologram","Stack","Rebound"],"picked":"SKIP","floor":7},{"not_picked":["Rebound","Rip and Tear","Aggregate"],"picked":"SKIP","floor":8},{"not_picked":["Rebound","Melter","Fusion"],"picked":"SKIP","floor":12},{"not_picked":["Ball Lightning","Chaos"],"picked":"Defragment","floor":13},{"not_picked":["Hologram","Go for the Eyes"],"picked":"Compile Driver","floor":15},{"not_picked":["Amplify","Biased Cognition"],"picked":"Electrodynamics","floor":16},{"not_picked":["Cold Snap","Darkness","Steam"],"picked":"SKIP","floor":18},{"not_picked":["Stack","Hello World"],"picked":"Beam Cell+1","floor":20},{"not_picked":["Rebound+1","Cold Snap+1"],"picked":"Gash+1","floor":23},{"not_picked":["Ball Lightning+1","Redo"],"picked":"Biased Cognition","floor":24},{"not_picked":["Go for the Eyes+1","Undo"],"picked":"Seek","floor":28},{"not_picked":["Stack","Reinforced Body","Coolheaded"],"picked":"SKIP","floor":30},{"not_picked":["Hello World+1","Blizzard+1","Force Field+1"],"picked":"SKIP","floor":35},{"not_picked":["Hello World","Coolheaded+1","Steam"],"picked":"SKIP","floor":39},{"not_picked":["Coolheaded+1","Barrage+1","Force Field+1"],"picked":"SKIP","floor":41},{"not_picked":["Heatsinks+1","Lockon+1","Rebound+1"],"picked":"SKIP","floor":42},{"not_picked":["Barrage+1","Meteor Strike+1","Darkness"],"picked":"SKIP","floor":45},{"not_picked":["FTL+1","Coolheaded+1","Defragment+1"],"picked":"SKIP","floor":46},{"not_picked":["Ball Lightning+1","Go for the Eyes+1","Heatsinks"],"picked":"SKIP","floor":48}],"player_experience":368434,"relics_obtained":[{"floor":9,"key":"Meat on the Bone"},{"floor":10,"key":"Oddly Smooth Stone"},{"floor":13,"key":"Dream Catcher"},{"floor":19,"key":"Torii"},{"floor":19,"key":"Molten Egg 2"},{"floor":24,"key":"Blood Vial"},{"floor":26,"key":"Blue Candle"},{"floor":28,"key":"MawBank"},{"floor":43,"key":"Tiny Chest"},{"floor":45,"key":"Anchor"}],"event_choices":[{"event_name":"The Cleric","player_choice":"Card Removal","floor":3,"damage_taken":0},{"event_name":"Golden Wing","player_choice":"Card Removal","floor":14,"damage_taken":0},{"event_name":"Colosseum","player_choice":"Fight","floor":19,"damage_taken":0},{"event_name":"Colosseum","player_choice":"Fought Nobs","floor":19,"damage_taken":0},{"event_name":"The Mausoleum","player_choice":"Yes","floor":22,"damage_taken":0},{"event_name":"Mysterious Sphere","player_choice":"Ignore","floor":37,"damage_taken":0},{"event_name":"Tomb of Lord Red Mask","player_choice":"Paid","floor":38,"damage_taken":0}],"is_beta":false,"boss_relics":[{"not_picked":["Inserter","Ectoplasm"],"picked":"Runic Pyramid"},{"not_picked":["White Beast Statue","Pandora\u0027s Box"],"picked":"Empty Cage"}],"items_purged_floors":[5,21,31],"is_endless":false,"potions_floor_spawned":[4,6,8,16,19,24,28,33,35,48],"ascension_level":9}