{"path_per_floor":["M","M","M","M","M","R","E","R","T","?","R","T","R","E","R","B",null,"M","M","?","M","$","E","?","M","T","M","R","?","M","M","R","B",null,"M","M","$","M","$","E","R","M","T","R","?","R","M","M","R"],"character_chosen":"IRONCLAD","items_purchased":["Trip","Whetstone","Offering","Vajra","Bandage Up"],"gold_per_floor":[119,130,142,161,175,175,201,201,201,257,257,281,281,313,313,413,413,425,443,443,460,142,170,170,182,182,194,194,194,209,224,224,328,328,344,362,32,45,45,73,73,91,137,137,137,137,150,168,168,168],"floor_reached":50,"campfire_rested":6,"playtime":4205,"current_hp_per_floor":[78,73,77,71,61,80,62,62,62,54,54,61,61,46,72,52,87,87,83,83,72,72,73,55,45,45,29,57,57,63,64,64,24,98,94,78,78,75,75,44,84,47,47,87,101,101,84,64,101,0],"items_purged":["Defend_R"],"gold":168,"score":531,"play_id":"4e51ac92-0b41-4831-85a2-c624961a37e8","local_time":"20180427233855","is_prod":false,"is_daily":false,"chose_seed":false,"is_ascension_mode":false,"campfire_upgraded":5,"timestamp":1524886735,"path_taken":["M","M","M","M","M","R","E","R","T","?","R","?","R","E","R","BOSS","M","M","?","M","$","E","?","M","T","?","R","?","M","M","R","BOSS","M","M","$","M","$","E","R","M","T","R","?","R","M","M","R","BOSS"],"build_version":"2018-04-26v2","seed_source_timestamp":400093479015485,"purchased_purges":1,"victory":false,"master_deck":["Strike_R+1","Strike_R","Strike_R","Strike_R","Defend_R","Defend_R","Bash","Power Through","Flex+1","Blood for Blood","Headbutt","Flex+1","Twin Strike","Perfected Strike+1","Reaper+1","Feed","Perfected Strike","Sever Soul","Trip","Cleave","Battle Trance","Pummel+1","Impervious","Whirlwind","Offering","Bandage Up","Double Tap+1","Flame Barrier+1","Shockwave","Writhe"],"max_hp_per_floor":[80,80,80,80,80,80,80,80,80,80,80,87,87,87,87,87,87,87,87,87,90,90,90,95,95,95,95,95,95,95,98,98,98,98,98,98,98,98,98,101,101,101,101,101,101,101,101,101,101,101],"relics":["Burning Blood","Calipers","Self Forming Clay","Bronze Scales","Strawberry","Mercury Hourglass","Velvet Choker","Whetstone","Happy Flower","Frozen Egg 2","Eternal Feather","Vajra","Dream Catcher","Blood Vial"],"card_choices":[{"not_picked":["Shrug It Off","Cleave"],"picked":"Flex","floor":1},{"not_picked":["Entrench","Searing Blow"],"picked":"Blood for Blood","floor":2},{"not_picked":["Hemokinesis","Fire Breathing"],"picked":"Headbutt","floor":3},{"not_picked":["Thunderclap","Pommel Strike"],"picked":"Flex","floor":5},{"not_picked":["Inflame","Demon Form"],"picked":"Twin Strike","floor":7},{"not_picked":["Body Slam","Power Through"],"picked":"Perfected Strike","floor":10},{"not_picked":["Shrug It Off","Body Slam"],"picked":"Reaper","floor":14},{"not_picked":["Bludgeon","Dark Embrace"],"picked":"Feed","floor":16},{"not_picked":["Seeing Red","Shrug It Off"],"picked":"Perfected Strike","floor":18},{"not_picked":["Uppercut","Warcry"],"picked":"Sever Soul","floor":19},{"not_picked":["Thunderclap","True Grit"],"picked":"Cleave","floor":25},{"not_picked":["Cleave","Bloodletting"],"picked":"Battle Trance","floor":27},{"not_picked":["Pommel Strike","Headbutt"],"picked":"Pummel","floor":31},{"not_picked":["Dark Embrace","Fiend Fire"],"picked":"Impervious","floor":33},{"not_picked":["Sword Boomerang","Armaments"],"picked":"Whirlwind","floor":35},{"not_picked":["Searing Blow","Body Slam"],"picked":"Double Tap","floor":38},{"not_picked":["Power Through","Flex"],"picked":"Flame Barrier","floor":41},{"not_picked":["Clothesline","Perfected Strike"],"picked":"Shockwave","floor":42}],"player_experience":9877,"potions_floor_usage":[7,7,14,23,23,30,33,40,50,50],"damage_taken":[{"damage":8,"enemies":"Small Slimes","floor":1,"turns":3},{"damage":11,"enemies":"Jaw Worm","floor":2,"turns":3},{"damage":2,"enemies":"2 Louse","floor":3,"turns":3},{"damage":12,"enemies":"Blue Slaver","floor":4,"turns":3},{"damage":16,"enemies":"Gremlin Gang","floor":5,"turns":4},{"damage":24,"enemies":"Lagavulin","floor":7,"turns":6},{"damage":14,"enemies":"3 Sentries","floor":10,"turns":6},{"damage":21,"enemies":"3 Sentries","floor":14,"turns":4},{"damage":34,"enemies":"Slime Boss","floor":16,"turns":9},{"damage":0,"enemies":"Chosen","floor":18,"turns":3},{"damage":10,"enemies":"Spheric Guardian","floor":19,"turns":3},{"damage":20,"enemies":"Centurion and Healer","floor":21,"turns":4},{"damage":11,"enemies":"Book of Stabbing","floor":23,"turns":3},{"damage":16,"enemies":"Sentry and Sphere","floor":25,"turns":4},{"damage":22,"enemies":"Slaver and Parasite","floor":27,"turns":3},{"damage":0,"enemies":"Snecko","floor":30,"turns":2},{"damage":26,"enemies":"Centurion and Healer","floor":31,"turns":3},{"damage":83,"enemies":"Collector","floor":33,"turns":9},{"damage":18,"enemies":"3 Shapes","floor":35,"turns":3},{"damage":22,"enemies":"Flame Bruiser 1 Orb","floor":36,"turns":3},{"damage":13,"enemies":"Maw","floor":38,"turns":6},{"damage":44,"enemies":"Nemesis","floor":40,"turns":5},{"damage":47,"enemies":"4 Shapes","floor":42,"turns":3},{"damage":23,"enemies":"Spire Growth","floor":47,"turns":3},{"damage":43,"enemies":"3 Darklings","floor":48,"turns":4},{"damage":129,"enemies":"Donu and Deca","floor":50,"turns":9}],"event_choices":[{"event_name":"Dead Adventurer","player_choice":"Searched \u00273\u0027 times","floor":10,"damage_taken":0},{"event_name":"Ghosts","player_choice":"Ignored","floor":20,"damage_taken":0},{"event_name":"Forgotten Altar","player_choice":"Shed Blood","floor":24,"damage_taken":0},{"event_name":"Bonfire Elementals","player_choice":"BASIC","floor":29,"damage_taken":0},{"event_name":"Winding Halls","player_choice":"Writhe","floor":45,"damage_taken":0}],"boss_relics":[{"not_picked":["Mark of Pain","Tiny House"],"picked":"Velvet Choker"},{"not_picked":["Runic Dome","White Beast Statue"],"picked":"Eternal Feather"}],"potions_floor_spawned":[2,4,10,16,18,21,25,35,42,47],"seed_played":"-4637268093438635528","killed_by":"Donu and Deca","ascension_level":0,"is_trial":false}