{"gold_per_floor":[110,110,125,50,50,88,88,129,129,129,144,512,512,43,43,166,166,179,131,154,154,429,462,462,480,506,506,526,726,29,29,29,152,152,176,239,239,239,16,50,50,71,71,3,3,17,57,76,76,76],"floor_reached":50,"playtime":3470,"items_purged":["Pain","Regret","Regret","Writhe"],"score":850,"play_id":"d3023840-e5c8-41af-b3ce-5986d1edb015","local_time":"20190401195420","is_ascension_mode":true,"campfire_choices":[{"data":"Concentrate","floor":7,"key":"SMITH"},{"data":"Neutralize","floor":10,"key":"SMITH"},{"floor":15,"key":"REST"},{"floor":24,"key":"REST"},{"floor":27,"key":"REST"},{"floor":32,"key":"REST"},{"floor":41,"key":"REST"},{"floor":49,"key":"REST"}],"neow_cost":"NONE","seed_source_timestamp":1678825223912167,"circlet_count":0,"master_deck":["Defend_G","Defend_G","Defend_G","Defend_G","Defend_G","Strike_G","Strike_G","Strike_G","Strike_G","Survivor","Neutralize+1","Underhanded Strike","Well Laid Plans","Injury","Concentrate+1","Expertise","Finisher","Dash","Caltrops","Underhanded Strike","Doppelganger","Flying Knee","Crippling Poison+1","Outmaneuver","Slice+1","All Out Attack","Tactician","Flying Knee","Corpse Explosion","Tactician","Sucker Punch+1","Tools of the Trade","Backflip","A Thousand Cuts","Leg Sweep","Deflect","Crippling Poison+1","Backflip+1","Outmaneuver","Blur+1","Distraction+1","Acrobatics+1","Footwork+1","Quick Slash+1","Calculated Gamble+1"],"relics":["Ring of the Snake","NeowsBlessing","WarpedTongs","Golden Idol","Ice Cream","Question Card","Prayer Wheel","Old Coin","Gremlin Horn","Sling","PreservedInsect","Fusion Hammer","Ancient Tea Set","Lantern","Vajra","Busted Crown","Thread and Needle","Calipers","Toxic Egg 2","Happy Flower"],"potions_floor_usage":[12,16,31,33,33,36,36,40,42],"damage_taken":[{"damage":0,"enemies":"2 Louse","floor":1,"turns":1},{"damage":0,"enemies":"Cultist","floor":3,"turns":1},{"damage":0,"enemies":"Gremlin Nob","floor":6,"turns":1},{"damage":11,"enemies":"Lagavulin","floor":8,"turns":9},{"damage":2,"enemies":"Jaw Worm","floor":11,"turns":5},{"damage":19,"enemies":"Gremlin Nob","floor":12,"turns":4},{"damage":63,"enemies":"Slime Boss","floor":16,"turns":13},{"damage":23,"enemies":"2 Thieves","floor":18,"turns":5},{"damage":3,"enemies":"3 Byrds","floor":20,"turns":3},{"damage":19,"enemies":"Gremlin Leader","floor":23,"turns":4},{"damage":28,"enemies":"Sentry and Sphere","floor":25,"turns":5},{"damage":24,"enemies":"Snake Plant","floor":28,"turns":4},{"damage":0,"enemies":"Shelled Parasite and Fungi","floor":31,"turns":1},{"damage":11,"enemies":"Automaton","floor":33,"turns":8},{"damage":42,"enemies":"3 Darklings","floor":35,"turns":3},{"damage":17,"enemies":"2 Orb Walkers","floor":36,"turns":5},{"damage":26,"enemies":"Nemesis","floor":40,"turns":6},{"damage":0,"enemies":"Orb Walker","floor":42,"turns":3},{"damage":4,"enemies":"Sphere and 2 Shapes","floor":46,"turns":6},{"damage":0,"enemies":"Reptomancer","floor":47,"turns":4},{"damage":22,"enemies":"Jaw Worm Horde","floor":48,"turns":3},{"damage":26,"enemies":"Awakened One","floor":50,"turns":3}],"seed_played":"-5236081049950675448","potions_obtained":[{"floor":8,"key":"SteroidPotion"},{"floor":12,"key":"Regen Potion"},{"floor":23,"key":"SmokeBomb"},{"floor":33,"key":"FearPotion"},{"floor":35,"key":"Swift Potion"},{"floor":40,"key":"SkillPotion"}],"is_trial":false,"path_per_floor":["M","?","M","$","?","E","R","E","T","R","M","?","?","$","R","B",null,"M","$","M","?","?","E","R","M","T","R","M","?","$","M","R","B",null,"M","?","?","?","$","E","R","M","T","$","$","M","E","M","R","B"],"character_chosen":"THE_SILENT","items_purchased":["Sling","PreservedInsect","Underhanded Strike","Outmaneuver","Tools of the Trade","Lantern","Vajra","Backflip","Strength Potion","AttackPotion","Regen Potion","Blur+1"],"campfire_rested":6,"item_purchase_floors":[14,14,14,19,30,30,30,30,30,30,39,44],"current_hp_per_floor":[63,63,63,63,63,63,63,52,52,52,50,31,31,31,52,4,54,31,31,28,51,51,32,53,25,25,46,22,22,22,22,43,32,61,19,2,2,20,20,9,30,30,30,30,30,26,26,4,25,0],"gold":76,"neow_bonus":"THREE_ENEMY_KILL","is_prod":false,"is_daily":false,"chose_seed":false,"campfire_upgraded":2,"win_rate":0,"timestamp":1554173660,"path_taken":["M","?","?","$","?","E","R","E","T","R","M","?","?","?","R","BOSS","M","?","?","?","?","E","R","?","T","R","M","?","?","M","R","BOSS","M","?","?","?","$","E","R","M","T","?","$","M","E","M","R","BOSS"],"build_version":"2019-01-23","purchased_purges":4,"victory":false,"max_hp_per_floor":[70,70,70,70,70,70,70,70,70,70,70,70,70,70,70,70,70,70,70,70,70,70,70,70,70,70,70,70,70,70,70,70,70,70,70,70,70,70,70,70,70,70,70,70,70,70,70,70,70,70],"card_choices":[{"not_picked":["Setup","Acrobatics"],"picked":"Underhanded Strike","floor":1},{"not_picked":["Accuracy","Dodge and Roll"],"picked":"Well Laid Plans","floor":3},{"not_picked":["Masterful Stab","Deadly Poison"],"picked":"Concentrate","floor":6},{"not_picked":["Blade Dance","Deflect"],"picked":"Expertise","floor":8},{"not_picked":["Blade Dance","Slice","Endless Agony"],"picked":"Finisher","floor":11},{"not_picked":["Underhanded Strike","Catalyst","Setup"],"picked":"Dash","floor":11},{"not_picked":["Flechettes","Bane","Infinite Blades"],"picked":"Caltrops","floor":12},{"not_picked":["Phantasmal Killer","Tools of the Trade","Die Die Die"],"picked":"Doppelganger","floor":16},{"not_picked":["Setup","Quick Slash","Sucker Punch"],"picked":"Flying Knee","floor":18},{"not_picked":["Terror","Deadly Poison","Dagger Throw"],"picked":"Crippling Poison+1","floor":18},{"not_picked":["Quick Slash","Sucker Punch","Reflex"],"picked":"Slice+1","floor":20},{"not_picked":["Underhanded Strike","Grand Finale","Quick Slash"],"picked":"All Out Attack","floor":20},{"not_picked":["Noxious Fumes","Footwork","Bane"],"picked":"Tactician","floor":23},{"not_picked":["Blade Dance+1","Deflect+1","Dagger Throw"],"picked":"Flying Knee","floor":25},{"not_picked":["Prepared","Bane","Sucker Punch"],"picked":"Corpse Explosion","floor":25},{"not_picked":["Dagger Spray","Blade Dance","Sucker Punch+1"],"picked":"Tactician","floor":28},{"not_picked":["Caltrops","Underhanded Strike","Blur"],"picked":"Sucker Punch+1","floor":28},{"not_picked":["Doppelganger","Burst","Night Terror"],"picked":"A Thousand Cuts","floor":33},{"not_picked":["Cloak And Dagger"],"picked":"Leg Sweep","floor":35},{"not_picked":["Endless Agony"],"picked":"Deflect","floor":35},{"not_picked":["Flying Knee+1"],"picked":"Crippling Poison+1","floor":36},{"not_picked":["Quick Slash"],"picked":"Backflip+1","floor":40},{"not_picked":["Grand Finale"],"picked":"Outmaneuver","floor":42},{"not_picked":["Setup","Underhanded Strike"],"picked":"SKIP","floor":42},{"not_picked":["Dagger Throw"],"picked":"Distraction+1","floor":46},{"not_picked":["Quick Slash"],"picked":"Acrobatics+1","floor":46},{"not_picked":["Dodge and Roll+1"],"picked":"Footwork+1","floor":47},{"not_picked":["Poisoned Stab"],"picked":"Quick Slash+1","floor":48},{"not_picked":["Sucker Punch+1"],"picked":"Calculated Gamble+1","floor":48}],"player_experience":432253,"relics_obtained":[{"floor":6,"key":"Ice Cream"},{"floor":8,"key":"Question Card"},{"floor":9,"key":"Prayer Wheel"},{"floor":12,"key":"Old Coin"},{"floor":23,"key":"Ancient Tea Set"},{"floor":36,"key":"Thread and Needle"},{"floor":40,"key":"Calipers"},{"floor":43,"key":"Toxic Egg 2"},{"floor":47,"key":"Happy Flower"}],"event_choices":[{"damage_healed":0,"gold_gain":0,"player_choice":"Rummage","damage_taken":0,"relics_obtained":["WarpedTongs"],"max_hp_gain":0,"max_hp_loss":0,"event_name":"Accursed Blacksmith","floor":2,"gold_loss":0,"cards_obtained":["Pain"]},{"damage_healed":0,"gold_gain":0,"player_choice":"Take Wound","damage_taken":0,"relics_obtained":["Golden Idol"],"max_hp_gain":0,"max_hp_loss":0,"event_name":"Golden Idol","floor":5,"gold_loss":0,"cards_obtained":["Injury"]},{"damage_healed":0,"gold_gain":30,"player_choice":"Searched \u00273\u0027 times","damage_taken":0,"max_hp_gain":0,"max_hp_loss":0,"event_name":"Dead Adventurer","floor":12,"gold_loss":0},{"damage_healed":0,"gold_gain":0,"player_choice":"Box","damage_taken":0,"relics_obtained":["Gremlin Horn"],"max_hp_gain":0,"max_hp_loss":0,"event_name":"Big Fish","floor":13,"gold_loss":0,"cards_obtained":["Regret"]},{"damage_healed":23,"gold_gain":0,"player_choice":"Heal","damage_taken":0,"max_hp_gain":0,"max_hp_loss":0,"event_name":"The Library","floor":21,"gold_loss":0},{"damage_healed":0,"gold_gain":275,"player_choice":"Desecrate","damage_taken":0,"max_hp_gain":0,"max_hp_loss":0,"event_name":"Golden Shrine","floor":22,"gold_loss":0,"cards_obtained":["Regret"]},{"damage_healed":0,"gold_gain":200,"player_choice":"Gold","damage_taken":0,"max_hp_gain":0,"max_hp_loss":0,"event_name":"Wheel of Change","floor":29,"gold_loss":0},{"damage_healed":0,"gold_gain":0,"player_choice":"Fight","damage_taken":0,"max_hp_gain":0,"max_hp_loss":0,"event_name":"Mysterious Sphere","floor":36,"gold_loss":0},{"cards_removed":["Strike_G"],"damage_healed":0,"gold_gain":0,"player_choice":"Removed Attack","damage_taken":0,"max_hp_gain":0,"max_hp_loss":0,"event_name":"Falling","floor":37,"gold_loss":0},{"damage_healed":18,"gold_gain":0,"player_choice":"Writhe","damage_taken":0,"max_hp_gain":0,"max_hp_loss":0,"event_name":"Winding Halls","floor":38,"gold_loss":0,"cards_obtained":["Writhe"]}],"is_beta":false,"boss_relics":[{"not_picked":["Ectoplasm","Tiny House"],"picked":"Fusion Hammer"},{"not_picked":["Empty Cage","Lizard Tail"],"picked":"Busted Crown"}],"items_purged_floors":[4,14,30,39],"is_endless":false,"potions_floor_spawned":[8,12,23,31,33,35,40],"killed_by":"Awakened One","ascension_level":7}