{"gold_per_floor":[109,109,121,121,46,46,65,93,93,113,113,148,167,16,16,121,121,134,134,145,245,259,259,287,287,287,312,12,28,28,38,38,38],"floor_reached":33,"playtime":2546,"items_purged":["Strike_G","Strike_G"],"score":339,"play_id":"5c82be03-4796-4328-a826-447a4509db1c","local_time":"20190508133438","is_ascension_mode":true,"campfire_choices":[{"data":"Cloak And Dagger","floor":6,"key":"SMITH"},{"data":"Dagger Spray","floor":11,"key":"SMITH"},{"data":"Backflip","floor":15,"key":"SMITH"},{"data":"Dagger Spray","floor":23,"key":"SMITH"},{"data":"Acrobatics","floor":25,"key":"SMITH"},{"floor":30,"key":"REST"},{"data":"Tools of the Trade","floor":32,"key":"SMITH"}],"neow_cost":"NONE","seed_source_timestamp":63569821346600,"circlet_count":0,"master_deck":["Defend_G","Defend_G","Defend_G","Defend_G","Defend_G","Strike_G+1","Survivor","Neutralize+1","Deep Breath","Dagger Spray+1","Cloak And Dagger+1","Backstab","Backflip+1","Acrobatics+1","Deflect","Poisoned Stab","After Image","Poisoned Stab+1","Calculated Gamble","Dagger Spray+1","Cloak And Dagger+1","Blur+1","Tools of the Trade+1","Escape Plan+1","Prepared+1"],"relics":["Ring of the Snake","Torii","Letter Opener","Prayer Wheel","Snake Skull","Empty Cage","Du-Vu Doll","Dodecahedron","Toxic Egg 2","Bird Faced Urn","TwistedFunnel"],"potions_floor_usage":[1,8,8,16,21,21,21,31,31],"damage_taken":[{"damage":0,"enemies":"2 Louse","floor":1,"turns":4},{"damage":0,"enemies":"Cultist","floor":3,"turns":3},{"damage":0,"enemies":"Small Slimes","floor":7,"turns":2},{"damage":12,"enemies":"Gremlin Nob","floor":8,"turns":3},{"damage":1,"enemies":"Exordium Thugs","floor":10,"turns":4},{"damage":2,"enemies":"3 Sentries","floor":12,"turns":5},{"damage":1,"enemies":"Exordium Wildlife","floor":13,"turns":3},{"damage":13,"enemies":"Hexaghost","floor":16,"turns":12},{"damage":1,"enemies":"Shell Parasite","floor":18,"turns":6},{"damage":0,"enemies":"Chosen","floor":20,"turns":3},{"damage":7,"enemies":"Colosseum Slavers","floor":21,"turns":4},{"damage":0,"enemies":"Colosseum Nobs","floor":21,"turns":5},{"damage":1,"enemies":"3 Cultists","floor":22,"turns":5},{"damage":4,"enemies":"Book of Stabbing","floor":24,"turns":6},{"damage":29,"enemies":"Slavers","floor":27,"turns":8},{"damage":1,"enemies":"Cultist and Chosen","floor":29,"turns":6},{"damage":8,"enemies":"Centurion and Healer","floor":31,"turns":4},{"damage":22,"enemies":"Collector","floor":33,"turns":9}],"seed_played":"-5335498019726673534","potions_obtained":[{"floor":1,"key":"Fruit Juice"},{"floor":2,"key":"Poison Potion"},{"floor":2,"key":"SkillPotion"},{"floor":2,"key":"SneckoOil"},{"floor":8,"key":"Weak Potion"},{"floor":12,"key":"GhostInAJar"},{"floor":18,"key":"Strength Potion"},{"floor":27,"key":"SkillPotion"},{"floor":29,"key":"Strength Potion"}],"is_trial":false,"path_per_floor":["M","?","M","?","$","R","M","E","T","M","R","E","M","$","R","B",null,"M","?","M","?","M","R","E","R","T","E","$","M","R","M","R","B"],"character_chosen":"THE_SILENT","items_purchased":["Snake Skull","TwistedFunnel"],"campfire_rested":1,"item_purchase_floors":[14,28],"current_hp_per_floor":[75,75,75,60,60,60,60,48,48,47,47,45,44,44,44,31,75,74,74,74,67,66,66,62,62,62,33,33,34,56,50,50,32],"gold":38,"neow_bonus":"RANDOM_COLORLESS","is_prod":false,"is_daily":false,"chose_seed":false,"campfire_upgraded":6,"win_rate":0,"timestamp":1557340478,"path_taken":["M","?","?","?","?","R","M","E","T","?","R","E","M","$","R","BOSS","M","?","M","?","M","R","E","R","T","E","$","M","R","M","R","BOSS"],"build_version":"2019-01-23","purchased_purges":2,"victory":false,"max_hp_per_floor":[75,75,75,75,75,75,75,75,75,75,75,75,75,75,75,75,75,75,75,75,75,75,75,75,75,75,75,75,75,75,75,75,75],"card_choices":[{"not_picked":["Deadly Poison","Predator"],"picked":"Dagger Spray","floor":1},{"not_picked":["Poisoned Stab","Sucker Punch"],"picked":"Cloak And Dagger","floor":3},{"not_picked":["Reflex","Concentrate"],"picked":"Backstab","floor":7},{"not_picked":["Calculated Gamble","Slice"],"picked":"Backflip","floor":8},{"not_picked":["Predator","Dagger Throw"],"picked":"Acrobatics","floor":10},{"not_picked":["Crippling Poison","Tools of the Trade"],"picked":"Deflect","floor":12},{"not_picked":["Blade Dance","PiercingWail"],"picked":"Poisoned Stab","floor":13},{"not_picked":["Quick Slash","Masterful Stab","Prepared"],"picked":"SKIP","floor":13},{"not_picked":["Tools of the Trade","Night Terror"],"picked":"After Image","floor":16},{"not_picked":["Choke+1","Backflip"],"picked":"Poisoned Stab+1","floor":18},{"not_picked":["Poisoned Stab","Leg Sweep"],"picked":"Calculated Gamble","floor":18},{"not_picked":["Underhanded Strike","Outmaneuver"],"picked":"Cloak And Dagger+1","floor":20},{"not_picked":["Dagger Throw","Eviscerate"],"picked":"Blur+1","floor":20},{"not_picked":["Flying Knee","Die Die Die","Deflect"],"picked":"SKIP","floor":22},{"not_picked":["Prepared","Outmaneuver+1","Catalyst"],"picked":"SKIP","floor":22},{"not_picked":["Calculated Gamble","Flying Knee","Deflect"],"picked":"SKIP","floor":24},{"not_picked":["Blade Dance+1","Dash","Dagger Spray+1"],"picked":"SKIP","floor":27},{"not_picked":["Dagger Spray","Crippling Poison+1"],"picked":"Tools of the Trade","floor":29},{"not_picked":["Dagger Throw","Blade Dance+1"],"picked":"Escape Plan+1","floor":29},{"not_picked":["Acrobatics+1","Deadly Poison+1"],"picked":"Prepared+1","floor":31},{"not_picked":["Quick Slash+1","PiercingWail+1","Endless Agony"],"picked":"SKIP","floor":31}],"player_experience":228432,"relics_obtained":[{"floor":8,"key":"Torii"},{"floor":9,"key":"Letter Opener"},{"floor":12,"key":"Prayer Wheel"},{"floor":21,"key":"Du-Vu Doll"},{"floor":21,"key":"Dodecahedron"},{"floor":26,"key":"Toxic Egg 2"},{"floor":27,"key":"Bird Faced Urn"}],"event_choices":[{"damage_healed":0,"gold_gain":0,"player_choice":"Got Potions","damage_taken":0,"max_hp_gain":0,"max_hp_loss":0,"event_name":"Lab","floor":2,"gold_loss":0},{"damage_healed":0,"gold_gain":0,"player_choice":"Entered Light","damage_taken":15,"max_hp_gain":0,"max_hp_loss":0,"event_name":"Shining Light","floor":4,"gold_loss":0,"cards_upgraded":["Neutralize","Strike_G"]},{"damage_healed":0,"gold_gain":0,"player_choice":"Read","damage_taken":0,"max_hp_gain":0,"max_hp_loss":0,"event_name":"The Library","floor":19,"gold_loss":0,"cards_obtained":["Dagger Spray"]},{"damage_healed":0,"gold_gain":0,"player_choice":"Fight","damage_taken":0,"max_hp_gain":0,"max_hp_loss":0,"event_name":"Colosseum","floor":21,"gold_loss":0},{"damage_healed":0,"gold_gain":0,"player_choice":"Fought Nobs","damage_taken":0,"max_hp_gain":0,"max_hp_loss":0,"event_name":"Colosseum","floor":21,"gold_loss":0}],"is_beta":false,"boss_relics":[{"not_picked":["Runic Dome","Lizard Tail"],"picked":"Empty Cage"}],"items_purged_floors":[5,28],"is_endless":false,"potions_floor_spawned":[1,8,12,18,27,29],"killed_by":"Collector","ascension_level":3}