{"gold_per_floor":[119,44,61,76,93,93,123,136,214,228,244,244,244,257,257,257],"floor_reached":16,"playtime":889,"items_purged":["Defend_B"],"score":133,"play_id":"c9283cea-01b1-4673-a66d-87469c9e431b","local_time":"20180709220930","is_ascension_mode":true,"campfire_choices":[{"data":"Static Discharge","floor":6.0,"key":"SMITH"},{"data":"Dualcast","floor":13.0,"key":"SMITH"},{"data":"Hologram","floor":15,"key":"SMITH"}],"neow_cost":"TEN_PERCENT_HP_LOSS","seed_source_timestamp":0,"circlet_count":0,"master_deck":["Strike_B","Defend_B","Defend_B","Defend_B","Zap","Dualcast+1","Force Field","Static Discharge+1","Skim","Self Repair","Hologram+1","Self Repair"],"special_seed":0,"relics":["Cracked Core","Bird Faced Urn","Molten Egg 2"],"potions_floor_usage":[16],"damage_taken":[{"damage":0.0,"enemies":"Cultist","floor":1.0,"turns":5.0},{"damage":13.0,"enemies":"2 Louse","floor":3.0,"turns":2.0},{"damage":9.0,"enemies":"Small Slimes","floor":4.0,"turns":3.0},{"damage":17.0,"enemies":"Looter","floor":5.0,"turns":3.0},{"damage":35.0,"enemies":"3 Sentries","floor":7.0,"turns":5.0},{"damage":8.0,"enemies":"Blue Slaver","floor":8.0,"turns":4.0},{"damage":13.0,"enemies":"Lots of Slimes","floor":10.0,"turns":2.0},{"damage":14.0,"enemies":"Large Slime","floor":11.0,"turns":3.0},{"damage":10.0,"enemies":"Exordium Wildlife","floor":14.0,"turns":3.0},{"damage":41,"enemies":"Slime Boss","floor":16,"turns":8}],"seed_played":"-8642010272454528648","potions_obtained":[{"floor":3.0,"key":"SpeedPotion"},{"floor":4.0,"key":"GamblersBrew"},{"floor":8.0,"key":"Fire Potion"},{"floor":14,"key":"Energy Potion"}],"is_trial":false,"path_per_floor":["M","$","M","M","M","R","E","M","T","M","M","?","R","M","R"],"character_chosen":"DEFECT","items_purchased":[],"campfire_rested":0,"item_purchase_floors":[],"current_hp_per_floor":[68,68,55,53,43,43,15,18,18,16,22,22,22,32,32,0],"gold":257,"neow_bonus":"TRANSFORM_TWO_CARDS","is_prod":false,"is_daily":false,"chose_seed":false,"campfire_upgraded":3,"win_rate":0,"timestamp":1531145370,"path_taken":["M","$","M","M","?","R","E","M","T","M","M","?","R","M","R","BOSS"],"build_version":"2018-07-05","purchased_purges":1,"victory":false,"max_hp_per_floor":[68,68,68,68,68,68,68,68,68,68,68,68,68,68,68,68],"card_choices":[{"not_picked":["Compile Driver","Glacier"],"picked":"Skim","floor":1.0},{"not_picked":["Barrage","Cold Snap"],"picked":"Self Repair","floor":3.0},{"not_picked":["Steam","Leap","Coolheaded"],"picked":"SKIP","floor":4.0},{"not_picked":["Cold Snap","Scrape","Compile Driver"],"picked":"SKIP","floor":5.0},{"not_picked":["Coolheaded","Hello World"],"picked":"Hologram","floor":7.0},{"not_picked":["Rebound","Rip and Tear","Sweeping Beam"],"picked":"SKIP","floor":8.0},{"not_picked":["Steam","Glacier"],"picked":"Self Repair","floor":10.0},{"not_picked":["Redo","Sweeping Beam+1","Coolheaded"],"picked":"SKIP","floor":11.0},{"not_picked":["Barrage+1","Ball Lightning+1","Stack"],"picked":"SKIP","floor":14}],"player_experience":280597,"relics_obtained":[{"floor":7.0,"key":"Bird Faced Urn"},{"floor":9.0,"key":"Molten Egg 2"}],"event_choices":[{"event_name":"Living Wall","player_choice":"Forget","floor":12.0,"damage_taken":0.0}],"boss_relics":[],"items_purged_floors":[2],"is_endless":false,"potions_floor_spawned":[3,4,8,14],"killed_by":"Slime Boss","ascension_level":5}