{"gold_per_floor":[109,109,126,138,138,138,166,166,189,200,200,235,245,263,263,334,334,347,272,272,272,292,292,327,327,327,377,377,395,395,410,410,481,481,500,205,217,217,231,263,273,273,297,297,308,327,327,136,136,136,136,136,18,46,46],"floor_reached":56,"playtime":2462,"items_purged":["Strike_B","Strike_B+1","Defend_B"],"score":1931,"play_id":"5ac07813-d231-4a0f-9ad3-b1f06ba09577","local_time":"20190413200515","is_ascension_mode":true,"campfire_choices":[{"data":"Beam Cell","floor":6.0,"key":"SMITH"},{"data":"Deep Breath","floor":11.0,"key":"SMITH"},{"floor":15.0,"key":"REST"},{"floor":23.0,"key":"REST"},{"data":"Turbo","floor":25.0,"key":"SMITH"},{"floor":28.0,"key":"REST"},{"data":"Rainbow","floor":30.0,"key":"SMITH"},{"floor":32.0,"key":"REST"},{"data":"Defragment","floor":42.0,"key":"SMITH"},{"data":"Coolheaded","floor":44.0,"key":"SMITH"},{"floor":47.0,"key":"REST"},{"floor":49.0,"key":"RECALL"},{"data":"Hologram","floor":52.0,"key":"SMITH"}],"neow_cost":"NONE","seed_source_timestamp":0,"circlet_count":0,"master_deck":["AscendersBane","Defend_B","Defend_B","Defend_B","Zap","Dualcast+1","Deep Breath+1","Beam Cell+1","Auto Shields","Undo","Turbo+1","Meteor Strike","Multi-Cast","Ball Lightning","Chill","Biased Cognition","Recycle+1","Tempest","Rainbow+1","Compile Driver+1","Hologram+1","Creative AI","Defragment+1","Coolheaded+1","Defragment+1","Go for the Eyes+1","Heatsinks+1","Core Surge","Self Repair+1"],"special_seed":0,"relics":["FrozenCore","Cables","Anchor","Blood Vial","Smiling Mask","Sozu","Emotion Chip","Lantern","Runic Capacitor","Frozen Egg 2","Boot","Bottled Tornado"],"potions_floor_usage":[],"damage_taken":[{"damage":0.0,"enemies":"2 Louse","floor":1.0,"turns":2.0},{"damage":3.0,"enemies":"Small Slimes","floor":3.0,"turns":3.0},{"damage":1.0,"enemies":"Jaw Worm","floor":4.0,"turns":3.0},{"damage":18.0,"enemies":"Gremlin Nob","floor":7.0,"turns":4.0},{"damage":0.0,"enemies":"3 Louse","floor":10.0,"turns":3.0},{"damage":4.0,"enemies":"3 Sentries","floor":12.0,"turns":9.0},{"damage":9.0,"enemies":"Large Slime","floor":13.0,"turns":4.0},{"damage":0.0,"enemies":"Blue Slaver","floor":14.0,"turns":3.0},{"damage":14.0,"enemies":"The Guardian","floor":16.0,"turns":12.0},{"damage":25.0,"enemies":"Spheric Guardian","floor":18.0,"turns":4.0},{"damage":16.0,"enemies":"Colosseum Slavers","floor":20.0,"turns":3.0},{"damage":0.0,"enemies":"Chosen","floor":22.0,"turns":4.0},{"damage":9.0,"enemies":"Book of Stabbing","floor":24.0,"turns":4.0},{"damage":6.0,"enemies":"Snake Plant","floor":29.0,"turns":3.0},{"damage":22.0,"enemies":"Sentry and Sphere","floor":31.0,"turns":4.0},{"damage":12.0,"enemies":"Champ","floor":33.0,"turns":5.0},{"damage":2.0,"enemies":"3 Darklings","floor":35.0,"turns":4.0},{"damage":0.0,"enemies":"Orb Walker","floor":37.0,"turns":5.0},{"damage":26.0,"enemies":"Transient","floor":39.0,"turns":5.0},{"damage":0.0,"enemies":"Giant Head","floor":40.0,"turns":9.0},{"damage":0.0,"enemies":"4 Shapes","floor":41.0,"turns":7.0},{"damage":24.0,"enemies":"Jaw Worm Horde","floor":45.0,"turns":2.0},{"damage":3.0,"enemies":"Maw","floor":46.0,"turns":7.0},{"damage":13.0,"enemies":"Awakened One","floor":50.0,"turns":15.0},{"damage":51,"enemies":"Shield and Spear","floor":54,"turns":9},{"damage":3,"enemies":"The Heart","floor":55,"turns":11}],"seed_played":"466201259892860800","potions_obtained":[{"floor":1.0,"key":"EssenceOfSteel"},{"floor":12.0,"key":"Dexterity Potion"}],"is_trial":false,"path_per_floor":["M","?","M","M","?","R","E","T","T","M","R","E","M","M","R","B",null,"M","?","?","T","M","R","E","R","T","?","R","M","R","M","R","B",null,"M","$","M","?","M","E","M","R","T","R","M","M","R","$","R","B",null,"R","$","E","B",null],"character_chosen":"DEFECT","items_purchased":["Runic Capacitor","Defragment","Core Surge","Self Repair+1"],"campfire_rested":5,"item_purchase_floors":[36,36,48,53],"current_hp_per_floor":[64,43,40,39,39,39,21,21,21,23,23,21,14,16,37,25,60,37,37,23,23,25,46,39,39,39,32,53,49,49,29,50,40,63,63,63,65,65,41,43,45,45,45,45,23,22,43,43,43,32,61,61,61,22,31],"gold":46,"neow_bonus":"RANDOM_COLORLESS","is_prod":false,"is_daily":false,"chose_seed":true,"campfire_upgraded":7,"win_rate":0,"timestamp":1555157115,"path_taken":["M","?","M","M","?","R","E","?","T","M","R","E","M","M","R","BOSS","M","?","?","?","M","R","E","R","T","?","R","M","R","?","R","BOSS","M","?","M","?","M","E","M","R","T","R","?","M","R","?","R","BOSS","R","$","E","BOSS"],"build_version":"2019-01-23","purchased_purges":3,"victory":true,"max_hp_per_floor":[71,71,71,71,71,71,71,71,71,71,71,71,71,71,71,71,71,71,71,71,71,71,71,71,71,71,71,71,71,71,71,71,71,71,71,71,71,71,71,71,71,71,71,71,71,71,71,71,71,71,71,71,71,71,71],"card_choices":[{"not_picked":["Gash","Hologram"],"picked":"Beam Cell","floor":1.0},{"not_picked":["Rebound","Leap"],"picked":"Auto Shields","floor":3.0},{"not_picked":["Gash","Rebound"],"picked":"Undo","floor":4.0},{"not_picked":["Doom and Gloom","Consume"],"picked":"Turbo","floor":7.0},{"not_picked":["Go for the Eyes","Cold Snap"],"picked":"Meteor Strike","floor":10.0},{"not_picked":["Hologram","Beam Cell"],"picked":"Multi-Cast","floor":12.0},{"not_picked":["Chill","Double Energy"],"picked":"Ball Lightning","floor":13.0},{"not_picked":["Steam","Gash"],"picked":"Chill","floor":14.0},{"not_picked":["Buffer","Core Surge"],"picked":"Biased Cognition","floor":16.0},{"not_picked":["Steam","Doom and Gloom"],"picked":"Recycle+1","floor":18.0},{"not_picked":["Lockon","Hologram"],"picked":"Tempest","floor":22.0},{"not_picked":["Leap","Biased Cognition"],"picked":"Rainbow","floor":24.0},{"not_picked":["Consume","Sweeping Beam"],"picked":"Compile Driver+1","floor":29.0},{"not_picked":["Gash","Auto Shields"],"picked":"Hologram","floor":31.0},{"not_picked":["Buffer","Hyperbeam"],"picked":"Creative AI","floor":33.0},{"not_picked":["Self Repair","Hologram","Force Field"],"picked":"SKIP","floor":35.0},{"not_picked":["Rebound","Streamline","Auto Shields"],"picked":"SKIP","floor":37.0},{"not_picked":["Rebound","Beam Cell+1"],"picked":"Coolheaded","floor":39.0},{"not_picked":["Rainbow","Static Discharge+1"],"picked":"Defragment","floor":40.0},{"not_picked":["FTL+1","Doom and Gloom+1"],"picked":"Go for the Eyes+1","floor":41.0},{"not_picked":["Turbo","Ball Lightning","Steam"],"picked":"SKIP","floor":45.0},{"not_picked":["Compile Driver","Turbo"],"picked":"Heatsinks+1","floor":46.0},{"not_picked":["Multi-Cast","Ball Lightning+1","Streamline"],"picked":"SKIP","floor":54}],"player_experience":1383243,"relics_obtained":[{"floor":7.0,"key":"Cables"},{"floor":8.0,"key":"Anchor"},{"floor":9.0,"key":"Blood Vial"},{"floor":12.0,"key":"Smiling Mask"},{"floor":21.0,"key":"Emotion Chip"},{"floor":24.0,"key":"Lantern"},{"floor":40.0,"key":"Frozen Egg 2"},{"floor":43.0,"key":"Boot"},{"floor":54,"key":"Bottled Tornado"}],"event_choices":[{"damage_healed":0.0,"max_hp_gain":0.0,"max_hp_loss":0.0,"gold_gain":0.0,"event_name":"Shining Light","player_choice":"Entered Light","floor":2.0,"gold_loss":0.0,"damage_taken":21.0,"cards_upgraded":["Dualcast","Strike_B"]},{"damage_healed":0.0,"max_hp_gain":0.0,"max_hp_loss":0.0,"gold_gain":0.0,"event_name":"Liars Game","player_choice":"Ignored","floor":5.0,"gold_loss":0.0,"damage_taken":0.0},{"cards_removed":["Strike_B"],"damage_healed":0.0,"max_hp_gain":0.0,"max_hp_loss":0.0,"gold_gain":0.0,"event_name":"Beggar","player_choice":"Gave Gold","floor":19.0,"gold_loss":75.0,"damage_taken":0.0},{"damage_healed":0.0,"max_hp_gain":0.0,"max_hp_loss":0.0,"gold_gain":0.0,"event_name":"Colosseum","player_choice":"Fight","floor":20.0,"gold_loss":0.0,"damage_taken":0.0},{"damage_healed":0.0,"max_hp_gain":0.0,"max_hp_loss":0.0,"gold_gain":0.0,"event_name":"Colosseum","player_choice":"Fled From Nobs","floor":20.0,"gold_loss":0.0,"damage_taken":0.0},{"damage_healed":0.0,"max_hp_gain":0.0,"max_hp_loss":0.0,"gold_gain":50.0,"event_name":"FaceTrader","player_choice":"Touch","floor":27.0,"gold_loss":0.0,"damage_taken":7.0},{"cards_removed":["Strike_B"],"damage_healed":0.0,"max_hp_gain":0.0,"max_hp_loss":0.0,"gold_gain":0.0,"event_name":"Bonfire Elementals","player_choice":"Offered Basic","floor":38.0,"gold_loss":0.0,"damage_taken":0.0}],"is_beta":false,"boss_relics":[{"not_picked":["Ectoplasm","Tiny House"],"picked":"Sozu"},{"not_picked":["White Beast Statue","Velvet Choker"],"picked":"FrozenCore"}],"items_purged_floors":[36,48,53],"is_endless":false,"potions_floor_spawned":[1,12,20,24,29,41,45,46,54],"ascension_level":15}