{"gold_per_floor":[109,89,14,29,47,81,94,110,157,157,182,194,94,109,109,213,213,229,259,259,270,270,299,299,299],"floor_reached":25,"playtime":1295,"items_purged":["Steam Power","Hello World"],"score":233,"play_id":"a738451d-31f7-4bfc-9230-c565c763096d","local_time":"20190411203517","is_ascension_mode":false,"campfire_choices":[{"floor":15,"key":"RECALL"},{"data":"Blizzard","floor":24,"key":"SMITH"}],"neow_cost":"NONE","seed_source_timestamp":43125491363700,"circlet_count":0,"master_deck":["Zap+1","Dualcast","Glacier","Electrodynamics","BootSequence","Darkness","Heatsinks","Seek","Self Repair","Blizzard+1","Force Field","White Noise","Consume","Gash+1"],"relics":["Pandora\u0027s Box","Juzu Bracelet","Gremlin Horn","Inserter","Tiny Chest","DataDisk"],"potions_floor_usage":[6,16,21,21,23,25],"damage_taken":[{"damage":0,"enemies":"2 Louse","floor":1,"turns":2},{"damage":0,"enemies":"Cultist","floor":4,"turns":4},{"damage":0,"enemies":"Small Slimes","floor":5,"turns":3},{"damage":13,"enemies":"Lagavulin","floor":6,"turns":7},{"damage":3,"enemies":"Red Slaver","floor":7,"turns":4},{"damage":10,"enemies":"Looter","floor":8,"turns":3},{"damage":14,"enemies":"Gremlin Nob","floor":11,"turns":4},{"damage":0,"enemies":"Exordium Thugs","floor":12,"turns":4},{"damage":2,"enemies":"3 Louse","floor":14,"turns":2},{"damage":25,"enemies":"Hexaghost","floor":16,"turns":11},{"damage":2,"enemies":"Spheric Guardian","floor":18,"turns":4},{"damage":0,"enemies":"Chosen","floor":21,"turns":4},{"damage":27,"enemies":"Book of Stabbing","floor":23,"turns":6},{"damage":37,"enemies":"Slavers","floor":25,"turns":3}],"seed_played":"-2389626275914560479","potions_obtained":[{"floor":1,"key":"AttackPotion"},{"floor":2,"key":"Swift Potion"},{"floor":4,"key":"Explosive Potion"},{"floor":8,"key":"Weak Potion"}],"is_trial":false,"path_per_floor":["M","?","$","M","M","E","M","M","T","?","E","M","$","M","R","B",null,"M","T","?","M","?","E","R","E"],"character_chosen":"DEFECT","items_purchased":[],"campfire_rested":0,"item_purchase_floors":[],"current_hp_per_floor":[75,75,75,75,75,69,73,70,70,70,63,70,70,68,68,50,75,75,75,75,75,54,34,34,0],"gold":299,"neow_bonus":"BOSS_RELIC","is_prod":false,"is_daily":false,"chose_seed":false,"campfire_upgraded":1,"win_rate":0,"timestamp":1554986117,"path_taken":["M","?","$","?","M","E","M","M","T","?","E","M","$","M","R","BOSS","M","?","?","M","?","E","R","E"],"build_version":"2019-01-23","purchased_purges":2,"victory":false,"max_hp_per_floor":[75,75,75,75,75,75,75,75,75,75,75,75,75,75,75,75,75,75,75,75,75,75,75,75,75],"card_choices":[{"not_picked":["Redo","Recycle"],"picked":"Self Repair","floor":1},{"not_picked":["Recycle","Streamline"],"picked":"Blizzard","floor":4},{"not_picked":["Stack","Gash"],"picked":"Force Field","floor":5},{"not_picked":["Beam Cell","Gash","Streamline"],"picked":"SKIP","floor":6},{"not_picked":["Beam Cell","Rebound","Sweeping Beam"],"picked":"SKIP","floor":7},{"not_picked":["Beam Cell","Self Repair"],"picked":"White Noise","floor":8},{"not_picked":["Beam Cell","Ball Lightning","Turbo"],"picked":"SKIP","floor":11},{"not_picked":["Steam","Streamline","Genetic Algorithm"],"picked":"SKIP","floor":12},{"not_picked":["Compile Driver","Beam Cell","Blizzard"],"picked":"SKIP","floor":14},{"not_picked":["Go for the Eyes+1","Stack","Rip and Tear"],"picked":"SKIP","floor":18},{"not_picked":["Go for the Eyes+1","Stack","Rip and Tear"],"picked":"SKIP","floor":18},{"not_picked":["Redo","Barrage","Consume"],"picked":"SKIP","floor":21},{"not_picked":["Reinforced Body","Barrage"],"picked":"Gash+1","floor":23}],"player_experience":463024,"relics_obtained":[{"floor":6,"key":"Juzu Bracelet"},{"floor":11,"key":"Gremlin Horn"},{"floor":19,"key":"Tiny Chest"},{"floor":23,"key":"DataDisk"}],"event_choices":[{"damage_healed":0,"gold_gain":0,"player_choice":"Bought 1 Potion","damage_taken":0,"max_hp_gain":0,"max_hp_loss":0,"event_name":"The Woman in Blue","floor":2,"gold_loss":0},{"damage_healed":0,"gold_gain":0,"player_choice":"Upgraded","damage_taken":0,"max_hp_gain":0,"max_hp_loss":0,"event_name":"Upgrade Shrine","floor":10,"gold_loss":0,"cards_upgraded":["Zap"]},{"damage_healed":0,"gold_gain":0,"player_choice":"Read","damage_taken":0,"max_hp_gain":0,"max_hp_loss":0,"event_name":"The Library","floor":20,"gold_loss":0,"cards_obtained":["Consume"]},{"damage_healed":0,"gold_gain":0,"player_choice":"POTION POTION ","damage_taken":21,"max_hp_gain":0,"max_hp_loss":0,"event_name":"Knowing Skull","floor":22,"potions_obtained":["FocusPotion","FearPotion"],"gold_loss":0,"cards_obtained":[]}],"is_beta":false,"boss_relics":[{"not_picked":["Velvet Choker","Busted Crown"],"picked":"Inserter"}],"items_purged_floors":[3,13],"is_endless":false,"potions_floor_spawned":[1,4,8,11,12],"killed_by":"Slavers","ascension_level":0}