{"gold_per_floor":[117,117,141,165,181,181,222,222,252,271,311,324,324,129,129,248,248,271,33,33,46,121,121,161,181,181,36,52,52,70,89,89,89],"floor_reached":33,"playtime":2547,"items_purged":[],"score":307,"play_id":"14ed1a46-26e3-4db5-9631-f257079d9663","local_time":"20190103233645","is_ascension_mode":true,"campfire_choices":[{"data":"Bash","floor":6.0,"key":"SMITH"},{"floor":13.0,"key":"REST"},{"floor":15.0,"key":"REST"},{"floor":23,"key":"REST"},{"floor":29,"key":"REST"},{"floor":32,"key":"REST"}],"neow_cost":"NONE","seed_source_timestamp":0,"circlet_count":0,"master_deck":["Strike_R","Strike_R","Strike_R","Strike_R","Strike_R","Defend_R","Defend_R","Defend_R","Defend_R","Bash+1","Double Tap","Flex","Shrug It Off","Pommel Strike","Cleave","Armaments","Iron Wave","Pommel Strike","Barricade","Whirlwind","Shame","Inflame","Rage","Thunderclap+1","Flame Barrier"],"special_seed":0,"relics":["Burning Blood","Golden Idol","Strawberry","Tiny Chest","Ornamental Fan","Sling","Eternal Feather","Meat on the Bone","Bronze Scales","Red Skull","Dodecahedron","PreservedInsect"],"potions_floor_usage":[16,16,18,21,24,31],"damage_taken":[{"damage":8.0,"enemies":"2 Louse","floor":1.0,"turns":3.0},{"damage":4.0,"enemies":"Jaw Worm","floor":3.0,"turns":5.0},{"damage":7.0,"enemies":"Small Slimes","floor":4.0,"turns":3.0},{"damage":12.0,"enemies":"2 Fungi Beasts","floor":5.0,"turns":5.0},{"damage":23.0,"enemies":"Lagavulin","floor":7.0,"turns":5.0},{"damage":0.0,"enemies":"Gremlin Gang","floor":10.0,"turns":4.0},{"damage":32.0,"enemies":"3 Sentries","floor":11.0,"turns":7.0},{"damage":15.0,"enemies":"Large Slime","floor":12.0,"turns":6.0},{"damage":75,"enemies":"Slime Boss","floor":16,"turns":16},{"damage":34,"enemies":"Shell Parasite","floor":18,"turns":7},{"damage":13,"enemies":"3 Byrds","floor":21,"turns":1},{"damage":11,"enemies":"Gremlin Leader","floor":24,"turns":6},{"damage":62,"enemies":"Centurion and Healer","floor":25,"turns":6},{"damage":22,"enemies":"Cultist and Chosen","floor":28,"turns":6},{"damage":38,"enemies":"Snake Plant","floor":30,"turns":5},{"damage":43,"enemies":"Shelled Parasite and Fungi","floor":31,"turns":7},{"damage":88,"enemies":"Collector","floor":33,"turns":7}],"seed_played":"-1717926172966851246","potions_obtained":[{"floor":3.0,"key":"LiquidBronze"},{"floor":4.0,"key":"LiquidBronze"},{"floor":5.0,"key":"Strength Potion"},{"floor":16,"key":"LiquidBronze"},{"floor":18,"key":"LiquidBronze"},{"floor":21,"key":"Ancient Potion"},{"floor":28,"key":"Swift Potion"}],"is_trial":false,"path_per_floor":["M","?","M","M","M","R","E","?","T","M","E","M","R","$","R","B",null,"M","$","?","M","?","R","E","M","T","$","M","R","M","M","R","B"],"character_chosen":"IRONCLAD","items_purchased":["Sling","Meat on the Bone","PreservedInsect"],"campfire_rested":5,"item_purchase_floors":[14,19,27],"current_hp_per_floor":[78,78,80,79,73,73,63,56,56,62,36,27,53,53,79,10,87,59,59,59,52,44,82,77,33,33,33,29,67,47,22,63,0],"gold":89,"neow_bonus":"ONE_RANDOM_RARE_CARD","is_prod":false,"is_daily":false,"chose_seed":false,"campfire_upgraded":1,"win_rate":0,"timestamp":1546555005,"path_taken":["M","?","M","M","M","R","E","?","T","M","E","M","R","?","R","BOSS","M","$","?","M","?","R","E","?","T","$","M","R","M","M","R","BOSS"],"build_version":"2018-12-20","purchased_purges":0,"victory":false,"max_hp_per_floor":[80,80,80,80,80,80,87,87,87,87,87,87,87,87,87,87,87,87,87,87,87,87,87,87,87,87,87,87,87,87,87,87,87],"card_choices":[{"not_picked":["Body Slam","Dropkick"],"picked":"Flex","floor":1.0},{"not_picked":["Wild Strike","True Grit"],"picked":"Shrug It Off","floor":3.0},{"not_picked":["Seeing Red","Havoc"],"picked":"Pommel Strike","floor":4.0},{"not_picked":["True Grit","Warcry","Anger"],"picked":"SKIP","floor":5.0},{"not_picked":["Burning Pact","Bludgeon"],"picked":"Cleave","floor":7.0},{"not_picked":["Clash","True Grit"],"picked":"Armaments","floor":10.0},{"not_picked":["Clash","Spot Weakness"],"picked":"Iron Wave","floor":11.0},{"not_picked":["Twin Strike","Warcry"],"picked":"Pommel Strike","floor":12.0},{"not_picked":["Berserk","Dark Embrace"],"picked":"Barricade","floor":16},{"not_picked":["Flex","Body Slam+1"],"picked":"Whirlwind","floor":18},{"not_picked":["Anger+1","Thunderclap"],"picked":"Inflame","floor":21},{"not_picked":["Rupture","Armaments"],"picked":"Rage","floor":24},{"not_picked":["Whirlwind","Sword Boomerang","Second Wind+1"],"picked":"SKIP","floor":25},{"not_picked":["Pommel Strike+1","Anger"],"picked":"Thunderclap+1","floor":28},{"not_picked":["Warcry","Wild Strike"],"picked":"Flame Barrier","floor":30},{"not_picked":["Warcry+1","Blood for Blood","Iron Wave"],"picked":"SKIP","floor":31}],"player_experience":274275,"relics_obtained":[{"floor":7.0,"key":"Strawberry"},{"floor":9.0,"key":"Tiny Chest"},{"floor":11.0,"key":"Ornamental Fan"},{"floor":24,"key":"Red Skull"},{"floor":26,"key":"Dodecahedron"}],"event_choices":[{"damage_healed":0.0,"max_hp_gain":0.0,"max_hp_loss":0.0,"gold_gain":0.0,"event_name":"Golden Idol","player_choice":"Take Wound","floor":2.0,"gold_loss":0.0,"damage_taken":0.0,"relics_obtained":["Golden Idol"],"cards_obtained":["Injury"]},{"cards_removed":["Injury"],"damage_healed":0.0,"max_hp_gain":0.0,"max_hp_loss":0.0,"gold_gain":0.0,"event_name":"Golden Wing","player_choice":"Card Removal","floor":8.0,"gold_loss":0.0,"damage_taken":7.0},{"damage_healed":0,"gold_gain":0,"player_choice":"Stole Relic","damage_taken":0,"relics_obtained":["Bronze Scales"],"max_hp_gain":0,"max_hp_loss":0,"event_name":"Addict","floor":20,"gold_loss":0,"cards_obtained":["Shame"]},{"damage_healed":0,"gold_gain":75,"player_choice":"Touch","damage_taken":8,"max_hp_gain":0,"max_hp_loss":0,"event_name":"FaceTrader","floor":22,"gold_loss":0}],"is_beta":false,"boss_relics":[{"not_picked":["Runic Pyramid","White Beast Statue"],"picked":"Eternal Feather"}],"items_purged_floors":[],"is_endless":false,"potions_floor_spawned":[3,4,5,16,18,21,28],"killed_by":"Collector","ascension_level":2}