{"gold_per_floor":[219,235,245,136,146,146,196,196,271,281,281,292,311,311,311,388,388,401,417,417,417],"floor_reached":21,"playtime":538,"items_purged":["Strike_G"],"score":303,"play_id":"5987cc3f-5eff-4b54-a3a1-492cccc163cf","local_time":"20190305155158","is_ascension_mode":true,"campfire_choices":[{"data":"Neutralize","floor":6,"key":"SMITH"},{"data":"Bouncing Flask","floor":8,"key":"SMITH"},{"data":"Footwork","floor":15,"key":"SMITH"}],"neow_cost":"NONE","seed_source_timestamp":248513434715244,"circlet_count":0,"master_deck":["AscendersBane","Defend_G","Defend_G","Defend_G","Defend_G","Defend_G","Strike_G","Strike_G","Strike_G","Survivor","Neutralize+1","Blade Dance","Deadly Poison","Bouncing Flask+1","Footwork+1","After Image"],"relics":["Ring of the Snake","Matryoshka","Orichalcum","Coffee Dripper"],"potions_floor_usage":[5],"damage_taken":[{"damage":0,"enemies":"Cultist","floor":1,"turns":4},{"damage":6,"enemies":"2 Louse","floor":2,"turns":3},{"damage":7,"enemies":"Jaw Worm","floor":3,"turns":4},{"damage":7,"enemies":"3 Louse","floor":5,"turns":2},{"damage":4,"enemies":"Blue Slaver","floor":10,"turns":4},{"damage":0,"enemies":"Red Slaver","floor":12,"turns":6},{"damage":1,"enemies":"Looter","floor":13,"turns":4},{"damage":12,"enemies":"Hexaghost","floor":16,"turns":9},{"damage":11,"enemies":"Spheric Guardian","floor":18,"turns":4},{"damage":11,"enemies":"Shell Parasite","floor":19,"turns":6},{"damage":37,"enemies":"Cultist and Chosen","floor":21,"turns":6}],"seed_played":"1362865301107930834","potions_obtained":[{"floor":2,"key":"GamblersBrew"},{"floor":3,"key":"Energy Potion"},{"floor":5,"key":"Poison Potion"}],"is_trial":false,"path_per_floor":["M","M","M","$","M","R","T","R","T","M","?","M","M","?","R","B",null,"M","M","?","M"],"character_chosen":"THE_SILENT","items_purchased":["Bouncing Flask"],"campfire_rested":0,"item_purchase_floors":[4],"current_hp_per_floor":[59,53,46,46,39,39,39,39,39,35,35,35,34,34,34,22,55,44,33,15,0],"gold":417,"neow_bonus":"HUNDRED_GOLD","is_prod":false,"is_daily":false,"chose_seed":false,"campfire_upgraded":3,"win_rate":0,"timestamp":1551772318,"path_taken":["M","M","M","$","M","R","?","R","T","M","?","?","M","?","R","BOSS","M","M","?","M"],"build_version":"2019-01-23","purchased_purges":1,"victory":false,"max_hp_per_floor":[66,66,66,66,66,66,66,66,66,66,66,66,66,66,66,66,66,66,66,71,71],"card_choices":[{"not_picked":["Flying Knee","Deflect"],"picked":"Blade Dance","floor":1},{"not_picked":["Dodge and Roll","Reflex"],"picked":"Deadly Poison","floor":2},{"not_picked":["Deadly Poison","Sucker Punch","PiercingWail"],"picked":"SKIP","floor":3},{"not_picked":["Sucker Punch","Deflect","Poisoned Stab"],"picked":"SKIP","floor":5},{"not_picked":["Envenom","Outmaneuver"],"picked":"Footwork","floor":10},{"not_picked":["Heel Hook","Quick Slash","Sucker Punch"],"picked":"SKIP","floor":12},{"not_picked":["Heel Hook","Acrobatics","Expertise"],"picked":"SKIP","floor":13},{"not_picked":["Wraith Form v2","Venomology"],"picked":"After Image","floor":16},{"not_picked":["Dodge and Roll","Poisoned Stab","Blade Dance"],"picked":"SKIP","floor":18},{"not_picked":["Infinite Blades","All Out Attack","Underhanded Strike"],"picked":"SKIP","floor":19}],"player_experience":1123036,"relics_obtained":[{"floor":9,"key":"Matryoshka"}],"event_choices":[{"cards_removed":["Strike_G"],"damage_healed":0,"gold_gain":0,"player_choice":"Purged","damage_taken":0,"max_hp_gain":0,"max_hp_loss":0,"event_name":"Purifier","floor":11,"gold_loss":0},{"damage_healed":0,"gold_gain":0,"player_choice":"Searched \u00271\u0027 times","damage_taken":0,"relics_obtained":["Orichalcum"],"max_hp_gain":0,"max_hp_loss":0,"event_name":"Dead Adventurer","floor":14,"gold_loss":0},{"damage_healed":0,"gold_gain":0,"player_choice":"Shed Blood","damage_taken":23,"max_hp_gain":5,"max_hp_loss":0,"event_name":"Forgotten Altar","floor":20,"gold_loss":0}],"is_beta":false,"boss_relics":[{"not_picked":["Sozu","Cursed Key"],"picked":"Coffee Dripper"}],"items_purged_floors":[4],"is_endless":false,"potions_floor_spawned":[2,3,5,13],"killed_by":"Cultist and Chosen","ascension_level":15}