{"path_per_floor":["M","M","M","$","M","R","E","R","T","E","R","?","R","?","R","B",null,"M","$","?","?","M","R","E","M","T","M","?","R","?","M","R"],"character_chosen":"IRONCLAD","items_purchased":["Flex","Bag of Preparation"],"gold_per_floor":[115,132,143,44,54,54,79,79,79,105,105,70,70,70,70,142,142,160,14,14,14,28,28,61,79,79,91,16,16,16,28,28,28],"floor_reached":33,"campfire_rested":2,"playtime":1074,"current_hp_per_floor":[66,67,66,66,68,68,57,57,57,46,46,64,64,41,63,49,69,61,61,61,61,63,63,34,40,40,38,38,60,60,66,66,0],"items_purged":["Defend_R"],"gold":28,"score":478,"play_id":"bd23a5b5-2226-4e6a-8c28-f4118ccd48b7","local_time":"20180422201349","is_prod":false,"is_daily":false,"chose_seed":false,"is_ascension_mode":true,"campfire_upgraded":6,"timestamp":1524442429,"path_taken":["M","M","M","$","M","R","E","R","T","E","R","?","R","?","R","BOSS","M","$","?","?","M","R","E","M","T","?","?","R","?","M","R","BOSS"],"build_version":"2018-04-19","seed_source_timestamp":0,"purchased_purges":1,"victory":false,"master_deck":["Strike_R","Strike_R","Strike_R","Strike_R+1","Strike_R","Defend_R","Defend_R+1","Defend_R","Bash","AscendersBane","Offering","Perfected Strike+1","Clothesline","Inflame","Flex+1","Perfected Strike+1","Sword Boomerang+1","Exhume+1","Impervious","Flex+1","Twin Strike","Uppercut+1","Spot Weakness","Armaments+1","Cleave","Thunderclap"],"max_hp_per_floor":[75,75,75,75,75,75,75,75,75,75,75,75,75,75,75,75,75,75,75,75,75,75,75,75,75,75,75,75,75,75,75,75,75],"relics":["Burning Blood","Unceasing Top","Du-Vu Doll","Ginger","Runic Pyramid","Bag of Preparation","Matryoshka","Bag of Marbles","Dream Catcher","Ornamental Fan"],"card_choices":[{"not_picked":["Armaments","Rage"],"picked":"Perfected Strike","floor":1.0},{"not_picked":["Power Through","Wild Strike"],"picked":"Clothesline","floor":2.0},{"not_picked":["Intimidate","Warcry"],"picked":"Inflame","floor":3.0},{"not_picked":["Intimidate","Iron Wave"],"picked":"Perfected Strike","floor":5.0},{"not_picked":["Seeing Red","Body Slam"],"picked":"Sword Boomerang","floor":7.0},{"not_picked":["Barricade","Pommel Strike"],"picked":"Exhume","floor":10.0},{"not_picked":["Barricade","Berserk"],"picked":"Impervious","floor":16.0},{"not_picked":["True Grit","Sword Boomerang"],"picked":"Flex","floor":18.0},{"not_picked":["Sentinel","Rage"],"picked":"Twin Strike","floor":22.0},{"not_picked":["Rupture","Body Slam"],"picked":"Uppercut","floor":24.0},{"not_picked":["Warcry","Anger"],"picked":"Spot Weakness","floor":25},{"not_picked":["Searing Blow","Perfected Strike"],"picked":"Armaments","floor":27},{"not_picked":["Thunderclap","Shrug It Off"],"picked":"Cleave","floor":29},{"not_picked":["Cleave","Sword Boomerang"],"picked":"Thunderclap","floor":31}],"player_experience":433629,"potions_floor_usage":[25,27],"damage_taken":[{"damage":8.0,"enemies":"Jaw Worm","floor":1.0,"turns":5.0},{"damage":5.0,"enemies":"2 Louse","floor":2.0,"turns":2.0},{"damage":7.0,"enemies":"Small Slimes","floor":3.0,"turns":2.0},{"damage":4.0,"enemies":"Blue Slaver","floor":5.0,"turns":1.0},{"damage":17.0,"enemies":"Gremlin Nob","floor":7.0,"turns":4.0},{"damage":17.0,"enemies":"3 Sentries","floor":10.0,"turns":4.0},{"damage":20.0,"enemies":"Slime Boss","floor":16.0,"turns":7.0},{"damage":14.0,"enemies":"2 Thieves","floor":18.0,"turns":2.0},{"damage":4.0,"enemies":"Spheric Guardian","floor":22.0,"turns":2.0},{"damage":35.0,"enemies":"Slavers","floor":24.0,"turns":5.0},{"damage":0,"enemies":"Cultist and Chosen","floor":25,"turns":3},{"damage":8,"enemies":"3 Cultists","floor":27,"turns":3},{"damage":0,"enemies":"Snecko","floor":31,"turns":2},{"damage":83,"enemies":"Champ","floor":33,"turns":6}],"event_choices":[{"event_name":"The Cleric","player_choice":"Healed","floor":12.0,"damage_taken":0.0},{"event_name":"Shining Light","player_choice":"Entered Light","floor":14.0,"damage_taken":0.0},{"event_name":"The Mausoleum","player_choice":"Yes","floor":20.0,"damage_taken":0.0},{"event_name":"Addict","player_choice":"Ignored","floor":21.0,"damage_taken":0.0},{"event_name":"Beggar","player_choice":"Gave Gold","floor":28,"damage_taken":0},{"event_name":"Ghosts","player_choice":"Ignored","floor":30,"damage_taken":0}],"boss_relics":[],"potions_floor_spawned":[2,7,10,24,25],"seed_played":"7691615507513307535","killed_by":"Champ","ascension_level":15,"is_trial":false}