{"gold_per_floor":[114,129,54,54,65,98,98,115,140,166,183,183,83,98,98,200,200,218,238,257,271,122,122,141,141,218,93,18,33,0,19,19,19],"floor_reached":33,"playtime":1537,"items_purged":["Strike_R","Strike_R","Strike_R"],"score":261,"play_id":"3c536250-7fe6-49ec-bd26-1b88844d4ce4","local_time":"20190415235602","is_ascension_mode":false,"campfire_choices":[{"data":"Bash","floor":7,"key":"SMITH"},{"floor":12,"key":"REST"},{"data":"Dropkick","floor":15,"key":"SMITH"},{"floor":23,"key":"REST"},{"floor":25,"key":"REST"},{"floor":32,"key":"REST"}],"neow_cost":"NONE","seed_source_timestamp":440355803161400,"circlet_count":0,"master_deck":["Strike_R","Strike_R","Defend_R","Defend_R","Defend_R","Bash+1","Dropkick+1","Warcry","Inflame","Thunderclap+1","Second Wind+1"],"relics":["Burning Blood","NeowsBlessing","Bronze Scales","Anchor","Dream Catcher","Fusion Hammer","Bag of Marbles","Gremlin Horn"],"potions_floor_usage":[6,16,21,21,33],"damage_taken":[{"damage":0,"enemies":"Cultist","floor":1,"turns":1},{"damage":0,"enemies":"Jaw Worm","floor":2,"turns":1},{"damage":0,"enemies":"Small Slimes","floor":5,"turns":1},{"damage":18,"enemies":"Gremlin Nob","floor":6,"turns":4},{"damage":7,"enemies":"Blue Slaver","floor":8,"turns":3},{"damage":31,"enemies":"Lagavulin","floor":10,"turns":8},{"damage":8,"enemies":"Lots of Slimes","floor":11,"turns":3},{"damage":0,"enemies":"3 Louse","floor":14,"turns":2},{"damage":32,"enemies":"Hexaghost","floor":16,"turns":7},{"damage":18,"enemies":"Shell Parasite","floor":18,"turns":4},{"damage":0,"enemies":"Chosen","floor":19,"turns":3},{"damage":31,"enemies":"Shelled Parasite and Fungi","floor":20,"turns":5},{"damage":39,"enemies":"3 Cultists","floor":21,"turns":5},{"damage":10,"enemies":"Snecko","floor":24,"turns":4},{"damage":12,"enemies":"Snake Plant","floor":29,"turns":3},{"damage":6,"enemies":"3 Cultists","floor":31,"turns":4},{"damage":110,"enemies":"Automaton","floor":33,"turns":6}],"seed_played":"-3952399797876887540","potions_obtained":[{"floor":1,"key":"GamblersBrew"},{"floor":10,"key":"PowerPotion"},{"floor":11,"key":"Fire Potion"},{"floor":16,"key":"Regen Potion"},{"floor":18,"key":"EssenceOfSteel"},{"floor":21,"key":"SpeedPotion"},{"floor":24,"key":"Poison Potion"}],"is_trial":false,"path_per_floor":["M","M","$","?","M","E","R","M","T","E","M","R","$","M","R","B",null,"M","M","M","M","$","R","M","R","T","$","?","M","?","M","R","B"],"character_chosen":"IRONCLAD","items_purchased":["Bag of Marbles"],"campfire_rested":4,"item_purchase_floors":[22],"current_hp_per_floor":[80,80,80,80,80,68,68,67,67,42,40,64,64,70,70,44,80,68,74,49,30,30,54,50,74,74,74,74,68,68,68,80,0],"gold":19,"neow_bonus":"THREE_ENEMY_KILL","is_prod":false,"is_daily":false,"chose_seed":false,"campfire_upgraded":2,"win_rate":0,"timestamp":1555386962,"path_taken":["M","?","$","?","?","E","R","M","T","E","M","R","$","M","R","BOSS","M","M","M","M","$","R","M","R","T","$","?","M","?","M","R","BOSS"],"build_version":"2019-01-23","purchased_purges":3,"victory":false,"max_hp_per_floor":[80,80,80,80,80,80,80,80,80,80,80,80,80,80,80,80,80,80,80,80,80,80,80,80,80,80,80,80,80,80,80,80,80],"card_choices":[{"not_picked":["Disarm","Sword Boomerang"],"picked":"Dropkick","floor":1},{"not_picked":["Cleave","Perfected Strike"],"picked":"Warcry","floor":2},{"not_picked":["Seeing Red","Sword Boomerang","Havoc"],"picked":"SKIP","floor":5},{"not_picked":["Searing Blow","Clothesline","Armaments"],"picked":"SKIP","floor":6},{"not_picked":["Shrug It Off","Heavy Blade","Clash"],"picked":"SKIP","floor":8},{"not_picked":["Demon Form","Rupture"],"picked":"Inflame","floor":10},{"not_picked":["Flex","Heavy Blade","Headbutt"],"picked":"SKIP","floor":11},{"not_picked":["Intimidate","Rampage","Havoc"],"picked":"SKIP","floor":14},{"not_picked":["Spot Weakness","Shrug It Off","Wild Strike"],"picked":"SKIP","floor":18},{"not_picked":["Ghostly Armor","Heavy Blade","Sentinel"],"picked":"SKIP","floor":19},{"not_picked":["Twin Strike","Heavy Blade","Perfected Strike"],"picked":"SKIP","floor":20},{"not_picked":["Anger+1","Blood for Blood+1","Power Through"],"picked":"SKIP","floor":21},{"not_picked":["Bloodletting+1","Clash","Twin Strike+1"],"picked":"SKIP","floor":24},{"not_picked":["Pommel Strike","Searing Blow","Sword Boomerang"],"picked":"SKIP","floor":29},{"not_picked":["Twin Strike","Barricade"],"picked":"Thunderclap+1","floor":31},{"not_picked":["Seeing Red","Sever Soul"],"picked":"Second Wind+1","floor":32}],"player_experience":347571,"relics_obtained":[{"floor":6,"key":"Bronze Scales"},{"floor":9,"key":"Anchor"},{"floor":10,"key":"Dream Catcher"},{"floor":26,"key":"Gremlin Horn"}],"event_choices":[{"damage_healed":0,"gold_gain":0,"player_choice":"0 cards matched","damage_taken":0,"max_hp_gain":0,"max_hp_loss":0,"event_name":"Match and Keep!","floor":4,"gold_loss":0,"cards_obtained":[]},{"cards_removed":["Defend_R"],"damage_healed":0,"gold_gain":0,"player_choice":"Gave Gold","damage_taken":0,"max_hp_gain":0,"max_hp_loss":0,"event_name":"Beggar","floor":28,"gold_loss":75},{"damage_healed":0,"gold_gain":0,"player_choice":"Paid Fearfully","damage_taken":0,"max_hp_gain":0,"max_hp_loss":0,"event_name":"Masked Bandits","floor":30,"gold_loss":33}],"is_beta":false,"boss_relics":[{"not_picked":["Eternal Feather","Orrery"],"picked":"Fusion Hammer"}],"items_purged_floors":[3,13,27],"is_endless":false,"potions_floor_spawned":[1,10,11,16,18,21,24,29],"killed_by":"Automaton","ascension_level":0}