{"gold_per_floor":[112,8,8,8,83,83,3,3,78,103,55,73,88,107,107,107],"floor_reached":16,"playtime":3243,"items_purged":[],"score":98,"play_id":"e02a4ab2-3023-463f-a105-be9eec382892","local_time":"20190427190000","is_ascension_mode":false,"campfire_choices":[{"floor":6,"key":"RECALL"},{"data":"Capacitor","floor":8,"key":"SMITH"},{"floor":15,"key":"REST"}],"neow_cost":"NONE","seed_source_timestamp":1453725515964466,"circlet_count":0,"master_deck":["Strike_B","Strike_B","Strike_B","Strike_B","Defend_B","Defend_B","Defend_B","Defend_B","Zap","Dualcast","Leap","Blizzard","Loop+1","Capacitor+1","White Noise","Gash","Go for the Eyes","Gash","Beam Cell"],"relics":["Cracked Core","Mercury Hourglass"],"potions_floor_usage":[],"damage_taken":[{"damage":1,"enemies":"Jaw Worm","floor":1,"turns":3},{"damage":54,"enemies":"3 Sentries","floor":10,"turns":8},{"damage":8,"enemies":"Small Slimes","floor":12,"turns":3},{"damage":0,"enemies":"Cultist","floor":13,"turns":4},{"damage":7,"enemies":"3 Louse","floor":14,"turns":3},{"damage":41,"enemies":"The Guardian","floor":16,"turns":5}],"seed_played":"-7178568390680720476","potions_obtained":[{"floor":1,"key":"FairyPotion"},{"floor":14,"key":"Explosive Potion"}],"is_trial":false,"path_per_floor":["M","$","?","?","?","R","$","R","T","E","$","M","M","M","R","B"],"character_chosen":"DEFECT","items_purchased":["Blizzard","Loop","Capacitor","Gash"],"campfire_rested":1,"item_purchase_floors":[2,2,7,11],"current_hp_per_floor":[81,81,81,81,70,70,70,70,70,16,16,8,8,1,25,0],"gold":107,"neow_bonus":"TEN_PERCENT_HP_BONUS","is_prod":false,"is_daily":false,"chose_seed":false,"campfire_upgraded":1,"win_rate":0,"timestamp":1556409600,"path_taken":["M","$","?","?","?","R","$","R","T","E","?","M","M","?","R","BOSS"],"build_version":"2019-01-23","purchased_purges":0,"victory":false,"max_hp_per_floor":[82,82,82,82,82,82,82,82,82,82,82,82,82,82,82,82],"card_choices":[{"not_picked":["Chill","Barrage"],"picked":"Leap","floor":1},{"not_picked":["Capacitor","Double Energy"],"picked":"White Noise","floor":10},{"not_picked":["Reprogram","Storm"],"picked":"Go for the Eyes","floor":12},{"not_picked":["Chaos","Streamline"],"picked":"Gash","floor":13},{"not_picked":["Redo","Coolheaded"],"picked":"Beam Cell","floor":14}],"player_experience":235785,"relics_obtained":[{"floor":10,"key":"Mercury Hourglass"}],"event_choices":[{"damage_healed":0,"gold_gain":0,"player_choice":"Leave","damage_taken":0,"max_hp_gain":0,"max_hp_loss":0,"event_name":"The Cleric","floor":3,"gold_loss":0},{"damage_healed":0,"gold_gain":0,"player_choice":"Grow","damage_taken":0,"max_hp_gain":0,"max_hp_loss":0,"event_name":"Living Wall","floor":4,"gold_loss":0,"cards_upgraded":["Loop"]},{"damage_healed":0,"gold_gain":75,"player_choice":"Gather Gold","damage_taken":11,"max_hp_gain":0,"max_hp_loss":0,"event_name":"World of Goop","floor":5,"gold_loss":0}],"is_beta":false,"boss_relics":[],"items_purged_floors":[],"is_endless":false,"potions_floor_spawned":[1,14],"killed_by":"The Guardian","ascension_level":0}