{"gold_per_floor":[117,192,192,29,46,46,46,46,46,46,46,46,64,96,96,201,201,219,134,134,134,134,163,163,193,193,193,206,217,123,123,123,123],"floor_reached":33,"playtime":1038,"items_purged":[],"score":357,"play_id":"134c75ab-f24c-4657-9381-16e50d3d53a0","local_time":"20180828135215","is_ascension_mode":true,"campfire_choices":[{"data":"Electrodynamics","floor":6.0,"key":"SMITH"},{"data":"Chill","floor":8.0,"key":"SMITH"},{"floor":11.0,"key":"REST"},{"data":"Coolheaded","floor":15.0,"key":"SMITH"},{"floor":24.0,"key":"REST"},{"data":"Electrodynamics","floor":27.0,"key":"SMITH"},{"floor":32.0,"key":"REST"}],"neow_cost":"","seed_source_timestamp":0,"circlet_count":0,"master_deck":["Strike_B","Strike_B","Strike_B","Strike_B+1","Defend_B","Defend_B","Defend_B+1","Defend_B","Zap","Dualcast","Glacier+1","Electrodynamics+1","Chill+1","Coolheaded+1","Core Surge","Aggregate+1","Writhe","Electrodynamics+1","Hologram+1","Barrage","Bandage Up"],"special_seed":0,"relics":["Cracked Core","Bag of Marbles","Juzu Bracelet","Darkstone Periapt","Lizard Tail","Regal Pillow","Shuriken","Strawberry","Boot","Bottled Tornado"],"potions_floor_usage":[33],"damage_taken":[{"damage":9.0,"enemies":"Small Slimes","floor":1.0,"turns":4.0},{"damage":0.0,"enemies":"Jaw Worm","floor":5.0,"turns":3.0},{"damage":0.0,"enemies":"Cultist","floor":13.0,"turns":3.0},{"damage":14.0,"enemies":"Lagavulin","floor":14.0,"turns":8.0},{"damage":37.0,"enemies":"Slime Boss","floor":16.0,"turns":17.0},{"damage":22.0,"enemies":"Spheric Guardian","floor":18.0,"turns":4.0},{"damage":20.0,"enemies":"Slavers","floor":23.0,"turns":3.0},{"damage":5.0,"enemies":"Gremlin Leader","floor":25.0,"turns":7.0},{"damage":10.0,"enemies":"2 Thieves","floor":28.0,"turns":3.0},{"damage":13.0,"enemies":"Snake Plant","floor":29.0,"turns":4.0},{"damage":136,"enemies":"Collector","floor":33,"turns":13}],"seed_played":"3727354743789409134","potions_obtained":[{"floor":5.0,"key":"FocusPotion"},{"floor":13.0,"key":"SpeedPotion"},{"floor":16.0,"key":"Swift Potion"},{"floor":23.0,"key":"Energy Potion"},{"floor":25.0,"key":"Ancient Potion"}],"is_trial":false,"path_per_floor":["M","?","?","$","M","R","T","R","T","?","R","$","M","E","R","B",null,"M","?","$","?","?","E","R","E","T","R","M","M","$","?","R"],"character_chosen":"DEFECT","items_purchased":["Electrodynamics","Bandage Up"],"campfire_rested":3,"item_purchase_floors":[4,30],"current_hp_per_floor":[66,55,55,55,55,55,55,55,55,40,62,62,62,48,48,11,75,53,53,53,59,59,46,87,82,82,82,72,59,59,42,84,2],"gold":123,"neow_bonus":"","is_prod":false,"is_daily":false,"chose_seed":false,"campfire_upgraded":4,"win_rate":0,"timestamp":1535478735,"path_taken":["M","?","?","?","M","R","?","R","T","?","R","$","M","E","R","BOSS","M","?","$","?","?","E","R","E","T","R","M","M","$","?","R","BOSS"],"build_version":"2018-08-23v2","purchased_purges":0,"victory":false,"max_hp_per_floor":[75,75,75,75,75,75,75,75,75,75,75,75,75,75,75,75,75,75,75,75,81,81,88,88,88,88,88,88,88,88,93,93,93],"card_choices":[{"not_picked":["Sweeping Beam","Ball Lightning"],"picked":"Glacier","floor":1.0},{"not_picked":["Storm","FTL"],"picked":"Chill","floor":5.0},{"not_picked":["Steam","Leap"],"picked":"Coolheaded","floor":13.0},{"not_picked":["Multi-Cast","Rebound","Coolheaded"],"picked":"SKIP","floor":14.0},{"not_picked":["Buffer","Meteor Strike"],"picked":"Core Surge","floor":16.0},{"not_picked":["Streamline","Coolheaded"],"picked":"Aggregate+1","floor":18.0},{"not_picked":["Streamline","Core Surge"],"picked":"Electrodynamics","floor":23.0},{"not_picked":["Glacier+1","FTL+1"],"picked":"Hologram+1","floor":25.0},{"not_picked":["Aggregate","Gash","Ball Lightning"],"picked":"SKIP","floor":28.0},{"not_picked":["Hologram","Gash"],"picked":"Barrage","floor":29.0}],"player_experience":475584,"relics_obtained":[{"floor":7.0,"key":"Bag of Marbles"},{"floor":9.0,"key":"Juzu Bracelet"},{"floor":14.0,"key":"Darkstone Periapt"},{"floor":23.0,"key":"Strawberry"},{"floor":25.0,"key":"Boot"},{"floor":26.0,"key":"Bottled Tornado"}],"event_choices":[{"event_name":"World of Goop","player_choice":"Gather Gold","floor":2.0,"damage_taken":0.0},{"event_name":"Living Wall","player_choice":"Grow","floor":3.0,"damage_taken":0.0},{"event_name":"Shining Light","player_choice":"Entered Light","floor":10.0,"damage_taken":0.0},{"event_name":"Addict","player_choice":"Obtained Relic","floor":19.0,"damage_taken":0.0},{"event_name":"The Mausoleum","player_choice":"Yes","floor":21.0,"damage_taken":0.0},{"event_name":"Beggar","player_choice":"Ignored","floor":22.0,"damage_taken":0.0},{"event_name":"Forgotten Altar","player_choice":"Shed Blood","floor":31.0,"damage_taken":0.0}],"is_beta":false,"boss_relics":[{"not_picked":["Orrery","Calling Bell"],"picked":"Lizard Tail"}],"items_purged_floors":[],"is_endless":false,"potions_floor_spawned":[5,13,16,23,25],"killed_by":"Collector","ascension_level":4}