{"gold_per_floor":[117,11,11,23,23,23,41,55,137,137,312,365,377,387,387,387],"floor_reached":16,"playtime":897,"items_purged":[],"score":92,"play_id":"ff1bdce7-4997-4012-83c8-54db4b4b6c41","local_time":"20181230235134","is_ascension_mode":false,"campfire_choices":[{"data":"Defragment","floor":6,"key":"SMITH"},{"data":"Defragment","floor":10,"key":"SMITH"},{"floor":15,"key":"REST"}],"neow_cost":"NONE","seed_source_timestamp":204692512672347,"circlet_count":0,"master_deck":["Strike_B","Strike_B","Strike_B","Strike_B","Defend_B","Defend_B","Defend_B","Zap","Dualcast","Gash","Defragment+1","Melter","Defragment+1","Thunder Strike","Cold Snap","Genetic Algorithm","Doubt","Amplify","Leap"],"relics":["Cracked Core","The Courier","Lantern"],"potions_floor_usage":[16],"damage_taken":[{"damage":1,"enemies":"Cultist","floor":1,"turns":4},{"damage":6,"enemies":"2 Louse","floor":4,"turns":2},{"damage":20,"enemies":"Jaw Worm","floor":7,"turns":4},{"damage":10,"enemies":"2 Fungi Beasts","floor":8,"turns":3},{"damage":5,"enemies":"Looter","floor":13,"turns":3},{"damage":15,"enemies":"3 Louse","floor":14,"turns":4},{"damage":49,"enemies":"Hexaghost","floor":16,"turns":9}],"seed_played":"541170849218689758","potions_obtained":[{"floor":7,"key":"Fire Potion"},{"floor":8,"key":"Dexterity Potion"},{"floor":13,"key":"Swift Potion"}],"is_trial":false,"path_per_floor":["M","$","$","M","?","R","M","M","T","R","?","T","M","M","R","B"],"character_chosen":"DEFECT","items_purchased":["Defragment","Melter"],"campfire_rested":1,"item_purchase_floors":[2,2],"current_hp_per_floor":[81,81,81,75,75,75,55,45,45,45,45,45,40,25,49,0],"gold":387,"neow_bonus":"TEN_PERCENT_HP_BONUS","is_prod":false,"is_daily":false,"chose_seed":false,"campfire_upgraded":2,"win_rate":0.0,"timestamp":1546242694,"path_taken":["M","?","$","?","?","R","M","M","T","R","?","?","M","M","R","BOSS"],"build_version":"2018-12-20","purchased_purges":0,"victory":false,"max_hp_per_floor":[82,82,82,82,82,82,82,82,82,82,82,82,82,82,82,82],"card_choices":[{"not_picked":["Stack","Barrage"],"picked":"Gash","floor":1},{"not_picked":["Gash","Sweeping Beam"],"picked":"Defragment","floor":4},{"not_picked":["Coolheaded","Sweeping Beam"],"picked":"Cold Snap","floor":7},{"not_picked":["Aggregate","Recycle"],"picked":"Genetic Algorithm","floor":8},{"not_picked":["Go for the Eyes","Hologram"],"picked":"Amplify","floor":13},{"not_picked":["Barrage","Lockon"],"picked":"Leap","floor":14}],"player_experience":172455,"relics_obtained":[{"floor":9,"key":"The Courier"},{"floor":12,"key":"Lantern"}],"event_choices":[{"damage_healed":0,"gold_gain":0,"cards_transformed":["Defend_B"],"player_choice":"Change","damage_taken":0,"max_hp_gain":0,"max_hp_loss":0,"event_name":"Living Wall","floor":5,"gold_loss":0,"cards_obtained":["Thunder Strike"]},{"damage_healed":0,"gold_gain":175,"player_choice":"AGREE","damage_taken":0,"max_hp_gain":0,"max_hp_loss":0,"event_name":"Liars Game","floor":11,"gold_loss":0,"cards_obtained":["Doubt"]}],"is_beta":false,"boss_relics":[],"items_purged_floors":[],"is_endless":false,"potions_floor_spawned":[7,8,13,14],"killed_by":"Hexaghost","ascension_level":0}