{"gold_per_floor":[119,134,144,144,94,127,146,179,231,263,50,68,68,68,68,164,164,183,83,95,95,109,109,142,142,142,161,172,47,78,95,95,95],"floor_reached":33,"playtime":1412,"items_purged":["Strike_R","Strike_R","Defend_R"],"score":374,"play_id":"3635ddab-81f8-4034-b8da-107b98c37eb1","local_time":"20180824213919","is_ascension_mode":true,"campfire_choices":[{"floor":13.0,"key":"REST"},{"data":"Evolve","floor":15.0,"key":"SMITH"},{"data":"True Grit","floor":23.0,"key":"SMITH"},{"floor":25.0,"key":"REST"},{"floor":32,"key":"REST"}],"neow_cost":"PERCENT_DAMAGE","seed_source_timestamp":0,"circlet_count":0,"master_deck":["Strike_R","Strike_R+1","Defend_R","Defend_R","Bash","Immolate","Headbutt+1","Shrug It Off","Wild Strike","Reckless Charge","True Grit+1","Evolve+1","Power Through","Rampage+1","Fiend Fire+1","RitualDagger+1","Pommel Strike+1","Battle Trance"],"special_seed":0,"relics":["Burning Blood","Regal Pillow","Molten Egg 2","MawBank","Sozu","Lantern","Bottled Lightning","Torii"],"potions_floor_usage":[],"damage_taken":[{"damage":0.0,"enemies":"Cultist","floor":1.0,"turns":2.0},{"damage":1.0,"enemies":"Jaw Worm","floor":2.0,"turns":4.0},{"damage":2.0,"enemies":"2 Louse","floor":3.0,"turns":2.0},{"damage":32.0,"enemies":"Gremlin Nob","floor":6.0,"turns":4.0},{"damage":0.0,"enemies":"2 Fungi Beasts","floor":7.0,"turns":2.0},{"damage":34.0,"enemies":"Lagavulin","floor":8.0,"turns":5.0},{"damage":0.0,"enemies":"Lots of Slimes","floor":10.0,"turns":1.0},{"damage":6.0,"enemies":"Gremlin Gang","floor":12.0,"turns":4.0},{"damage":49.0,"enemies":"Hexaghost","floor":16.0,"turns":9.0},{"damage":3.0,"enemies":"Spheric Guardian","floor":18.0,"turns":3.0},{"damage":15.0,"enemies":"3 Byrds","floor":20.0,"turns":5.0},{"damage":5.0,"enemies":"Cultist and Chosen","floor":22.0,"turns":4.0},{"damage":39.0,"enemies":"Book of Stabbing","floor":24.0,"turns":4.0},{"damage":28.0,"enemies":"Sentry and Sphere","floor":27.0,"turns":4.0},{"damage":0.0,"enemies":"Centurion and Healer","floor":28.0,"turns":3.0},{"damage":22,"enemies":"Gremlin Leader","floor":30,"turns":4},{"damage":12,"enemies":"Shelled Parasite and Fungi","floor":31,"turns":4},{"damage":80,"enemies":"Automaton","floor":33,"turns":6}],"seed_played":"-6851184607074705203","potions_obtained":[{"floor":2.0,"key":"BloodPotion"},{"floor":6.0,"key":"BloodPotion"},{"floor":12.0,"key":"SteroidPotion"}],"is_trial":false,"path_per_floor":["M","M","M","?","?","E","M","E","T","M","$","M","R","?","R","B",null,"M","$","M","?","M","R","E","R","T","M","M","$","E","M","R"],"character_chosen":"IRONCLAD","items_purchased":["Evolve","Power Through"],"campfire_rested":3,"item_purchase_floors":[11,11],"current_hp_per_floor":[62,67,71,55,55,29,43,23,23,29,29,29,68,61,61,18,65,68,68,59,53,54,54,21,60,60,38,44,44,28,22,61,0],"gold":95,"neow_bonus":"THREE_RARE_CARDS","is_prod":false,"is_daily":false,"chose_seed":false,"campfire_upgraded":2,"win_rate":0,"timestamp":1535117959,"path_taken":["M","M","?","?","?","E","?","E","T","M","$","M","R","?","R","BOSS","M","$","M","?","M","R","E","R","T","M","M","$","E","M","R","BOSS"],"build_version":"2018-08-23v2","purchased_purges":3,"victory":false,"max_hp_per_floor":[80,80,80,80,80,80,80,80,80,80,80,80,80,80,80,80,80,80,80,80,80,80,80,80,80,80,80,80,80,80,80,80,80],"card_choices":[{"not_picked":["Offering","Double Tap"],"picked":"Immolate","floor":0.0},{"not_picked":["Iron Wave","Warcry","Anger"],"picked":"SKIP","floor":1.0},{"not_picked":["Iron Wave","Flex"],"picked":"Headbutt","floor":2.0},{"not_picked":["Reckless Charge","Second Wind"],"picked":"Shrug It Off","floor":3.0},{"not_picked":["Infernal Blade","Heavy Blade"],"picked":"Wild Strike","floor":6.0},{"not_picked":["Blood for Blood","Clothesline"],"picked":"Reckless Charge","floor":7.0},{"not_picked":["Cleave","Entrench"],"picked":"True Grit","floor":8.0},{"not_picked":["Barricade","Infernal Blade","Flex"],"picked":"SKIP","floor":10.0},{"not_picked":["Corruption","Clash+1"],"picked":"Rampage+1","floor":12.0},{"not_picked":["Double Tap","Berserk"],"picked":"Fiend Fire+1","floor":16.0},{"not_picked":["Fire Breathing","Anger+1","Pummel+1"],"picked":"SKIP","floor":18.0},{"not_picked":["Anger+1","Fire Breathing","Havoc+1"],"picked":"SKIP","floor":20.0},{"not_picked":["Whirlwind+1","Twin Strike+1","Second Wind"],"picked":"SKIP","floor":22.0},{"not_picked":["Combust+1","Hemokinesis+1","Brutality"],"picked":"SKIP","floor":24.0},{"not_picked":["Clash+1","Headbutt+1"],"picked":"Pommel Strike+1","floor":27.0},{"not_picked":["Perfected Strike+1","Bloodletting+1"],"picked":"Battle Trance","floor":28},{"not_picked":["Havoc","Clash+1","Rampage+1"],"picked":"SKIP","floor":30},{"not_picked":["Clothesline+1","Inflame","Berserk"],"picked":"SKIP","floor":31}],"player_experience":356995,"relics_obtained":[{"floor":6.0,"key":"Regal Pillow"},{"floor":8.0,"key":"Molten Egg 2"},{"floor":9.0,"key":"MawBank"},{"floor":24.0,"key":"Lantern"},{"floor":26.0,"key":"Bottled Lightning"},{"floor":30,"key":"Torii"}],"event_choices":[{"event_name":"Shining Light","player_choice":"Entered Light","floor":4.0,"damage_taken":0.0},{"event_name":"The Cleric","player_choice":"Card Removal","floor":5.0,"damage_taken":0.0},{"event_name":"Golden Wing","player_choice":"Card Removal","floor":14.0,"damage_taken":0.0},{"event_name":"Nest","player_choice":"Joined the Cult","floor":21.0,"damage_taken":0.0}],"is_beta":false,"boss_relics":[{"not_picked":["Runic Dome","Fusion Hammer"],"picked":"Sozu"}],"items_purged_floors":[11,19,29],"is_endless":false,"potions_floor_spawned":[2,6,12,18,20,28,30],"killed_by":"Automaton","ascension_level":5}