{"gold_per_floor":[115,115,126,50,65,65,97,109,147,179,211,235,247,259,271,283],"floor_reached":16,"playtime":637,"items_purged":[],"score":102,"play_id":"b66d8a91-2002-4b48-8d9a-4c5a848bbf42","local_time":"20190428091910","is_ascension_mode":false,"campfire_choices":[{"data":"Blood for Blood","floor":6,"key":"SMITH"},{"floor":8,"key":"REST"},{"data":"Armaments","floor":13,"key":"SMITH"},{"data":"Juggernaut","floor":15,"key":"SMITH"}],"neow_cost":"NONE","seed_source_timestamp":1520012303428400,"circlet_count":0,"master_deck":["Strike_R","Strike_R","Strike_R","Strike_R","Strike_R","Defend_R","Defend_R","Defend_R","Defend_R","Bash","Whirlwind+1","Cleave","Blood for Blood+1","Intimidate","Perfected Strike","Thunderclap","Juggernaut+1","Armaments+1"],"relics":["Burning Blood","Red Skull","MawBank","Anchor"],"potions_floor_usage":[7],"damage_taken":[{"damage":5,"enemies":"2 Louse","floor":1,"turns":3},{"damage":0,"enemies":"Cultist","floor":3,"turns":2},{"damage":13,"enemies":"Jaw Worm","floor":5,"turns":3},{"damage":22,"enemies":"3 Sentries","floor":7,"turns":3},{"damage":0,"enemies":"Looter","floor":10,"turns":2},{"damage":3,"enemies":"3 Louse","floor":11,"turns":2},{"damage":0,"enemies":"2 Fungi Beasts","floor":12,"turns":1},{"damage":81,"enemies":"The Guardian","floor":16,"turns":10}],"seed_played":"4321302433930674175","potions_obtained":[{"floor":1,"key":"Explosive Potion"},{"floor":7,"key":"AttackPotion"}],"is_trial":false,"path_per_floor":["M","?","M","$","M","R","E","R","T","M","M","M","R","$","R","B"],"character_chosen":"IRONCLAD","items_purchased":["Blood for Blood"],"campfire_rested":1,"item_purchase_floors":[4],"current_hp_per_floor":[80,80,80,80,73,73,57,80,80,80,80,80,80,80,80,0],"gold":283,"neow_bonus":"RANDOM_COMMON_RELIC","is_prod":false,"is_daily":false,"chose_seed":false,"campfire_upgraded":3,"win_rate":0.0,"timestamp":1556457550,"path_taken":["M","?","M","$","?","R","E","R","T","M","?","?","R","?","R","BOSS"],"build_version":"2019-01-23","purchased_purges":0,"victory":false,"max_hp_per_floor":[80,80,80,80,80,80,80,80,80,80,80,80,80,80,80,80],"card_choices":[{"not_picked":["Searing Blow","Infernal Blade"],"picked":"Whirlwind","floor":1},{"not_picked":["Perfected Strike","Body Slam"],"picked":"Cleave","floor":3},{"not_picked":["Warcry","Body Slam"],"picked":"Intimidate","floor":5},{"not_picked":["Sword Boomerang","Bloodletting"],"picked":"Perfected Strike","floor":7},{"not_picked":["Clothesline","Perfected Strike"],"picked":"Thunderclap","floor":10},{"not_picked":["Infernal Blade","True Grit"],"picked":"Juggernaut","floor":11},{"not_picked":["Pommel Strike","Body Slam"],"picked":"Armaments","floor":12}],"player_experience":12376,"relics_obtained":[{"floor":7,"key":"MawBank"},{"floor":9,"key":"Anchor"}],"event_choices":[{"damage_healed":0,"gold_gain":0,"player_choice":"Upgraded","damage_taken":0,"max_hp_gain":0,"max_hp_loss":0,"event_name":"Upgrade Shrine","floor":2,"gold_loss":0,"cards_upgraded":["Whirlwind"]}],"is_beta":false,"boss_relics":[],"items_purged_floors":[],"is_endless":false,"potions_floor_spawned":[1,7],"killed_by":"The Guardian","ascension_level":0}