{"gold_per_floor":[113,14,89,112,138,150,175,187,199,211,210,253,278,260,272,385,397,397,424,436,373,385,397,434,462,501,15,25,60,70,95,95,193,193,208,208,208,99,118,118,148,148,148,175,19,44,44],"floor_reached":47,"playtime":3458,"items_purged":[],"score":811,"play_id":"56a91a42-c0fb-4104-84cd-ab6c17e93bc2","local_time":"20190402173049","is_ascension_mode":true,"campfire_choices":[{"data":"Static Discharge","floor":6,"key":"SMITH"},{"data":"Zap","floor":8,"key":"SMITH"},{"floor":15,"key":"REST"},{"data":"Storm","floor":23,"key":"SMITH"},{"floor":32,"key":"REST"},{"data":"Biased Cognition","floor":40,"key":"SMITH"},{"data":"Self Repair","floor":42,"key":"SMITH"}],"neow_cost":"NONE","seed_source_timestamp":1756622609914855,"circlet_count":0,"master_deck":["Strike_B","Strike_B","Strike_B","Defend_B","Defend_B","Defend_B","Zap+1","Dualcast+1","Amplify","Steam","Static Discharge+1","Conserve Battery","Chill","Heatsinks","BootSequence","Storm+1","Ball Lightning","Core Surge","Biased Cognition+1","Hello World+1","Melter","Sweeping Beam+1","White Noise","Consume","Turbo+1","Turbo","Streamline","Tempest","Electrodynamics","Echo Form","Hello World+1","Madness","Madness","Self Repair+1","Force Field","Cold Snap+1","Ball Lightning+1","Stack+1"],"relics":["FrozenCore","MawBank","PreservedInsect","Peace Pipe","Dream Catcher","Bottled Tornado","Blood Vial","ClockworkSouvenir","Matryoshka","Anchor","Nunchaku","Busted Crown","Regal Pillow","Toxic Egg 2","Shuriken","Bronze Scales","Bag of Preparation","War Paint"],"potions_floor_usage":[16,24,29,31,33,33,41,41],"damage_taken":[{"damage":0,"enemies":"Cultist","floor":1,"turns":4},{"damage":5,"enemies":"Jaw Worm","floor":5,"turns":4},{"damage":0,"enemies":"2 Louse","floor":7,"turns":3},{"damage":10,"enemies":"Exordium Thugs","floor":11,"turns":5},{"damage":14,"enemies":"3 Sentries","floor":12,"turns":5},{"damage":2,"enemies":"Blue Slaver","floor":13,"turns":3},{"damage":34,"enemies":"Slime Boss","floor":16,"turns":7},{"damage":0,"enemies":"2 Thieves","floor":18,"turns":4},{"damage":0,"enemies":"Chosen","floor":19,"turns":4},{"damage":0,"enemies":"Slavers","floor":24,"turns":1},{"damage":10,"enemies":"Centurion and Healer","floor":25,"turns":3},{"damage":0,"enemies":"Cultist and Chosen","floor":28,"turns":5},{"damage":0,"enemies":"Gremlin Leader","floor":29,"turns":4},{"damage":10,"enemies":"Snecko","floor":30,"turns":4},{"damage":1,"enemies":"Book of Stabbing","floor":31,"turns":4},{"damage":25,"enemies":"Collector","floor":33,"turns":6},{"damage":17,"enemies":"3 Darklings","floor":35,"turns":4},{"damage":0,"enemies":"3 Shapes","floor":39,"turns":3},{"damage":6,"enemies":"Giant Head","floor":41,"turns":6},{"damage":32,"enemies":"Nemesis","floor":44,"turns":5},{"damage":24,"enemies":"Sphere and 2 Shapes","floor":47,"turns":3}],"seed_played":"3354971924045727621","potions_obtained":[{"floor":7,"key":"Weak Potion"},{"floor":11,"key":"FearPotion"},{"floor":14,"key":"Swift Potion"},{"floor":14,"key":"FearPotion"},{"floor":16,"key":"EssenceOfSteel"},{"floor":22,"key":"FocusPotion"},{"floor":22,"key":"PowerPotion"},{"floor":28,"key":"AttackPotion"},{"floor":30,"key":"LiquidBronze"},{"floor":33,"key":"Poison Potion"},{"floor":39,"key":"Poison Potion"}],"is_trial":false,"path_per_floor":["M","$","?","T","M","R","M","R","T","?","M","E","M","?","R","B",null,"M","M","$","?","?","R","E","M","T","$","M","E","M","E","R","B",null,"M","?","?","$","M","R","E","R","T","E","$","T","M"],"character_chosen":"DEFECT","items_purchased":["Static Discharge","Conserve Battery","ClockworkSouvenir","Matryoshka","Consume","Self Repair","Force Field","Bronze Scales"],"campfire_rested":2,"item_purchase_floors":[2,2,27,27,27,38,38,45],"current_hp_per_floor":[75,75,64,64,59,59,59,59,59,59,49,35,33,33,55,21,62,62,62,62,62,62,62,62,52,52,52,54,56,48,49,71,48,68,53,53,44,44,46,46,42,42,42,12,12,12,0],"gold":44,"neow_bonus":"ONE_RANDOM_RARE_CARD","is_prod":false,"is_daily":false,"chose_seed":false,"campfire_upgraded":5,"win_rate":0,"timestamp":1554251449,"path_taken":["M","$","?","?","M","R","M","R","T","?","?","E","M","?","R","BOSS","M","?","?","?","?","R","E","?","T","?","M","E","M","E","R","BOSS","M","?","?","$","M","R","E","R","T","E","?","?","?"],"build_version":"2019-01-23","purchased_purges":0,"victory":false,"max_hp_per_floor":[75,75,75,75,75,75,75,75,75,75,75,75,75,75,75,75,75,75,75,75,75,75,75,75,75,75,75,75,75,75,75,75,75,75,75,75,75,75,75,75,75,75,75,75,75,75,75],"card_choices":[{"not_picked":["Compile Driver","Barrage"],"picked":"Steam","floor":1},{"not_picked":["Stack","Go for the Eyes"],"picked":"Chill","floor":5},{"not_picked":["Reprogram","Undo"],"picked":"Heatsinks","floor":7},{"not_picked":["Beam Cell","Blizzard"],"picked":"BootSequence","floor":11},{"not_picked":["Sunder","Consume"],"picked":"Storm","floor":12},{"not_picked":["Redo","Scrape"],"picked":"Ball Lightning","floor":13},{"not_picked":["Reinforced Body","Glacier"],"picked":"Core Surge","floor":15},{"not_picked":["Core Surge","Thunder Strike"],"picked":"Biased Cognition","floor":16},{"not_picked":["Gash+1","Stack"],"picked":"Hello World+1","floor":18},{"not_picked":["Reinforced Body","Hologram"],"picked":"Melter","floor":19},{"not_picked":["Gash","Coolheaded"],"picked":"Sweeping Beam+1","floor":24},{"not_picked":["Hologram","Go for the Eyes"],"picked":"White Noise","floor":25},{"not_picked":["Compile Driver","Streamline"],"picked":"Turbo","floor":28},{"not_picked":["Conserve Battery+1","Coolheaded+1"],"picked":"Turbo","floor":29},{"not_picked":["Steam","Barrage"],"picked":"Streamline","floor":30},{"not_picked":["Compile Driver","Go for the Eyes+1"],"picked":"Tempest","floor":31},{"not_picked":["Barrage","Force Field"],"picked":"Electrodynamics","floor":32},{"not_picked":["All For One","Biased Cognition"],"picked":"Echo Form","floor":33},{"not_picked":[],"picked":"Hello World+1","floor":35},{"not_picked":[],"picked":"Cold Snap+1","floor":39},{"not_picked":[],"picked":"Ball Lightning+1","floor":41},{"not_picked":[],"picked":"Stack+1","floor":44}],"player_experience":481353,"relics_obtained":[{"floor":4,"key":"MawBank"},{"floor":9,"key":"PreservedInsect"},{"floor":12,"key":"Dream Catcher"},{"floor":24,"key":"Bottled Tornado"},{"floor":26,"key":"Blood Vial"},{"floor":29,"key":"Anchor"},{"floor":31,"key":"Nunchaku"},{"floor":41,"key":"Regal Pillow"},{"floor":43,"key":"Toxic Egg 2"},{"floor":44,"key":"Shuriken"},{"floor":46,"key":"Bag of Preparation"},{"floor":46,"key":"War Paint"}],"event_choices":[{"damage_healed":0,"gold_gain":75,"player_choice":"Gather Gold","damage_taken":11,"max_hp_gain":0,"max_hp_loss":0,"event_name":"World of Goop","floor":3,"gold_loss":0},{"damage_healed":0,"gold_gain":0,"player_choice":"Gave Potion","damage_taken":0,"relics_obtained":["Peace Pipe"],"max_hp_gain":0,"max_hp_loss":0,"event_name":"WeMeetAgain","floor":10,"gold_loss":0},{"damage_healed":0,"gold_gain":0,"player_choice":"Bought 2 Potions","damage_taken":0,"max_hp_gain":0,"max_hp_loss":0,"event_name":"The Woman in Blue","floor":14,"gold_loss":0},{"cards_removed":["Defend_B"],"damage_healed":0,"gold_gain":0,"player_choice":"Gave Gold","damage_taken":0,"max_hp_gain":0,"max_hp_loss":0,"event_name":"Beggar","floor":21,"gold_loss":75},{"damage_healed":0,"gold_gain":0,"player_choice":"Got Potions","damage_taken":0,"max_hp_gain":0,"max_hp_loss":0,"event_name":"Lab","floor":22,"gold_loss":0},{"cards_removed":["Strike_B"],"damage_healed":0,"gold_gain":0,"player_choice":"Removed Attack","damage_taken":0,"max_hp_gain":0,"max_hp_loss":0,"event_name":"Falling","floor":36,"gold_loss":0},{"damage_healed":0,"gold_gain":0,"player_choice":"Embrace Madness","damage_taken":9,"max_hp_gain":0,"max_hp_loss":0,"event_name":"Winding Halls","floor":37,"gold_loss":0,"cards_obtained":["Madness","Madness"]}],"is_beta":false,"boss_relics":[{"not_picked":["Velvet Choker","Empty Cage"],"picked":"FrozenCore"},{"not_picked":["Astrolabe","Black Star"],"picked":"Busted Crown"}],"items_purged_floors":[],"is_endless":false,"potions_floor_spawned":[7,11,16,18,28,30,33,39],"killed_by":"Sphere and 2 Shapes","ascension_level":5}