{"gold_per_floor":[112,122,122,197,197,197,210,210,210,18,18,30,61,61,61,135,185,204,204,204,204],"floor_reached":21,"playtime":570,"items_purged":["Writhe"],"score":341,"play_id":"81d73621-0221-4bbd-b03b-7605ff8d3e4c","local_time":"20181119182540","is_ascension_mode":true,"campfire_choices":[{"data":"Poisoned Stab","floor":6,"key":"SMITH"},{"data":"Distraction","floor":8,"key":"SMITH"},{"data":"Noxious Fumes","floor":11,"key":"SMITH"},{"floor":15,"key":"REST"}],"neow_cost":"CURSE","seed_source_timestamp":0,"circlet_count":0,"master_deck":["AscendersBane","Defend_G","Defend_G","Defend_G","Defend_G","Strike_G","Strike_G","Strike_G","Strike_G","Survivor","Neutralize","Distraction+1","Poisoned Stab+1","Poisoned Stab","Deadly Poison+1","Riddle With Holes+1","Noxious Fumes+1","Dagger Spray+1","Adrenaline","Envenom","Bane+1"],"special_seed":0,"relics":["Ring of the Snake","Molten Egg 2","Letter Opener","Tiny House"],"potions_floor_usage":[20],"damage_taken":[{"damage":1,"enemies":"Cultist","floor":1,"turns":4},{"damage":0,"enemies":"Small Slimes","floor":2,"turns":2},{"damage":1,"enemies":"Jaw Worm","floor":7,"turns":4},{"damage":3,"enemies":"3 Louse","floor":12,"turns":3},{"damage":11,"enemies":"Gremlin Nob","floor":13,"turns":3},{"damage":35,"enemies":"Hexaghost","floor":16,"turns":7},{"damage":22,"enemies":"Chosen","floor":18,"turns":4},{"damage":20,"enemies":"Colosseum Slavers","floor":20,"turns":4},{"damage":28,"enemies":"Shell Parasite","floor":21,"turns":4}],"seed_played":"4113462616923011442","potions_obtained":[{"floor":7,"key":"FearPotion"},{"floor":12,"key":"FearPotion"}],"is_trial":false,"path_per_floor":["M","M","?","?","?","R","M","R","T","$","R","M","E","?","R","B",null,"M","?","?","M"],"character_chosen":"THE_SILENT","items_purchased":["Riddle With Holes+1","Noxious Fumes"],"campfire_rested":1,"item_purchase_floors":[10,10],"current_hp_per_floor":[58,58,58,47,47,47,46,46,46,46,46,43,32,32,51,16,59,37,51,31,3],"gold":204,"neow_bonus":"TRANSFORM_TWO_CARDS","is_prod":false,"is_daily":false,"chose_seed":false,"campfire_upgraded":3,"win_rate":0,"timestamp":1542669940,"path_taken":["M","?","?","?","?","R","?","R","T","$","R","M","E","?","R","BOSS","M","?","?","M"],"build_version":"2018-11-15","purchased_purges":1,"victory":false,"max_hp_per_floor":[66,66,66,66,66,66,66,66,66,66,66,66,66,66,66,66,71,71,71,71,71],"card_choices":[{"not_picked":["Underhanded Strike","Sucker Punch"],"picked":"Poisoned Stab","floor":1},{"not_picked":["Flying Knee","Expertise","Backflip"],"picked":"SKIP","floor":2},{"not_picked":["Acrobatics","Flying Knee"],"picked":"Deadly Poison","floor":7},{"not_picked":["Predator+1","Acrobatics"],"picked":"Dagger Spray+1","floor":12},{"not_picked":["Leg Sweep","Acrobatics"],"picked":"Adrenaline","floor":13},{"not_picked":["Die Die Die+1","Tools of the Trade"],"picked":"Envenom","floor":16},{"not_picked":["Sucker Punch+1","Finisher+1"],"picked":"Bane+1","floor":17},{"not_picked":["Underhanded Strike+1","Backflip","Quick Slash+1"],"picked":"SKIP","floor":18}],"player_experience":751647,"relics_obtained":[{"floor":9,"key":"Molten Egg 2"},{"floor":13,"key":"Letter Opener"}],"event_choices":[{"damage_healed":0,"gold_gain":0,"player_choice":"Fled","damage_taken":0,"max_hp_gain":0,"max_hp_loss":0,"event_name":"Scrap Ooze","floor":3,"gold_loss":0},{"damage_healed":0,"gold_gain":75,"player_choice":"Gather Gold","damage_taken":11,"max_hp_gain":0,"max_hp_loss":0,"event_name":"World of Goop","floor":4,"gold_loss":0},{"damage_healed":0,"gold_gain":0,"player_choice":"Ignored","damage_taken":0,"max_hp_gain":0,"max_hp_loss":0,"event_name":"Golden Idol","floor":5,"gold_loss":0},{"damage_healed":0,"gold_gain":0,"player_choice":"Ignored","damage_taken":0,"max_hp_gain":0,"max_hp_loss":0,"event_name":"Liars Game","floor":14,"gold_loss":0},{"damage_healed":14,"gold_gain":0,"player_choice":"Heal","damage_taken":0,"max_hp_gain":0,"max_hp_loss":0,"event_name":"The Library","floor":19,"gold_loss":0},{"damage_healed":0,"gold_gain":0,"player_choice":"Fight","damage_taken":0,"max_hp_gain":0,"max_hp_loss":0,"event_name":"Colosseum","floor":20,"gold_loss":0},{"damage_healed":0,"gold_gain":0,"player_choice":"Fled From Nobs","damage_taken":0,"max_hp_gain":0,"max_hp_loss":0,"event_name":"Colosseum","floor":20,"gold_loss":0}],"is_beta":false,"boss_relics":[{"not_picked":["Black Star","Philosopher\u0027s Stone"],"picked":"Tiny House"}],"items_purged_floors":[10],"is_endless":false,"potions_floor_spawned":[7,12,16],"killed_by":"Shell Parasite","ascension_level":19}