{"gold_per_floor":[368,22,39,50,66,66,79,108,108,118,136,136,101,117,117,221,221,238,238,159,175,175,175,175,175,220,220,234,234,149,161,161,161],"floor_reached":33,"playtime":1369,"items_purged":[],"score":274,"play_id":"7bbf69b7-4e03-4c9a-80a4-8e40df401c6d","local_time":"20190417210026","is_ascension_mode":false,"campfire_choices":[{"data":"Mayhem","floor":6.0,"key":"SMITH"},{"data":"Defragment","floor":12.0,"key":"SMITH"},{"floor":15.0,"key":"RECALL"},{"floor":23.0,"key":"REST"},{"floor":25.0,"key":"REST"},{"data":"Streamline","floor":27,"key":"SMITH"},{"data":"Rainbow","floor":29,"key":"SMITH"},{"floor":32,"key":"REST"}],"neow_cost":"PERCENT_DAMAGE","seed_source_timestamp":0,"circlet_count":0,"master_deck":["Strike_B","Strike_B","Defend_B","Defend_B","Defend_B","Defend_B","Zap","Dualcast","Auto Shields","Mayhem+1","Capacitor","Melter","Rebound","Gash+1","Streamline+1","Conserve Battery","Defragment+1","Gash","Coolheaded","Gash+1","Rainbow+1","Go for the Eyes","Necronomicurse","Blizzard","Reprogram","Sweeping Beam","Storm","Go for the Eyes","Gash"],"special_seed":0,"relics":["Cracked Core","Juzu Bracelet","Inserter","Necronomicon","Whetstone","Smiling Mask"],"potions_floor_usage":[33,33],"damage_taken":[{"damage":1.0,"enemies":"Cultist","floor":1.0,"turns":4.0},{"damage":0.0,"enemies":"Small Slimes","floor":3.0,"turns":4.0},{"damage":0.0,"enemies":"2 Louse","floor":4.0,"turns":1.0},{"damage":5.0,"enemies":"Looter","floor":5.0,"turns":3.0},{"damage":0.0,"enemies":"2 Fungi Beasts","floor":7.0,"turns":4.0},{"damage":14.0,"enemies":"Gremlin Nob","floor":8.0,"turns":3.0},{"damage":9.0,"enemies":"3 Louse","floor":10.0,"turns":4.0},{"damage":1.0,"enemies":"Large Slime","floor":11.0,"turns":5.0},{"damage":12.0,"enemies":"Blue Slaver","floor":14.0,"turns":3.0},{"damage":11.0,"enemies":"Hexaghost","floor":16.0,"turns":8.0},{"damage":38.0,"enemies":"3 Byrds","floor":18.0,"turns":6.0},{"damage":0.0,"enemies":"Spheric Guardian","floor":21.0,"turns":3.0},{"damage":31,"enemies":"Snake Plant","floor":28,"turns":4},{"damage":23,"enemies":"Shelled Parasite and Fungi","floor":31,"turns":7},{"damage":38,"enemies":"Collector","floor":33,"turns":5}],"seed_played":"-3512692752796344371","potions_obtained":[{"floor":1.0,"key":"Explosive Potion"},{"floor":4.0,"key":"Energy Potion"},{"floor":10.0,"key":"FairyPotion"},{"floor":18.0,"key":"Swift Potion"},{"floor":31,"key":"Weak Potion"}],"is_trial":false,"path_per_floor":["M","$","M","M","M","R","M","E","T","M","M","R","?","M","R","B",null,"M","?","$","M","?","R","?","R","T","R","M","R","?","M","R","B"],"character_chosen":"DEFECT","items_purchased":["Mayhem","Capacitor","Melter","Blizzard"],"campfire_rested":3,"item_purchase_floors":[2,2,2,20],"current_hp_per_floor":[53,53,53,53,48,48,48,34,34,25,24,24,42,30,30,19,75,37,21,21,21,21,43,29,53,53,53,22,22,22,8,32,0],"gold":161,"neow_bonus":"TWO_FIFTY_GOLD","is_prod":false,"is_daily":false,"chose_seed":false,"campfire_upgraded":4,"win_rate":0,"timestamp":1555552826,"path_taken":["M","$","M","M","M","R","M","E","T","M","M","R","?","M","R","BOSS","M","?","$","M","?","R","?","R","T","R","M","R","?","M","R","BOSS"],"build_version":"2019-01-23","purchased_purges":0,"victory":false,"max_hp_per_floor":[75,75,75,75,75,75,75,75,75,75,75,75,75,75,75,75,75,75,75,75,75,75,75,80,80,80,80,80,80,80,80,80,80],"card_choices":[{"not_picked":["FTL","Rebound"],"picked":"Auto Shields","floor":1.0},{"not_picked":["Turbo","Steam Power"],"picked":"Rebound","floor":3.0},{"not_picked":["Streamline","Capacitor"],"picked":"Gash","floor":4.0},{"not_picked":["Skim","Compile Driver"],"picked":"Streamline","floor":5.0},{"not_picked":["Reprogram","Chaos"],"picked":"Conserve Battery","floor":7.0},{"not_picked":["Barrage","Lockon"],"picked":"Defragment","floor":8.0},{"not_picked":["Barrage","Go for the Eyes"],"picked":"Gash","floor":10.0},{"not_picked":["Genetic Algorithm","Compile Driver"],"picked":"Coolheaded","floor":11.0},{"not_picked":["Go for the Eyes","Thunder Strike"],"picked":"Gash","floor":14.0},{"not_picked":["Core Surge","Amplify"],"picked":"Rainbow","floor":16.0},{"not_picked":["Self Repair","Reprogram"],"picked":"Go for the Eyes","floor":18.0},{"not_picked":["Steam Power","Skim+1"],"picked":"Reprogram","floor":21.0},{"not_picked":["Reprogram+1","Ball Lightning"],"picked":"Go for the Eyes","floor":28},{"not_picked":["Stack+1","Barrage"],"picked":"Gash","floor":31}],"player_experience":207398,"relics_obtained":[{"floor":8.0,"key":"Juzu Bracelet"},{"floor":19.0,"key":"Necronomicon"},{"floor":26.0,"key":"Whetstone"}],"event_choices":[{"damage_healed":18.0,"max_hp_gain":0.0,"max_hp_loss":0.0,"gold_gain":0.0,"event_name":"The Cleric","player_choice":"Healed","floor":13.0,"gold_loss":35.0,"damage_taken":0.0},{"damage_healed":0.0,"max_hp_gain":0.0,"max_hp_loss":0.0,"gold_gain":0.0,"event_name":"Cursed Tome","player_choice":"Obtained Book","floor":19.0,"gold_loss":0.0,"damage_taken":16.0},{"damage_healed":0.0,"max_hp_gain":0.0,"max_hp_loss":0.0,"gold_gain":0.0,"cards_transformed":["Strike_B","Strike_B"],"event_name":"Drug Dealer","player_choice":"Became Test Subject","floor":22.0,"gold_loss":0.0,"damage_taken":0.0,"cards_obtained":["Sweeping Beam","Storm"]},{"damage_healed":0.0,"max_hp_gain":5.0,"max_hp_loss":0.0,"gold_gain":0.0,"event_name":"Forgotten Altar","player_choice":"Shed Blood","floor":24.0,"gold_loss":0.0,"damage_taken":19.0},{"damage_healed":0,"gold_gain":0,"player_choice":"Obtained Relic","damage_taken":0,"relics_obtained":["Smiling Mask"],"max_hp_gain":0,"max_hp_loss":0,"event_name":"Addict","floor":30,"gold_loss":85}],"is_beta":false,"boss_relics":[{"not_picked":["Philosopher\u0027s Stone","FrozenCore"],"picked":"Inserter"}],"items_purged_floors":[],"is_endless":false,"potions_floor_spawned":[1,4,10,18,28,31],"killed_by":"Collector","ascension_level":0}