{"gold_per_floor":[109,123,137,137,149,149,166,193,193,223,234,234,39,39,39,39],"floor_reached":16,"playtime":489,"items_purged":[],"score":224,"play_id":"1a3e0166-0820-4bcf-894c-a779f70af1ac","local_time":"20190505085742","is_ascension_mode":true,"campfire_choices":[{"data":"Bash","floor":6,"key":"SMITH"},{"floor":12,"key":"REST"},{"data":"Limit Break","floor":15,"key":"SMITH"}],"neow_cost":"NONE","seed_source_timestamp":1019524705034645,"circlet_count":0,"master_deck":["AscendersBane","Strike_R","Strike_R","Strike_R","Strike_R","Defend_R","Defend_R","Defend_R","Defend_R","Bash+1","Metallicize","Blood for Blood","Headbutt","Infernal Blade","Twin Strike","Flex","Ghostly Armor","Ghostly Armor","Limit Break+1"],"relics":["Burning Blood","NeowsBlessing","Pen Nib","Dodecahedron","Self Forming Clay"],"potions_floor_usage":[5,10,11],"damage_taken":[{"damage":0,"enemies":"Cultist","floor":1,"turns":1},{"damage":0,"enemies":"Small Slimes","floor":2,"turns":1},{"damage":0,"enemies":"Jaw Worm","floor":3,"turns":1},{"damage":17,"enemies":"Lots of Slimes","floor":5,"turns":4},{"damage":12,"enemies":"3 Louse","floor":7,"turns":4},{"damage":35,"enemies":"3 Sentries","floor":8,"turns":8},{"damage":26,"enemies":"Gremlin Nob","floor":10,"turns":4},{"damage":4,"enemies":"Exordium Thugs","floor":11,"turns":3},{"damage":47,"enemies":"Hexaghost","floor":16,"turns":9}],"seed_played":"-1486281296391339697","potions_obtained":[{"floor":1,"key":"Energy Potion"},{"floor":8,"key":"FearPotion"},{"floor":10,"key":"AttackPotion"}],"is_trial":false,"path_per_floor":["M","M","M","?","M","R","M","E","T","E","M","R","$","?","R","B"],"character_chosen":"IRONCLAD","items_purchased":["Limit Break","FairyPotion"],"campfire_rested":1,"item_purchase_floors":[13,13],"current_hp_per_floor":[74,75,75,75,64,64,58,29,29,9,11,33,33,33,33,0],"gold":39,"neow_bonus":"THREE_ENEMY_KILL","is_prod":false,"is_daily":false,"chose_seed":false,"campfire_upgraded":2,"win_rate":0,"timestamp":1557061062,"path_taken":["M","?","M","?","M","R","M","E","T","E","?","R","$","?","R","BOSS"],"build_version":"2019-01-23","purchased_purges":0,"victory":false,"max_hp_per_floor":[75,75,75,75,75,75,75,75,75,75,75,75,75,75,75,75],"card_choices":[{"not_picked":["Bloodletting","True Grit"],"picked":"Metallicize","floor":1},{"not_picked":["Corruption","Feel No Pain"],"picked":"Blood for Blood","floor":2},{"not_picked":["Clash","Wild Strike"],"picked":"Headbutt","floor":3},{"not_picked":["Clash","Reckless Charge"],"picked":"Infernal Blade","floor":5},{"not_picked":["Warcry","Iron Wave"],"picked":"Twin Strike","floor":7},{"not_picked":["Rupture","Seeing Red"],"picked":"Flex","floor":8},{"not_picked":["Anger","Thunderclap"],"picked":"Ghostly Armor","floor":10},{"not_picked":["Clothesline","Twin Strike"],"picked":"Ghostly Armor","floor":11}],"player_experience":948412,"relics_obtained":[{"floor":8,"key":"Pen Nib"},{"floor":9,"key":"Dodecahedron"},{"floor":10,"key":"Self Forming Clay"}],"event_choices":[{"damage_healed":0,"gold_gain":0,"player_choice":"Full Heal","damage_taken":0,"max_hp_gain":0,"max_hp_loss":0,"event_name":"Wheel of Change","floor":4,"gold_loss":0},{"cards_removed":["Strike_R"],"damage_healed":0,"gold_gain":0,"player_choice":"Offered Basic","damage_taken":0,"max_hp_gain":0,"max_hp_loss":0,"event_name":"Bonfire Elementals","floor":14,"gold_loss":0}],"is_beta":false,"boss_relics":[],"items_purged_floors":[],"is_endless":false,"potions_floor_spawned":[1,8,10],"killed_by":"Hexaghost","ascension_level":20}