{"gold_per_floor":[115,115,132,132,142,142,70,70,70,84,84,84],"floor_reached":12,"playtime":684,"items_purged":[],"score":68,"play_id":"8db7309d-60cb-434b-abd9-296bfeb0fe5c","local_time":"20190402214456","is_ascension_mode":false,"campfire_choices":[],"neow_cost":"NONE","seed_source_timestamp":16805044631699,"circlet_count":0,"master_deck":["Strike_B","Strike_B","Strike_B","Defend_B","Defend_B","Defend_B","Zap","Dualcast","Streamline","Regret","Conserve Battery","Capacitor","Buffer","Defragment","Undo","Self Repair","Injury"],"relics":["Cracked Core","Cables","Golden Idol"],"potions_floor_usage":[12],"damage_taken":[{"damage":6,"enemies":"Jaw Worm","floor":1,"turns":3},{"damage":0,"enemies":"2 Louse","floor":3,"turns":1},{"damage":2,"enemies":"Cultist","floor":5,"turns":3},{"damage":0,"enemies":"Large Slime","floor":10,"turns":5},{"damage":96,"enemies":"Gremlin Nob","floor":12,"turns":6}],"seed_played":"-1785453774459212164","potions_obtained":[{"floor":3,"key":"SpeedPotion"}],"is_trial":false,"path_per_floor":["M","?","M","?","M","?","$","?","T","M","?","E"],"character_chosen":"DEFECT","items_purchased":["Defragment"],"campfire_rested":0,"item_purchase_floors":[7],"current_hp_per_floor":[76,76,76,76,74,74,74,74,74,74,74,0],"gold":84,"neow_bonus":"TEN_PERCENT_HP_BONUS","is_prod":false,"is_daily":false,"chose_seed":false,"campfire_upgraded":0,"win_rate":0,"timestamp":1554266696,"path_taken":["M","?","M","?","?","?","?","?","T","M","?","E"],"build_version":"2019-01-23","purchased_purges":0,"victory":false,"max_hp_per_floor":[82,82,82,82,82,82,82,82,82,82,82,82],"card_choices":[{"not_picked":["Sweeping Beam","Conserve Battery"],"picked":"Streamline","floor":1},{"not_picked":["Streamline","Compile Driver"],"picked":"Conserve Battery","floor":3},{"not_picked":["Barrage","Conserve Battery"],"picked":"Buffer","floor":5},{"not_picked":["Ball Lightning","Capacitor"],"picked":"Self Repair","floor":10}],"player_experience":482153,"relics_obtained":[],"event_choices":[{"damage_healed":0,"gold_gain":0,"player_choice":"Box","damage_taken":0,"relics_obtained":["Cables"],"max_hp_gain":0,"max_hp_loss":0,"event_name":"Big Fish","floor":2,"gold_loss":0,"cards_obtained":["Regret"]},{"damage_healed":0,"gold_gain":0,"cards_transformed":["Strike_B"],"player_choice":"Transformed","damage_taken":0,"max_hp_gain":0,"max_hp_loss":0,"event_name":"Transmorgrifier","floor":4,"gold_loss":0,"cards_obtained":["Capacitor"]},{"damage_healed":0,"gold_gain":0,"player_choice":"Leave","damage_taken":0,"max_hp_gain":0,"max_hp_loss":0,"event_name":"The Cleric","floor":6,"gold_loss":0},{"damage_healed":0,"gold_gain":0,"cards_transformed":["Defend_B"],"player_choice":"Change","damage_taken":0,"max_hp_gain":0,"max_hp_loss":0,"event_name":"Living Wall","floor":8,"gold_loss":0,"cards_obtained":["Undo"]},{"damage_healed":0,"gold_gain":0,"player_choice":"Take Wound","damage_taken":0,"relics_obtained":["Golden Idol"],"max_hp_gain":0,"max_hp_loss":0,"event_name":"Golden Idol","floor":11,"gold_loss":0,"cards_obtained":["Injury"]}],"is_beta":false,"boss_relics":[],"items_purged_floors":[],"is_endless":false,"potions_floor_spawned":[3],"killed_by":"Gremlin Nob","ascension_level":0}