{"gold_per_floor":[109,109,29,129,145,145,145,145,172,219,231,278,290,325,337,479,491,527,539,575,502,106,106,106,106,106,121,121,121,121,136,136,267,330,349,405,24,24],"floor_reached":38,"playtime":1569,"items_purged":[],"score":426,"play_id":"b2d466c0-2a17-45ae-8753-8408eb471ddc","local_time":"20190429203449","is_ascension_mode":false,"campfire_choices":[{"data":"Gash","floor":6,"key":"SMITH"},{"floor":11,"key":"REST"},{"floor":13,"key":"REST"},{"floor":15,"key":"REST"},{"floor":23,"key":"REST"},{"floor":25,"key":"REST"},{"data":"Defragment","floor":29,"key":"SMITH"},{"floor":32,"key":"REST"}],"neow_cost":"NONE","seed_source_timestamp":1646019298820500,"circlet_count":0,"master_deck":["Strike_B","Strike_B","Strike_B","Defend_B","Defend_B","Defend_B","Defend_B","Zap","Electrodynamics","Storm","Gash+1","Defragment+1","Redo","Reinforced Body","Amplify","Gash+1","Tempest+1","Static Discharge+1","Hologram","Rip and Tear+1","Self Repair","Bandage Up","Rip and Tear","Defragment+1","Sunder","Machine Learning+1","Auto Shields","Tempest","Conserve Battery","Self Repair+1"],"relics":["Cracked Core","Golden Idol","MawBank","Dodecahedron","Vajra","Astrolabe","Nilry\u0027s Codex","Gambling Chip","Ornamental Fan","Frozen Egg 2","Torii","Tiny House","Nunchaku","Prayer Wheel"],"potions_floor_usage":[10,27,31,33,36],"damage_taken":[{"damage":10,"enemies":"Small Slimes","floor":1,"turns":2},{"damage":0,"enemies":"Cultist","floor":5,"turns":3},{"damage":18,"enemies":"Gremlin Nob","floor":10,"turns":4},{"damage":27,"enemies":"Lagavulin","floor":12,"turns":6},{"damage":5,"enemies":"2 Louse","floor":14,"turns":2},{"damage":0,"enemies":"Slime Boss","floor":16,"turns":7},{"damage":1,"enemies":"3 Byrds","floor":18,"turns":2},{"damage":33,"enemies":"Shell Parasite","floor":20,"turns":4},{"damage":13,"enemies":"3 Cultists","floor":27,"turns":4},{"damage":23,"enemies":"Snecko","floor":31,"turns":3},{"damage":36,"enemies":"Collector","floor":33,"turns":5},{"damage":18,"enemies":"Orb Walker","floor":35,"turns":3},{"damage":69,"enemies":"2 Orb Walkers","floor":36,"turns":4},{"damage":9,"enemies":"3 Darklings","floor":38,"turns":1}],"seed_played":"2584680523893809986","potions_obtained":[{"floor":1,"key":"Block Potion"},{"floor":12,"key":"Explosive Potion"},{"floor":27,"key":"AttackPotion"},{"floor":31,"key":"FocusPotion"},{"floor":34,"key":"Ancient Potion"}],"is_trial":false,"path_per_floor":["M","?","$","?","M","R","?","?","T","E","R","E","R","M","R","B",null,"M","?","M","?","$","R","?","R","T","M","?","R","?","M","R","B",null,"M","?","$","M"],"character_chosen":"DEFECT","items_purchased":["Storm","Self Repair","Ornamental Fan","Bandage Up","Self Repair+1","Prayer Wheel"],"campfire_rested":6,"item_purchase_floors":[3,22,22,22,37,37],"current_hp_per_floor":[65,65,65,65,65,65,70,50,50,32,56,29,53,48,72,72,80,79,63,30,30,30,54,54,78,78,65,65,65,65,42,66,34,85,74,9,9,0],"gold":24,"neow_bonus":"ONE_RANDOM_RARE_CARD","is_prod":false,"is_daily":false,"chose_seed":false,"campfire_upgraded":2,"win_rate":0.0,"timestamp":1556584489,"path_taken":["M","?","$","?","?","R","?","?","T","E","R","E","R","M","R","BOSS","M","?","M","?","$","R","?","R","T","M","?","R","?","?","R","BOSS","M","?","$","M"],"build_version":"2019-01-23","purchased_purges":0,"victory":false,"max_hp_per_floor":[75,75,75,75,75,75,80,80,80,80,80,80,80,80,80,80,80,80,80,80,80,80,80,80,80,80,80,80,80,80,80,80,80,85,85,85,85,85],"card_choices":[{"not_picked":["Consume","Glacier"],"picked":"Conserve Battery","floor":1},{"not_picked":["Go for the Eyes","Hologram"],"picked":"Gash","floor":5},{"not_picked":["Steam","Seek"],"picked":"Defragment","floor":10},{"not_picked":["Conserve Battery","Go for the Eyes"],"picked":"Redo","floor":12},{"not_picked":["Streamline","Barrage"],"picked":"Reinforced Body","floor":14},{"not_picked":["Seek","Hyperbeam"],"picked":"Amplify","floor":16},{"not_picked":["Beam Cell","Turbo+1"],"picked":"Hologram","floor":18},{"not_picked":["Hologram","Go for the Eyes+1"],"picked":"Rip and Tear","floor":20},{"not_picked":["Turbo","Coolheaded"],"picked":"Rip and Tear","floor":27},{"not_picked":["Beam Cell","Turbo"],"picked":"Sunder","floor":31},{"not_picked":["Multi-Cast","Core Surge"],"picked":"Machine Learning+1","floor":33},{"not_picked":["Steam","Glacier"],"picked":"Auto Shields","floor":34},{"not_picked":["Ball Lightning","BootSequence"],"picked":"Tempest","floor":35},{"not_picked":["Barrage","Cold Snap+1"],"picked":"Conserve Battery","floor":36}],"player_experience":35421,"relics_obtained":[{"floor":9,"key":"MawBank"},{"floor":10,"key":"Dodecahedron"},{"floor":12,"key":"Vajra"},{"floor":19,"key":"Nilry\u0027s Codex"},{"floor":26,"key":"Torii"},{"floor":36,"key":"Nunchaku"}],"event_choices":[{"damage_healed":0,"gold_gain":0,"player_choice":"Leave","damage_taken":0,"max_hp_gain":0,"max_hp_loss":0,"event_name":"The Cleric","floor":2,"gold_loss":0},{"damage_healed":0,"gold_gain":100,"player_choice":"Gold","damage_taken":0,"max_hp_gain":0,"max_hp_loss":0,"event_name":"Wheel of Change","floor":4,"gold_loss":0},{"damage_healed":0,"gold_gain":0,"player_choice":"Donut","damage_taken":0,"max_hp_gain":5,"max_hp_loss":0,"event_name":"Big Fish","floor":7,"gold_loss":0},{"damage_healed":0,"gold_gain":0,"player_choice":"Take Damage","damage_taken":20,"relics_obtained":["Golden Idol"],"max_hp_gain":0,"max_hp_loss":0,"event_name":"Golden Idol","floor":8,"gold_loss":0},{"damage_healed":0,"gold_gain":0,"player_choice":"Obtained Book","damage_taken":16,"max_hp_gain":0,"max_hp_loss":0,"event_name":"Cursed Tome","floor":19,"gold_loss":0},{"damage_healed":0,"gold_gain":0,"player_choice":"Obtained Relic","damage_taken":0,"relics_obtained":["Gambling Chip"],"max_hp_gain":0,"max_hp_loss":0,"event_name":"Addict","floor":21,"gold_loss":85},{"damage_healed":0,"gold_gain":0,"player_choice":"Opened","damage_taken":0,"relics_obtained":["Frozen Egg 2"],"max_hp_gain":0,"max_hp_loss":0,"event_name":"The Mausoleum","floor":24,"gold_loss":0},{"damage_healed":0,"gold_gain":0,"player_choice":"Ignored","damage_taken":0,"max_hp_gain":0,"max_hp_loss":0,"event_name":"Beggar","floor":28,"gold_loss":0},{"damage_healed":0,"gold_gain":0,"player_choice":"Copied","damage_taken":0,"max_hp_gain":0,"max_hp_loss":0,"event_name":"Duplicator","floor":30,"gold_loss":0,"cards_obtained":["Defragment"]},{"damage_healed":0,"gold_gain":0,"player_choice":"Fight","damage_taken":0,"max_hp_gain":0,"max_hp_loss":0,"event_name":"Mysterious Sphere","floor":36,"gold_loss":0}],"is_beta":false,"boss_relics":[{"not_picked":["Coffee Dripper","Sozu"],"picked":"Astrolabe"},{"not_picked":["Fusion Hammer","Black Star"],"picked":"Tiny House"}],"items_purged_floors":[],"is_endless":false,"potions_floor_spawned":[1,12,27,31],"killed_by":"3 Darklings","ascension_level":0}