{"gold_per_floor":[117,137,137,89,100,428,440,458,458,475,25,25,57,75,75,171,171,187,187],"floor_reached":19,"playtime":1505,"items_purged":[],"score":190,"play_id":"2d6dc25a-2281-4886-a76b-9c87bf4ad621","local_time":"20190505200617","is_ascension_mode":true,"campfire_choices":[{"floor":12,"key":"RECALL"},{"data":"Backstab","floor":15,"key":"SMITH"}],"neow_cost":"NONE","seed_source_timestamp":30343072898700,"circlet_count":0,"master_deck":["Defend_G","Defend_G","Defend_G","Defend_G","Defend_G","Strike_G","Strike_G","Strike_G","Strike_G","Strike_G","Survivor","Neutralize","Dodge and Roll","Flying Knee","Backstab+1","Deadly Poison","Blur","Bane","Dagger Throw","Bouncing Flask","Footwork","Masterful Stab","Bane","Night Terror","Dagger Spray+1"],"relics":["Ring of the Snake","NeowsBlessing","Bag of Marbles","Old Coin","Mango","Bird Faced Urn","HoveringKite"],"potions_floor_usage":[6,13,13,14,18],"damage_taken":[{"damage":0,"enemies":"2 Louse","floor":1,"turns":1},{"damage":0,"enemies":"Cultist","floor":2,"turns":1},{"damage":0,"enemies":"Jaw Worm","floor":5,"turns":1},{"damage":6,"enemies":"3 Sentries","floor":6,"turns":13},{"damage":0,"enemies":"Looter","floor":7,"turns":1},{"damage":2,"enemies":"Blue Slaver","floor":8,"turns":3},{"damage":1,"enemies":"Large Slime","floor":10,"turns":5},{"damage":11,"enemies":"Lagavulin","floor":13,"turns":4},{"damage":0,"enemies":"3 Louse","floor":14,"turns":7},{"damage":50,"enemies":"The Guardian","floor":16,"turns":10},{"damage":28,"enemies":"3 Byrds","floor":18,"turns":8},{"damage":0,"enemies":"2 Thieves","floor":19,"turns":1}],"seed_played":"4930042150757134998","potions_obtained":[{"floor":1,"key":"Regen Potion"},{"floor":7,"key":"SpeedPotion"},{"floor":8,"key":"SteroidPotion"},{"floor":10,"key":"Strength Potion"},{"floor":13,"key":"Regen Potion"},{"floor":14,"key":"GhostInAJar"}],"is_trial":false,"path_per_floor":["M","M","?","$","M","E","M","M","T","M","$","R","E","M","R","B",null,"M","M"],"character_chosen":"THE_SILENT","items_purchased":["Poison Potion","Bouncing Flask","Footwork","Mango"],"campfire_rested":0,"item_purchase_floors":[4,11,11,11],"current_hp_per_floor":[70,70,70,70,70,64,64,62,62,61,75,75,64,81,81,33,84,70,70],"gold":187,"neow_bonus":"THREE_ENEMY_KILL","is_prod":false,"is_daily":false,"chose_seed":false,"campfire_upgraded":1,"win_rate":0,"timestamp":1557079577,"path_taken":["M","M","?","$","?","E","M","M","T","M","$","R","E","M","R","BOSS","M","M"],"build_version":"2019-01-23","purchased_purges":0,"victory":false,"max_hp_per_floor":[70,70,70,70,70,70,70,70,70,70,84,84,84,84,84,84,84,84,84],"card_choices":[{"not_picked":["Eviscerate","Distraction"],"picked":"Dodge and Roll","floor":1},{"not_picked":["Calculated Gamble","Caltrops"],"picked":"Flying Knee","floor":2},{"not_picked":["PiercingWail","Acrobatics"],"picked":"Backstab","floor":5},{"not_picked":["Tactician","Eviscerate"],"picked":"Deadly Poison","floor":6},{"not_picked":["Quick Slash","Prepared"],"picked":"Blur","floor":7},{"not_picked":["Finisher","Endless Agony"],"picked":"Bane","floor":8},{"not_picked":["Underhanded Strike","Blade Dance"],"picked":"Dagger Throw","floor":10},{"not_picked":["Bouncing Flask","Terror"],"picked":"Masterful Stab","floor":13},{"not_picked":["Doppelganger","Blade Dance"],"picked":"Bane","floor":14},{"not_picked":["A Thousand Cuts","Grand Finale"],"picked":"Night Terror","floor":16},{"not_picked":["Acrobatics+1","Deadly Poison"],"picked":"Dagger Spray+1","floor":18}],"player_experience":254144,"relics_obtained":[{"floor":3,"key":"Bag of Marbles"},{"floor":6,"key":"Old Coin"},{"floor":13,"key":"Bird Faced Urn"}],"event_choices":[{"damage_healed":0,"gold_gain":0,"player_choice":"Relic","damage_taken":0,"max_hp_gain":0,"max_hp_loss":0,"event_name":"Wheel of Change","floor":3,"gold_loss":0}],"is_beta":false,"boss_relics":[{"not_picked":["Fusion Hammer","White Beast Statue"],"picked":"HoveringKite"}],"items_purged_floors":[],"is_endless":false,"potions_floor_spawned":[1,7,8,10,13,14],"killed_by":"2 Thieves","ascension_level":1}