{"path_per_floor":["M","M","M","M","M","M","M","M","T","T","$","R","?","E","R","B",null,"M","?","M","?","M","E","R","M","T","?","E","$","M","?","R","B",null,"M","M","$","?","M","E","?"],"character_chosen":"IRONCLAD","items_purchased":["Purity","Burning Pact","Bottled Flame"],"gold_per_floor":[115,125,125,143,158,178,190,203,257,257,7,7,27,54,54,156,156,171,171,183,83,94,121,121,132,132,57,383,39,59,59,59,159,189,209,222,97,97,113,145,145],"floor_reached":42,"campfire_rested":1,"playtime":4515,"current_hp_per_floor":[72,78,80,80,80,76,80,80,80,80,80,80,63,61,61,32,80,79,79,74,74,72,49,49,36,36,36,30,30,27,27,51,8,85,70,68,68,68,46,23,13],"items_purged":["Defend_R","Defend_R","Strike_R"],"gold":145,"play_id":"8303257b-44fe-430d-a512-8f1a96b70d21","is_prod":false,"is_daily":false,"campfire_rituals":0,"campfire_upgraded":3,"is_hardmode":false,"path_taken":["M","M","M","M","M","M","M","?","T","?","$","R","?","E","R","BOSS","M","?","M","?","M","E","R","M","T","?","E","$","M","?","R","BOSS","M","M","$","?","M","E","?","M"],"build_version":"2018-01-11-PROD2","purchased_purges":3,"victory":false,"master_deck":["Strike_R","Bash","Perfected Strike","Clash","True Grit","Seeing Red","Wild Strike","Rampage","Purity","Burning Pact","Shockwave","Reaper","Uppercut","Reckless Charge","Clash","Anger","J.A.X.","Clash","Warcry","Double Tap","Warcry","Flex","Rampage","Seeing Red","Madness","Madness"],"max_hp_per_floor":[80,80,80,80,80,80,80,80,80,80,80,80,80,80,80,80,80,80,80,80,80,80,80,80,80,80,80,80,80,80,80,80,80,85,85,85,85,85,85,85,85],"relics":["Burning Blood","Orichalcum","Bird Faced Urn","Odd Mushroom","Dream Catcher","Astrolabe","Juzu Bracelet","Kunai","Matryoshka","Old Coin","Bottled Flame","Tiny House","Meat on the Bone"],"campfire_meditates":0,"card_choices":[{"not_picked":["Perfected Strike","Twin Strike"],"picked":"Clash"},{"not_picked":["Flex","Reaper"],"picked":"True Grit"},{"not_picked":["Blood for Blood","Whirlwind"],"picked":"Seeing Red"},{"not_picked":["Rage","Uppercut"],"picked":"Wild Strike"},{"not_picked":["Disarm","Power Through"],"picked":"Rampage"},{"not_picked":["Disarm","Twin Strike"],"picked":"Shockwave"},{"not_picked":["Brutality","Juggernaut"],"picked":"Reaper"},{"not_picked":["Twin Strike","Cleave"],"picked":"Anger"},{"not_picked":["Rupture","Warcry"],"picked":"Clash"},{"not_picked":["Body Slam","Clash"],"picked":"Warcry"},{"not_picked":["Limit Break","Brutality"],"picked":"Double Tap"},{"not_picked":["Pommel Strike","Wild Strike"],"picked":"Warcry"},{"not_picked":["Fire Breathing","Clash"],"picked":"Flex"},{"not_picked":["Wild Strike","Burning Pact"],"picked":"Rampage"}],"player_experience":19235,"potions_floor_usage":[16,22,23,28,28,36,39,40,40],"damage_taken":[{"damage":14.0,"enemies":"Blue Slaver","floor":1.0,"turns":3.0},{"damage":0.0,"enemies":"Cultist","floor":2.0,"turns":3.0},{"damage":0.0,"enemies":"Small Slimes","floor":3.0,"turns":3.0},{"damage":2.0,"enemies":"3 Louse","floor":4.0,"turns":3.0},{"damage":0.0,"enemies":"Exordium Wildlife","floor":5.0,"turns":3.0},{"damage":10.0,"enemies":"Looter","floor":6.0,"turns":3.0},{"damage":0.0,"enemies":"2 Fungi Beasts","floor":7.0,"turns":2.0},{"damage":0.0,"enemies":"Red Slaver","floor":8.0,"turns":1.0},{"damage":23.0,"enemies":"The Mushroom Lair","floor":13.0,"turns":5.0},{"damage":8.0,"enemies":"Gremlin Nob","floor":14.0,"turns":5.0},{"damage":44,"enemies":"The Guardian","floor":16,"turns":9},{"damage":7,"enemies":"Chosen","floor":18,"turns":4},{"damage":20,"enemies":"2 Thieves","floor":20,"turns":3},{"damage":8,"enemies":"3 Cultists","floor":22,"turns":5},{"damage":41,"enemies":"Slavers","floor":23,"turns":6},{"damage":19,"enemies":"Chosen and Byrds","floor":25,"turns":5},{"damage":36,"enemies":"Gremlin Leader","floor":28,"turns":5},{"damage":9,"enemies":"Snecko","floor":30,"turns":3},{"damage":67,"enemies":"Automaton","floor":33,"turns":8},{"damage":22,"enemies":"3 Shapes","floor":35,"turns":5},{"damage":8,"enemies":"Orb Walker","floor":36,"turns":3},{"damage":53,"enemies":"4 Shapes","floor":39,"turns":7},{"damage":37,"enemies":"2 Orb Walkers","floor":40,"turns":4},{"damage":23,"enemies":"Sphere and 2 Shapes","floor":42,"turns":3}],"event_choices":[{"event_name":"Mushrooms","player_choice":"Fought Mushrooms","floor":13.0,"damage_taken":0.0},{"event_name":"The Mausoleum","player_choice":"Yes","floor":19,"damage_taken":0},{"event_name":"Drug Dealer","player_choice":"Got JAXXED","floor":21,"damage_taken":0},{"event_name":"Beggar","player_choice":"Gave Gold","floor":27,"damage_taken":0},{"event_name":"Accursed Blacksmith","player_choice":"Forge","floor":31,"damage_taken":0},{"event_name":"Duplicator","player_choice":"One dupe","floor":38,"damage_taken":0},{"event_name":"Winding Halls","player_choice":"Embrace Madness","floor":41,"damage_taken":0}],"boss_relics":[{"not_picked":["Eternal Feather","Question Card"],"picked":"Astrolabe"},{"not_picked":["Black Star","Runic Pyramid"],"picked":"Tiny House"}],"potions_floor_spawned":[2,5,13,14,16,20,22,23,25,33,35,36,39],"seed_played":"-5575578938571662381","killed_by":"Sphere and 2 Shapes","is_trial":false}