{"gold_per_floor":[109,129,129,204,215,248,248,248,330,342,115,96,17,17,17,117,117,127,93,12,12,23,23,36,36,59,59,59],"floor_reached":28,"playtime":2278,"items_purged":["Strike_G"],"score":218,"play_id":"8d68289b-6b56-49ee-a120-3976b1a3964a","local_time":"20190407132330","is_ascension_mode":false,"campfire_choices":[{"data":"Cloak And Dagger","floor":7,"key":"SMITH"},{"floor":15,"key":"REST"},{"floor":23,"key":"REST"},{"floor":27,"key":"RECALL"}],"neow_cost":"NONE","seed_source_timestamp":1252299565718200,"circlet_count":0,"master_deck":["Defend_G+1","Defend_G","Defend_G","Defend_G","Strike_G","Strike_G","Survivor","Neutralize","Cloak And Dagger+1","Calculated Gamble","Blade Dance","Blur","Footwork","Accuracy","Burst","Caltrops","Tactician","Infinite Blades","Cloak And Dagger+1","Acrobatics"],"relics":["Ring of the Snake","NeowsBlessing","Regal Pillow","Pen Nib","Empty Cage","Nilry\u0027s Codex","Smiling Mask"],"potions_floor_usage":[6,16,16,18,22,24],"damage_taken":[{"damage":0,"enemies":"Cultist","floor":1,"turns":1},{"damage":0,"enemies":"Small Slimes","floor":2,"turns":1},{"damage":0,"enemies":"2 Louse","floor":5,"turns":1},{"damage":32,"enemies":"Gremlin Nob","floor":6,"turns":5},{"damage":10,"enemies":"Looter","floor":10,"turns":3},{"damage":0,"enemies":"Exordium Thugs","floor":12,"turns":4},{"damage":35,"enemies":"Slime Boss","floor":16,"turns":16},{"damage":11,"enemies":"Chosen","floor":18,"turns":7},{"damage":24,"enemies":"2 Thieves","floor":19,"turns":5},{"damage":26,"enemies":"Snecko","floor":22,"turns":9},{"damage":5,"enemies":"3 Cultists","floor":24,"turns":6},{"damage":31,"enemies":"Sentry and Sphere","floor":28,"turns":5}],"seed_played":"7638871682107565482","potions_obtained":[{"floor":2,"key":"AttackPotion"},{"floor":6,"key":"EssenceOfSteel"},{"floor":10,"key":"Fire Potion"},{"floor":12,"key":"Weak Potion"},{"floor":19,"key":"Fire Potion"},{"floor":22,"key":"GamblersBrew"}],"is_trial":false,"path_per_floor":["M","M","?","?","M","E","R","?","T","M","$","M","$","?","R","B",null,"M","M","$","?","M","R","M","?","T","R","M"],"character_chosen":"THE_SILENT","items_purchased":["Pen Nib","Accuracy","Infinite Blades"],"campfire_rested":2,"item_purchase_floors":[11,13,20],"current_hp_per_floor":[70,70,56,45,45,13,13,13,13,3,3,3,3,3,39,4,70,59,35,35,35,9,45,40,24,24,24,0],"gold":59,"neow_bonus":"THREE_ENEMY_KILL","is_prod":false,"is_daily":false,"chose_seed":false,"campfire_upgraded":1,"win_rate":0,"timestamp":1554614610,"path_taken":["M","M","?","?","M","E","R","?","T","M","$","M","?","?","R","BOSS","M","M","$","?","M","R","M","?","T","R","M"],"build_version":"2019-01-23","purchased_purges":1,"victory":false,"max_hp_per_floor":[70,70,70,70,70,70,70,70,70,70,70,70,70,70,70,70,70,70,70,70,70,70,70,70,70,70,70,70],"card_choices":[{"not_picked":["Deflect","Dodge and Roll"],"picked":"Cloak And Dagger","floor":1},{"not_picked":["Dagger Spray","Deadly Poison"],"picked":"Calculated Gamble","floor":2},{"not_picked":["Expertise","Bouncing Flask"],"picked":"Blade Dance","floor":5},{"not_picked":["Outmaneuver","PiercingWail","Bouncing Flask"],"picked":"SKIP","floor":6},{"not_picked":["Dagger Spray","Well Laid Plans"],"picked":"Blur","floor":10},{"not_picked":["PiercingWail","Concentrate"],"picked":"Footwork","floor":12},{"not_picked":["Bullet Time","Doppelganger"],"picked":"Burst","floor":16},{"not_picked":["Catalyst","Backflip"],"picked":"Caltrops","floor":18},{"not_picked":["Sucker Punch","Prepared"],"picked":"Tactician","floor":19},{"not_picked":["Acrobatics","Prepared+1"],"picked":"Cloak And Dagger+1","floor":22},{"not_picked":["Dagger Throw","Bane+1"],"picked":"Acrobatics","floor":24}],"player_experience":456841,"relics_obtained":[{"floor":6,"key":"Regal Pillow"},{"floor":25,"key":"Nilry\u0027s Codex"},{"floor":26,"key":"Smiling Mask"}],"event_choices":[{"damage_healed":0,"gold_gain":0,"player_choice":"Entered Light","damage_taken":14,"max_hp_gain":0,"max_hp_loss":0,"event_name":"Shining Light","floor":3,"gold_loss":0,"cards_upgraded":["Defend_G","Defend_G"]},{"damage_healed":0,"gold_gain":75,"player_choice":"Gather Gold","damage_taken":11,"max_hp_gain":0,"max_hp_loss":0,"event_name":"World of Goop","floor":4,"gold_loss":0},{"cards_removed":["Strike_G"],"damage_healed":0,"gold_gain":0,"player_choice":"Forget","damage_taken":0,"max_hp_gain":0,"max_hp_loss":0,"event_name":"Living Wall","floor":8,"gold_loss":0},{"damage_healed":0,"gold_gain":0,"player_choice":"Ignored","damage_taken":0,"max_hp_gain":0,"max_hp_loss":0,"event_name":"Liars Game","floor":14,"gold_loss":0},{"damage_healed":0,"gold_gain":0,"player_choice":"Ignored","damage_taken":0,"max_hp_gain":0,"max_hp_loss":0,"event_name":"Ghosts","floor":21,"gold_loss":0},{"damage_healed":0,"gold_gain":0,"player_choice":"Obtained Book","damage_taken":16,"max_hp_gain":0,"max_hp_loss":0,"event_name":"Cursed Tome","floor":25,"gold_loss":0}],"is_beta":false,"boss_relics":[{"not_picked":["Runic Dome","White Beast Statue"],"picked":"Empty Cage"}],"items_purged_floors":[11],"is_endless":false,"potions_floor_spawned":[2,6,10,12,19,22],"killed_by":"Sentry and Sphere","ascension_level":0}