{"path_per_floor":["M","?","M","T","?","R","M","M","T","R","M","M","E","M","R","B",null,"M","?","$","M","M","E","R","E","T","M","T","?","M","M","R","B",null,"M","?","?","M","?","R","M","$","T","E","R","E","M","?","R","B"],"character_chosen":"IRONCLAD","items_purchased":["Mercury Hourglass","Flex"],"gold_per_floor":[113,113,137,163,163,163,177,196,196,196,219,240,284,305,305,395,395,395,310,38,38,38,38,38,38,38,38,38,38,38,38,38,38,38,38,38,38,38,38,38,38,38,38,38,38,38,38,38,38,38],"floor_reached":51,"campfire_rested":4,"playtime":1949,"current_hp_per_floor":[43,43,43,43,36,36,35,37,37,37,40,34,32,34,65,47,94,89,89,89,87,75,44,79,62,62,68,68,58,62,62,62,66,66,66,68,68,70,70,70,70,70,70,25,47,38,29,29,51,14],"items_purged":[],"gold":38,"score":1298,"play_id":"90cc09d1-11f3-4470-a0d7-bdca541e5e97","local_time":"20180423210616","is_prod":false,"is_daily":false,"chose_seed":false,"is_ascension_mode":true,"campfire_upgraded":4,"timestamp":1524531976,"path_taken":["M","?","M","?","?","R","M","M","T","R","M","?","E","M","R","BOSS","M","?","$","M","M","E","R","E","T","M","?","?","?","M","R","BOSS","M","?","?","M","?","R","M","?","T","E","R","E","?","?","R","BOSS"],"build_version":"2018-04-19","seed_source_timestamp":0,"purchased_purges":0,"victory":true,"master_deck":["Strike_R","Strike_R+1","Strike_R","Strike_R","Strike_R+1","Defend_R","Defend_R","Defend_R","Bash","AscendersBane","Feed+1","Dual Wield","Inflame+1","Spot Weakness","Thunderclap","Shockwave","Battle Trance","Heavy Blade","Immolate+1","Cleave+1","Flex","Impervious","Battle Trance","Ghostly","Ghostly","Ghostly","Ghostly","Ghostly","Brutality","Pommel Strike+1","Immolate+1","Whirlwind+1","Shockwave+1","Evolve+1"],"max_hp_per_floor":[78,78,81,81,81,81,89,93,93,93,97,101,101,105,105,109,109,109,109,109,113,113,117,117,117,117,117,117,58,62,62,62,66,66,66,70,70,70,70,70,70,70,70,74,74,74,74,74,74,74],"relics":["Burning Blood","Whetstone","Bottled Tornado","Gambling Chip","Ectoplasm","Red Skull","Mercury Hourglass","Dodecahedron","Self Forming Clay","Dream Catcher","Ancient Tea Set","Lizard Tail","Ginger","Vajra","Thread and Needle","Kunai"],"card_choices":[{"not_picked":["Demon Form","Limit Break"],"picked":"Feed","floor":0.0},{"not_picked":["Infernal Blade","Armaments"],"picked":"Dual Wield","floor":1.0},{"not_picked":["Perfected Strike","Battle Trance"],"picked":"Inflame","floor":3.0},{"not_picked":["Metallicize","Flame Barrier"],"picked":"Spot Weakness","floor":7.0},{"not_picked":["Flame Barrier","Wild Strike"],"picked":"Thunderclap","floor":8.0},{"not_picked":["Bloodletting","Headbutt"],"picked":"Shockwave","floor":11.0},{"not_picked":["Metallicize","Disarm"],"picked":"Battle Trance","floor":12.0},{"not_picked":["Sword Boomerang","Body Slam"],"picked":"Heavy Blade","floor":14.0},{"not_picked":["Reaper","Limit Break"],"picked":"Immolate","floor":16.0},{"not_picked":["Sever Soul","Clothesline"],"picked":"Cleave","floor":18.0},{"not_picked":["True Grit","Uppercut"],"picked":"Impervious","floor":25.0},{"not_picked":["Thunderclap","Wild Strike"],"picked":"Battle Trance","floor":27.0},{"not_picked":["Barricade","Berserk"],"picked":"Brutality","floor":33.0},{"not_picked":["Sword Boomerang","Flame Barrier"],"picked":"Pommel Strike","floor":36.0},{"not_picked":["Spot Weakness","Anger"],"picked":"Whirlwind","floor":38.0},{"not_picked":["Heavy Blade","Twin Strike"],"picked":"Shockwave","floor":46},{"not_picked":["Pommel Strike","Barricade"],"picked":"Evolve","floor":49}],"player_experience":436179,"potions_floor_usage":[44,44,47,50],"damage_taken":[{"damage":0.0,"enemies":"2 Louse","floor":1.0,"turns":3.0},{"damage":9.0,"enemies":"Jaw Worm","floor":3.0,"turns":4.0},{"damage":15.0,"enemies":"Small Slimes","floor":7.0,"turns":5.0},{"damage":14.0,"enemies":"Red Slaver","floor":8.0,"turns":3.0},{"damage":7.0,"enemies":"2 Fungi Beasts","floor":11.0,"turns":3.0},{"damage":16.0,"enemies":"Lots of Slimes","floor":12.0,"turns":4.0},{"damage":8.0,"enemies":"Gremlin Nob","floor":13.0,"turns":3.0},{"damage":8.0,"enemies":"Looter","floor":14.0,"turns":2.0},{"damage":28.0,"enemies":"Slime Boss","floor":16.0,"turns":8.0},{"damage":11.0,"enemies":"Spheric Guardian","floor":18.0,"turns":3.0},{"damage":12.0,"enemies":"Chosen","floor":21.0,"turns":3.0},{"damage":18.0,"enemies":"Snecko","floor":22.0,"turns":4.0},{"damage":41.0,"enemies":"Slavers","floor":23.0,"turns":3.0},{"damage":23.0,"enemies":"Book of Stabbing","floor":25.0,"turns":3.0},{"damage":0.0,"enemies":"Snake Plant","floor":27.0,"turns":3.0},{"damage":6.0,"enemies":"Centurion and Healer","floor":30.0,"turns":4.0},{"damage":0.0,"enemies":"3 Cultists","floor":31.0,"turns":2.0},{"damage":6.0,"enemies":"Automaton","floor":33.0,"turns":8.0},{"damage":2.0,"enemies":"3 Darklings","floor":35.0,"turns":2.0},{"damage":8.0,"enemies":"Mysterious Sphere","floor":36.0,"turns":4.0},{"damage":0.0,"enemies":"3 Shapes","floor":38.0,"turns":1.0},{"damage":0.0,"enemies":"3 Darklings","floor":41.0,"turns":1.0},{"damage":55,"enemies":"Giant Head","floor":44,"turns":8},{"damage":15,"enemies":"2 Orb Walkers","floor":46,"turns":2},{"damage":15,"enemies":"Maw","floor":47,"turns":6},{"damage":43,"enemies":"Donu and Deca","floor":50,"turns":7}],"event_choices":[{"event_name":"Golden Idol","player_choice":"Take Wound","floor":2.0,"damage_taken":0.0},{"event_name":"Golden Wing","player_choice":"Card Removal","floor":5.0,"damage_taken":0.0},{"event_name":"Addict","player_choice":"Obtained Relic","floor":19.0,"damage_taken":0.0},{"event_name":"Ghosts","player_choice":"Became a Ghost","floor":29.0,"damage_taken":0.0},{"event_name":"Mysterious Sphere","player_choice":"Fight","floor":36.0,"damage_taken":0.0},{"event_name":"Duplicator","player_choice":"One dupe","floor":37.0,"damage_taken":0.0},{"event_name":"The Moai Head","player_choice":"Gave Idol","floor":39.0,"damage_taken":0.0}],"boss_relics":[],"potions_floor_spawned":[1,3,16,22,23,25,27,33,35,36,38,46],"seed_played":"-4370401496319146932","ascension_level":15,"is_trial":false}