{"gold_per_floor":[117,128,138,138,158,158,120,138,192,267,279,311,1,1,1,1],"floor_reached":16,"playtime":892,"items_purged":[],"score":102,"play_id":"6b13984b-8c37-467f-9fab-130800fc6aa1","local_time":"20190418144937","is_ascension_mode":false,"campfire_choices":[{"data":"Sucker Punch","floor":6.0,"key":"SMITH"},{"floor":15,"key":"REST"}],"neow_cost":"NONE","seed_source_timestamp":0,"circlet_count":0,"master_deck":["Defend_G","Defend_G","Defend_G","Defend_G","Defend_G","Strike_G","Strike_G","Strike_G","Strike_G","Strike_G","Survivor","Neutralize","Bane","Backflip","Blur","Blade Dance","Sucker Punch+1","Caltrops","Dagger Spray","Quick Slash","Backstab","Footwork+1"],"special_seed":0,"relics":["Ring of the Snake","Omamori","Dodecahedron","Bottled Lightning","Shuriken"],"potions_floor_usage":[12,16],"damage_taken":[{"damage":3.0,"enemies":"Small Slimes","floor":1.0,"turns":3.0},{"damage":1.0,"enemies":"Jaw Worm","floor":2.0,"turns":6.0},{"damage":0.0,"enemies":"2 Louse","floor":3.0,"turns":4.0},{"damage":6.0,"enemies":"Large Slime","floor":5.0,"turns":10.0},{"damage":10,"enemies":"Looter","floor":8,"turns":4},{"damage":22,"enemies":"Gremlin Gang","floor":11,"turns":4},{"damage":24,"enemies":"3 Sentries","floor":12,"turns":7},{"damage":32,"enemies":"Slime Boss","floor":16,"turns":11}],"seed_played":"4126569313529849393","potions_obtained":[{"floor":1.0,"key":"Dexterity Potion"},{"floor":12,"key":"Ancient Potion"}],"is_trial":false,"path_per_floor":["M","M","M","?","M","R","$","M","T","T","M","E","$","?","R","B"],"character_chosen":"THE_SILENT","items_purchased":["Caltrops","Footwork","Shuriken"],"campfire_rested":1,"item_purchase_floors":[7,13,13],"current_hp_per_floor":[67,66,66,66,60,60,60,50,50,50,28,4,4,4,25,0],"gold":1,"neow_bonus":"THREE_CARDS","is_prod":false,"is_daily":false,"chose_seed":false,"campfire_upgraded":1,"win_rate":0.0,"timestamp":1555616977,"path_taken":["M","M","M","?","M","R","$","M","T","?","M","E","$","?","R","BOSS"],"build_version":"2019-01-23","purchased_purges":0,"victory":false,"max_hp_per_floor":[70,70,70,70,70,70,70,70,70,70,70,70,70,70,70,70],"card_choices":[{"not_picked":["Heel Hook","Underhanded Strike"],"picked":"Bane","floor":0.0},{"not_picked":["Calculated Gamble","Predator"],"picked":"Backflip","floor":1.0},{"not_picked":["Bane","Dodge and Roll"],"picked":"Blur","floor":2.0},{"not_picked":["PiercingWail","Dagger Throw"],"picked":"Blade Dance","floor":3.0},{"not_picked":["Deflect","PiercingWail"],"picked":"Sucker Punch","floor":5.0},{"not_picked":["Blade Dance","Prepared"],"picked":"Dagger Spray","floor":8},{"not_picked":["Underhanded Strike","Flechettes"],"picked":"Quick Slash","floor":11},{"not_picked":["Sucker Punch","Unload"],"picked":"Backstab","floor":12}],"player_experience":111410,"relics_obtained":[{"floor":9,"key":"Omamori"},{"floor":10,"key":"Dodecahedron"},{"floor":12,"key":"Bottled Lightning"}],"event_choices":[{"damage_healed":0.0,"max_hp_gain":0.0,"max_hp_loss":0.0,"gold_gain":0.0,"event_name":"Golden Wing","player_choice":"Ignored","floor":4.0,"gold_loss":0.0,"damage_taken":0.0},{"damage_healed":0,"gold_gain":0,"player_choice":"Grow","damage_taken":0,"max_hp_gain":0,"max_hp_loss":0,"event_name":"Living Wall","floor":14,"gold_loss":0,"cards_upgraded":["Footwork"]}],"is_beta":false,"boss_relics":[],"items_purged_floors":[],"is_endless":false,"potions_floor_spawned":[1,12],"killed_by":"Slime Boss","ascension_level":0}