{"gold_per_floor":[110,125,125,144,69,69,89,122,169,169,179,179,205,222,222,301,301,311,328,339,108,126,161,173,173,196,196],"floor_reached":27,"playtime":994,"items_purged":["Strike_R","Strike_R"],"score":445,"play_id":"59d0ff0a-c519-4f3a-927e-692250603a4c","local_time":"20190506221828","is_ascension_mode":true,"campfire_choices":[{"data":"Spot Weakness","floor":6.0,"key":"SMITH"},{"data":"Sword Boomerang","floor":10.0,"key":"SMITH"},{"data":"Demon Form","floor":15.0,"key":"SMITH"},{"floor":25.0,"key":"REST"}],"neow_cost":"TEN_PERCENT_HP_LOSS","seed_source_timestamp":133157556223800,"circlet_count":0,"master_deck":["AscendersBane","Strike_R","Strike_R","Defend_R","Defend_R+1","Defend_R","Bash","Spot Weakness+1","Pummel","Disarm","Sword Boomerang+1","Iron Wave","Demon Form+1","Battle Trance","Feed","Whirlwind","Enlightenment+1"],"special_seed":0,"relics":["Burning Blood","Shuriken","Oddly Smooth Stone","Singing Bowl","Omamori","Snecko Eye","Pantograph","War Paint"],"potions_floor_usage":[27],"damage_taken":[{"damage":1.0,"enemies":"Cultist","floor":1.0,"turns":4.0},{"damage":7.0,"enemies":"Jaw Worm","floor":2.0,"turns":3.0},{"damage":13.0,"enemies":"Small Slimes","floor":4.0,"turns":3.0},{"damage":19.0,"enemies":"Exordium Wildlife","floor":7.0,"turns":5.0},{"damage":8.0,"enemies":"Gremlin Nob","floor":8.0,"turns":3.0},{"damage":2.0,"enemies":"3 Louse","floor":11.0,"turns":3.0},{"damage":20.0,"enemies":"Lagavulin","floor":13.0,"turns":5.0},{"damage":0.0,"enemies":"Gremlin Gang","floor":14.0,"turns":2.0},{"damage":16.0,"enemies":"Hexaghost","floor":16.0,"turns":6.0},{"damage":14.0,"enemies":"Spheric Guardian","floor":18.0,"turns":4.0},{"damage":6.0,"enemies":"Shell Parasite","floor":19.0,"turns":2.0},{"damage":26.0,"enemies":"Centurion and Healer","floor":20.0,"turns":6.0},{"damage":14.0,"enemies":"Snake Plant","floor":22.0,"turns":3.0},{"damage":29.0,"enemies":"Book of Stabbing","floor":23.0,"turns":4.0},{"damage":6.0,"enemies":"Cultist and Chosen","floor":24.0,"turns":4.0},{"damage":54,"enemies":"Slavers","floor":27,"turns":3}],"seed_played":"-7286349618822686494","potions_obtained":[{"floor":2.0,"key":"Explosive Potion"},{"floor":7.0,"key":"Swift Potion"},{"floor":13.0,"key":"EssenceOfSteel"},{"floor":16.0,"key":"PowerPotion"},{"floor":18.0,"key":"AttackPotion"},{"floor":22.0,"key":"Block Potion"},{"floor":24.0,"key":"Weak Potion"}],"is_trial":false,"path_per_floor":["M","M","?","M","$","R","M","E","T","R","M","T","E","M","R","B",null,"M","M","M","$","M","E","M","R","T","E"],"character_chosen":"IRONCLAD","items_purchased":["Whirlwind","Enlightenment"],"campfire_rested":1,"item_purchase_floors":[21,21],"current_hp_per_floor":[68,67,67,60,60,60,47,45,45,45,49,49,35,43,43,33,61,58,60,45,45,39,18,20,46,46,0],"gold":196,"neow_bonus":"REMOVE_TWO","is_prod":false,"is_daily":false,"chose_seed":false,"campfire_upgraded":3,"win_rate":0,"timestamp":1557152308,"path_taken":["M","?","?","M","?","R","M","E","T","R","?","?","E","?","R","BOSS","M","M","M","$","M","E","M","R","T","E"],"build_version":"2019-01-23","purchased_purges":2,"victory":false,"max_hp_per_floor":[68,68,68,68,68,68,68,68,68,68,68,68,68,70,70,70,70,75,77,82,82,84,86,88,88,88,88],"card_choices":[{"not_picked":["Warcry","Havoc"],"picked":"Spot Weakness","floor":1.0},{"not_picked":["Armaments","Sentinel"],"picked":"Pummel","floor":2.0},{"not_picked":["Clothesline","Feel No Pain"],"picked":"Sword Boomerang","floor":4.0},{"not_picked":["Thunderclap","Bloodletting"],"picked":"Iron Wave","floor":7.0},{"not_picked":["Headbutt","Thunderclap","Dual Wield"],"picked":"SKIP","floor":8.0},{"not_picked":["Havoc","Wild Strike"],"picked":"Demon Form","floor":11.0},{"not_picked":["Fiend Fire","Reckless Charge"],"picked":"Battle Trance","floor":13.0},{"not_picked":["Body Slam","Heavy Blade","Perfected Strike"],"picked":"Singing Bowl","floor":14.0},{"not_picked":["Berserk","Immolate"],"picked":"Feed","floor":16.0},{"not_picked":["Headbutt","Thunderclap","Heavy Blade"],"picked":"Singing Bowl","floor":18.0},{"not_picked":["Rampage","Entrench","Twin Strike"],"picked":"Singing Bowl","floor":19.0},{"not_picked":["Entrench","True Grit","Headbutt"],"picked":"Singing Bowl","floor":20.0},{"not_picked":["Sword Boomerang","Spot Weakness","Dark Embrace"],"picked":"Singing Bowl","floor":22.0},{"not_picked":["Cleave","Dropkick","Evolve"],"picked":"Singing Bowl","floor":23.0},{"not_picked":["Corruption","Sword Boomerang","Combust"],"picked":"Singing Bowl","floor":24.0}],"player_experience":575274,"relics_obtained":[{"floor":8.0,"key":"Shuriken"},{"floor":9.0,"key":"Oddly Smooth Stone"},{"floor":12.0,"key":"Singing Bowl"},{"floor":13.0,"key":"Omamori"},{"floor":23.0,"key":"Pantograph"},{"floor":26.0,"key":"War Paint"}],"event_choices":[{"damage_healed":0.0,"max_hp_gain":0.0,"max_hp_loss":0.0,"gold_gain":0.0,"event_name":"Match and Keep!","player_choice":"1 cards matched","floor":3.0,"gold_loss":0.0,"damage_taken":0.0,"cards_obtained":["Disarm"]}],"is_beta":false,"boss_relics":[{"not_picked":["White Beast Statue","Tiny House"],"picked":"Snecko Eye"}],"items_purged_floors":[5,21],"is_endless":false,"potions_floor_spawned":[2,7,13,16,18,22,24],"killed_by":"Slavers","ascension_level":16}