{"gold_per_floor":[116,116,131,58,58,93,112,112,191,161,176,176,176,199,199,319,319,343,160,160,160,229,229,268,268,268,291,291,310,310,69,69,69],"floor_reached":33,"playtime":1571,"items_purged":[],"score":299,"play_id":"0a75a4c5-5b1a-40bc-95b5-ef00695c14e1","local_time":"20190503194731","is_ascension_mode":true,"campfire_choices":[{"floor":8,"key":"REST"},{"floor":15,"key":"REST"},{"data":"Noxious Fumes","floor":23,"key":"SMITH"},{"floor":25,"key":"REST"},{"floor":28,"key":"REST"},{"floor":32,"key":"REST"}],"neow_cost":"NONE","seed_source_timestamp":1988783167192500,"circlet_count":0,"master_deck":["Defend_G","Defend_G","Defend_G","Defend_G","Defend_G","Survivor","Neutralize","Flying Knee","Footwork","Dodge and Roll","Noxious Fumes+1","Flying Knee","Dagger Spray","Footwork","Necronomicurse","Bite","Bite","Bite","Bite","Bite","Quick Slash+1","Quick Slash","RitualDagger","Flying Knee"],"relics":["Busted Crown","Golden Idol","Ancient Tea Set","Ornamental Fan","Bottled Lightning","Empty Cage","Dream Catcher","Necronomicon","Paper Crane","Pen Nib","Vajra","Bottled Flame"],"potions_floor_usage":[16,16,18,29],"damage_taken":[{"damage":0,"enemies":"2 Louse","floor":1,"turns":3},{"damage":5,"enemies":"Jaw Worm","floor":3,"turns":4},{"damage":48,"enemies":"Gremlin Nob","floor":6,"turns":6},{"damage":0,"enemies":"Cultist","floor":7,"turns":4},{"damage":0,"enemies":"Looter","floor":10,"turns":4},{"damage":0,"enemies":"Blue Slaver","floor":11,"turns":4},{"damage":4,"enemies":"3 Louse","floor":14,"turns":4},{"damage":21,"enemies":"The Guardian","floor":16,"turns":13},{"damage":1,"enemies":"3 Byrds","floor":18,"turns":4},{"damage":54,"enemies":"Book of Stabbing","floor":24,"turns":9},{"damage":19,"enemies":"Chosen","floor":27,"turns":5},{"damage":0,"enemies":"Snake Plant","floor":29,"turns":4},{"damage":66,"enemies":"Collector","floor":33,"turns":6}],"seed_played":"-2444156040943307587","potions_obtained":[{"floor":3,"key":"Ancient Potion"},{"floor":11,"key":"Explosive Potion"},{"floor":14,"key":"GhostInAJar"},{"floor":24,"key":"Weak Potion"}],"is_trial":false,"path_per_floor":["M","?","M","$","?","E","M","R","T","M","M","?","T","M","R","B",null,"M","$","?","?","T","R","E","R","T","M","R","M","?","$","R","B"],"character_chosen":"THE_SILENT","items_purchased":["Footwork","Dream Catcher","Footwork","Bottled Flame"],"campfire_rested":5,"item_purchase_floors":[4,19,19,31],"current_hp_per_floor":[70,70,65,65,65,17,17,38,38,38,38,38,38,34,55,34,70,69,69,53,49,49,49,12,26,26,15,29,39,33,33,47,0],"gold":69,"neow_bonus":"BOSS_RELIC","is_prod":false,"is_daily":false,"chose_seed":false,"campfire_upgraded":1,"win_rate":0,"timestamp":1556927251,"path_taken":["M","?","M","$","?","E","?","R","T","M","M","?","?","M","R","BOSS","M","$","?","?","?","R","E","R","T","M","R","M","?","$","R","BOSS"],"build_version":"2019-01-23","purchased_purges":0,"victory":false,"max_hp_per_floor":[70,70,70,70,70,70,70,70,70,70,70,70,70,70,70,70,70,70,70,70,49,49,49,49,49,49,49,49,49,49,49,49,49],"card_choices":[{"not_picked":[],"picked":"Flying Knee","floor":1},{"not_picked":["Accuracy"],"picked":"SKIP","floor":3},{"not_picked":["Deflect"],"picked":"SKIP","floor":6},{"not_picked":[],"picked":"Dodge and Roll","floor":7},{"not_picked":[],"picked":"Noxious Fumes","floor":10},{"not_picked":[],"picked":"Flying Knee","floor":11},{"not_picked":[],"picked":"Dagger Spray","floor":14},{"not_picked":["Deflect"],"picked":"SKIP","floor":18},{"not_picked":[],"picked":"Quick Slash+1","floor":24},{"not_picked":[],"picked":"Quick Slash","floor":25},{"not_picked":["Dagger Throw"],"picked":"SKIP","floor":27},{"not_picked":["Heel Hook"],"picked":"SKIP","floor":29},{"not_picked":[],"picked":"Flying Knee","floor":32}],"player_experience":84598,"relics_obtained":[{"floor":6,"key":"Ancient Tea Set"},{"floor":9,"key":"Ornamental Fan"},{"floor":13,"key":"Bottled Lightning"},{"floor":20,"key":"Necronomicon"},{"floor":22,"key":"Paper Crane"},{"floor":24,"key":"Pen Nib"},{"floor":26,"key":"Vajra"}],"event_choices":[{"damage_healed":0,"gold_gain":0,"player_choice":"Take Wound","damage_taken":0,"relics_obtained":["Golden Idol"],"max_hp_gain":0,"max_hp_loss":0,"event_name":"Golden Idol","floor":2,"gold_loss":0,"cards_obtained":["Injury"]},{"damage_healed":0,"gold_gain":0,"cards_transformed":["Injury"],"player_choice":"Transformed","damage_taken":0,"max_hp_gain":0,"max_hp_loss":0,"event_name":"Transmorgrifier","floor":5,"gold_loss":0,"cards_obtained":["Regret"]},{"damage_healed":0,"gold_gain":0,"player_choice":"Ignored","damage_taken":0,"max_hp_gain":0,"max_hp_loss":0,"event_name":"Shining Light","floor":12,"gold_loss":0},{"damage_healed":0,"gold_gain":0,"player_choice":"Obtained Book","damage_taken":16,"max_hp_gain":0,"max_hp_loss":0,"event_name":"Cursed Tome","floor":20,"gold_loss":0},{"damage_healed":0,"gold_gain":0,"player_choice":"Became a vampire","damage_taken":0,"max_hp_gain":0,"max_hp_loss":21,"event_name":"Vampires","floor":21,"gold_loss":0,"cards_obtained":["Bite","Bite","Bite","Bite","Bite"]},{"damage_healed":0,"gold_gain":0,"player_choice":"Joined the Cult","damage_taken":6,"max_hp_gain":0,"max_hp_loss":0,"event_name":"Nest","floor":30,"gold_loss":0,"cards_obtained":["RitualDagger"]}],"is_beta":false,"boss_relics":[{"not_picked":["Black Star","HoveringKite"],"picked":"Empty Cage"}],"items_purged_floors":[],"is_endless":false,"potions_floor_spawned":[3,11,14,24],"killed_by":"Collector","ascension_level":1}