{"gold_per_floor":[115,40,215,232,232,232,262,274,286,315,327,339,378,390,402,414],"floor_reached":16,"playtime":649,"items_purged":["Normality"],"score":133,"play_id":"7afdc82f-6ccd-4cb2-ac53-4b69dc14e85e","local_time":"20190319225712","is_ascension_mode":true,"campfire_choices":[{"data":"Choke","floor":6,"key":"SMITH"},{"data":"Storm of Steel","floor":8,"key":"SMITH"},{"floor":11,"key":"REST"},{"floor":15,"key":"REST"}],"neow_cost":"CURSE","seed_source_timestamp":569429734895374,"circlet_count":0,"master_deck":["Defend_G","Defend_G","Defend_G","Defend_G","Defend_G","Strike_G","Strike_G","Strike_G","Strike_G","Strike_G","Survivor","Neutralize","Unload","Choke+1","Doubt","Cloak And Dagger","Well Laid Plans","Storm of Steel+1","Underhanded Strike","Blade Dance","Choke"],"relics":["Ring of the Snake","MawBank","Turnip","Girya"],"potions_floor_usage":[7,13],"damage_taken":[{"damage":0,"enemies":"Cultist","floor":1,"turns":4},{"damage":2,"enemies":"2 Louse","floor":4,"turns":3},{"damage":22,"enemies":"Lagavulin","floor":7,"turns":8},{"damage":0,"enemies":"Small Slimes","floor":10,"turns":2},{"damage":23,"enemies":"3 Sentries","floor":13,"turns":7},{"damage":52,"enemies":"Slime Boss","floor":16,"turns":8}],"seed_played":"-528121262031583716","potions_obtained":[{"floor":1,"key":"PowerPotion"},{"floor":7,"key":"PowerPotion"}],"is_trial":false,"path_per_floor":["M","$","?","M","?","R","E","R","T","M","R","$","E","?","R","B"],"character_chosen":"THE_SILENT","items_purchased":[],"campfire_rested":2,"item_purchase_floors":[],"current_hp_per_floor":[70,70,70,68,68,68,46,46,46,46,67,67,44,26,47,0],"gold":414,"neow_bonus":"THREE_RARE_CARDS","is_prod":false,"is_daily":false,"chose_seed":false,"campfire_upgraded":2,"win_rate":0,"timestamp":1553061432,"path_taken":["M","$","?","M","?","R","E","R","T","?","R","?","E","?","R","BOSS"],"build_version":"2019-01-23","purchased_purges":1,"victory":false,"max_hp_per_floor":[70,70,70,70,70,70,70,70,70,70,70,70,70,70,70,70],"card_choices":[{"not_picked":["Storm of Steel","Wraith Form v2"],"picked":"Unload","floor":0},{"not_picked":["Cloak And Dagger","Escape Plan"],"picked":"Choke","floor":1},{"not_picked":["Outmaneuver","Quick Slash"],"picked":"Cloak And Dagger","floor":4},{"not_picked":["Riddle With Holes","Eviscerate"],"picked":"Underhanded Strike","floor":7},{"not_picked":["Slice","Deflect"],"picked":"Blade Dance","floor":10},{"not_picked":["Flechettes","Endless Agony"],"picked":"Choke","floor":13}],"player_experience":346412,"relics_obtained":[{"floor":7,"key":"MawBank"},{"floor":13,"key":"Turnip"}],"event_choices":[{"damage_healed":0,"gold_gain":175,"player_choice":"AGREE","damage_taken":0,"max_hp_gain":0,"max_hp_loss":0,"event_name":"Liars Game","floor":3,"gold_loss":0,"cards_obtained":["Doubt"]},{"damage_healed":0,"gold_gain":0,"player_choice":"2 cards matched","damage_taken":0,"max_hp_gain":0,"max_hp_loss":0,"event_name":"Match and Keep!","floor":5,"gold_loss":0,"cards_obtained":["Well Laid Plans","Storm of Steel"]},{"damage_healed":0,"gold_gain":0,"player_choice":"Success","damage_taken":18,"relics_obtained":["Girya"],"max_hp_gain":0,"max_hp_loss":0,"event_name":"Scrap Ooze","floor":14,"gold_loss":0}],"is_beta":false,"boss_relics":[],"items_purged_floors":[2],"is_endless":false,"potions_floor_spawned":[1,7],"killed_by":"Slime Boss","ascension_level":5}