{"gold_per_floor":[109,125,50,60,60,60,92,92,92,105,58,58,69,82,82,185,185,203,203,2,13,13,13,13,13,13,13],"floor_reached":27,"playtime":908,"items_purged":["Strike_R"],"score":231,"play_id":"64c0bf94-76af-456e-b814-ed70c806981e","local_time":"20190228190748","is_ascension_mode":false,"campfire_choices":[{"data":"Heavy Blade","floor":6.0,"key":"SMITH"},{"floor":8.0,"key":"REST"},{"data":"Twin Strike","floor":15,"key":"SMITH"},{"data":"Cleave","floor":24,"key":"SMITH"}],"neow_cost":"NONE","seed_source_timestamp":0,"circlet_count":0,"master_deck":["Strike_R","Strike_R+1","Strike_R","Strike_R","Defend_R","Defend_R","Defend_R","Defend_R","Bash+1","Twin Strike+1","Heavy Blade+1","Cleave+1","Warcry+1","Armaments+1","Twin Strike+1","Havoc+1"],"special_seed":0,"relics":["Burning Blood","Omamori","Kunai","Toxic Egg 2","Orrery","DollysMirror","Pantograph","Molten Egg 2"],"potions_floor_usage":[16,16,16,21,23],"damage_taken":[{"damage":13.0,"enemies":"Jaw Worm","floor":1.0,"turns":3.0},{"damage":5.0,"enemies":"Small Slimes","floor":2.0,"turns":3.0},{"damage":6.0,"enemies":"Cultist","floor":4.0,"turns":3.0},{"damage":36.0,"enemies":"Lagavulin","floor":7.0,"turns":6.0},{"damage":8.0,"enemies":"Red Slaver","floor":10.0,"turns":3.0},{"damage":18,"enemies":"Large Slime","floor":13,"turns":6},{"damage":1,"enemies":"Exordium Wildlife","floor":14,"turns":3},{"damage":36,"enemies":"Hexaghost","floor":16,"turns":9},{"damage":28,"enemies":"2 Thieves","floor":18,"turns":5},{"damage":15,"enemies":"3 Byrds","floor":21,"turns":5},{"damage":0,"enemies":"Book of Stabbing","floor":23,"turns":1},{"damage":27,"enemies":"Centurion and Healer","floor":27,"turns":5}],"seed_played":"1389414432367171524","potions_obtained":[{"floor":7.0,"key":"SteroidPotion"},{"floor":10.0,"key":"Block Potion"},{"floor":13,"key":"SteroidPotion"},{"floor":16,"key":"FairyPotion"},{"floor":19,"key":"Energy Potion"},{"floor":19,"key":"SmokeBomb"},{"floor":21,"key":"SpeedPotion"}],"is_trial":false,"path_per_floor":["M","M","$","M","?","R","E","R","T","M","?","?","M","M","R","B",null,"M","?","$","M","?","E","R","T","T","M"],"character_chosen":"IRONCLAD","items_purchased":["DollysMirror"],"campfire_rested":1,"item_purchase_floors":[20],"current_hp_per_floor":[73,74,74,74,58,58,28,52,52,50,50,50,38,43,43,13,80,58,58,58,49,49,55,55,55,55,28],"gold":13,"neow_bonus":"RANDOM_COMMON_RELIC","is_prod":false,"is_daily":false,"chose_seed":false,"campfire_upgraded":3,"win_rate":0,"timestamp":1551398868,"path_taken":["M","M","$","M","?","R","E","R","T","M","?","?","M","M","R","BOSS","M","?","$","?","?","E","R","?","T","M"],"build_version":"2019-01-23","purchased_purges":1,"victory":false,"max_hp_per_floor":[80,80,80,80,80,80,80,80,80,80,80,80,80,80,80,80,80,80,80,80,80,80,80,80,80,80,80],"card_choices":[{"not_picked":["Body Slam","Iron Wave"],"picked":"Twin Strike","floor":1.0},{"not_picked":["Perfected Strike","Sword Boomerang","Clothesline"],"picked":"SKIP","floor":2.0},{"not_picked":["Reckless Charge","Double Tap"],"picked":"Heavy Blade","floor":4.0},{"not_picked":["Searing Blow","Infernal Blade","Dark Embrace"],"picked":"SKIP","floor":7.0},{"not_picked":["Disarm+1","Battle Trance+1","Second Wind+1"],"picked":"SKIP","floor":10.0},{"not_picked":["Pummel","Sever Soul","Combust"],"picked":"SKIP","floor":13},{"not_picked":["Heavy Blade","Pummel"],"picked":"Cleave","floor":14},{"not_picked":["Perfected Strike","Sword Boomerang"],"picked":"Warcry+1","floor":17},{"not_picked":["Rage+1","Body Slam"],"picked":"Armaments+1","floor":18},{"not_picked":["Evolve","Seeing Red+1","Dual Wield+1"],"picked":"SKIP","floor":21}],"player_experience":843352,"relics_obtained":[{"floor":7.0,"key":"Kunai"},{"floor":9.0,"key":"Toxic Egg 2"},{"floor":25,"key":"Pantograph"},{"floor":26,"key":"Molten Egg 2"}],"event_choices":[{"damage_healed":0.0,"max_hp_gain":0.0,"max_hp_loss":0.0,"gold_gain":0.0,"event_name":"Shining Light","player_choice":"Entered Light","floor":5.0,"gold_loss":0.0,"damage_taken":16.0,"cards_upgraded":["Strike_R","Bash"]},{"damage_healed":0.0,"max_hp_gain":0.0,"max_hp_loss":0.0,"gold_gain":0.0,"event_name":"World of Goop","player_choice":"Left Gold","floor":11.0,"gold_loss":47.0,"damage_taken":0.0},{"damage_healed":0.0,"max_hp_gain":0.0,"max_hp_loss":0.0,"gold_gain":0.0,"event_name":"NoteForYourself","player_choice":"Ignored","floor":12.0,"gold_loss":0.0,"damage_taken":0.0},{"damage_healed":0,"gold_gain":0,"player_choice":"Got Potions","damage_taken":0,"max_hp_gain":0,"max_hp_loss":0,"event_name":"Lab","floor":19,"gold_loss":0},{"damage_healed":0,"gold_gain":0,"player_choice":"Read","damage_taken":0,"max_hp_gain":0,"max_hp_loss":0,"event_name":"The Library","floor":22,"gold_loss":0,"cards_obtained":["Havoc"]}],"is_beta":false,"boss_relics":[{"not_picked":["Runic Dome","Tiny House"],"picked":"Orrery"}],"items_purged_floors":[3],"is_endless":false,"potions_floor_spawned":[7,10,13,16,21,23],"killed_by":"Centurion and Healer","ascension_level":0}