{"gold_per_floor":[212,42,42,56,56,56,73,73,103,103,133,58,58,87,99,190,202,234,258,286,198,198,198,198,213,258,258,272,272,305,230,230,301,301,311,311,311,324,338,338,370,394,394,427,148,159,159,159,159,159],"floor_reached":50,"playtime":1455,"items_purged":["Strike_R","Strike_R","Strike_R"],"score":961,"play_id":"80f0bcec-ccf8-4a3c-a071-7784204bda00","local_time":"20190303220040","is_ascension_mode":true,"campfire_choices":[{"data":"Apotheosis","floor":6.0,"key":"SMITH"},{"data":"Inflame","floor":8.0,"key":"SMITH"},{"data":"Sword Boomerang","floor":10.0,"key":"SMITH"},{"data":"Limit Break","floor":13.0,"key":"SMITH"},{"data":"Headbutt","floor":15.0,"key":"SMITH"},{"data":"True Grit","floor":23.0,"key":"SMITH"},{"data":"Burning Pact","floor":27.0,"key":"SMITH"},{"data":"Shrug It Off","floor":29.0,"key":"SMITH"},{"floor":32.0,"key":"REST"},{"floor":40.0,"key":"RECALL"},{"data":"Limit Break","floor":47,"key":"SMITH"},{"floor":49,"key":"REST"}],"neow_cost":"NONE","seed_source_timestamp":96841525609731,"circlet_count":0,"master_deck":["AscendersBane","Defend_R","Defend_R","Defend_R","Defend_R+1","Bash","Apotheosis+1","Sword Boomerang+1","Inflame+1","Limit Break+1","Reaper","True Grit+1","Burning Pact+1","Shrug It Off+1","Barricade+1","Limit Break+1","Warcry+1","Impervious+1","Warcry+1"],"special_seed":0,"relics":["Burning Blood","Tiny Chest","Meat on the Bone","MawBank","Sozu","Gremlin Horn","Mercury Hourglass","Juzu Bracelet","The Courier","Eternal Feather","Kunai","Torii","Pantograph","War Paint"],"potions_floor_usage":[],"damage_taken":[{"damage":2.0,"enemies":"Small Slimes","floor":1.0,"turns":5.0},{"damage":2.0,"enemies":"Cultist","floor":4.0,"turns":4.0},{"damage":0.0,"enemies":"2 Louse","floor":7.0,"turns":3.0},{"damage":26.0,"enemies":"3 Sentries","floor":11.0,"turns":7.0},{"damage":24.0,"enemies":"Lagavulin","floor":14.0,"turns":6.0},{"damage":22.0,"enemies":"Hexaghost","floor":16.0,"turns":7.0},{"damage":34.0,"enemies":"Chosen","floor":18.0,"turns":5.0},{"damage":19.0,"enemies":"Shell Parasite","floor":19.0,"turns":3.0},{"damage":16.0,"enemies":"Snake Plant","floor":20.0,"turns":4.0},{"damage":20.0,"enemies":"Sentry and Sphere","floor":25.0,"turns":5.0},{"damage":32.0,"enemies":"Cultist and Chosen","floor":28.0,"turns":6.0},{"damage":41.0,"enemies":"Book of Stabbing","floor":30.0,"turns":6.0},{"damage":52.0,"enemies":"Champ","floor":33.0,"turns":9.0},{"damage":24.0,"enemies":"Orb Walker","floor":35.0,"turns":4.0},{"damage":28.0,"enemies":"3 Darklings","floor":38.0,"turns":7.0},{"damage":75.0,"enemies":"Transient","floor":39.0,"turns":5.0},{"damage":35.0,"enemies":"Giant Head","floor":41.0,"turns":8.0},{"damage":68.0,"enemies":"Nemesis","floor":44.0,"turns":7.0},{"damage":40,"enemies":"4 Shapes","floor":46,"turns":6},{"damage":81,"enemies":"Awakened One","floor":50,"turns":5}],"seed_played":"435552669545368387","potions_obtained":[{"floor":1.0,"key":"Poison Potion"},{"floor":7.0,"key":"SkillPotion"}],"is_trial":false,"path_per_floor":["M","$","?","M","$","R","M","R","T","R","E","$","R","E","R","B",null,"M","M","M","$","T","R","?","M","T","R","M","R","E","?","R","B",null,"M","?","?","M","M","R","E","T","T","E","$","M","R","?","R","B"],"character_chosen":"IRONCLAD","items_purchased":["Apotheosis","Impervious","War Paint"],"campfire_rested":2,"item_purchase_floors":[2,45,45],"current_hp_per_floor":[72,72,75,75,75,75,75,75,75,75,55,55,55,49,49,45,68,53,52,54,54,54,54,54,52,52,52,48,48,36,36,58,65,73,66,66,66,75,43,52,75,75,75,25,25,23,32,32,63,0],"gold":159,"neow_bonus":"HUNDRED_GOLD","is_prod":false,"is_daily":false,"chose_seed":false,"campfire_upgraded":9,"win_rate":0,"timestamp":1551621640,"path_taken":["M","$","?","?","?","R","M","R","T","R","E","$","R","E","R","BOSS","M","?","M","$","?","R","?","M","T","R","M","R","E","?","R","BOSS","M","?","?","M","M","R","E","?","T","E","$","M","R","?","R","BOSS"],"build_version":"2019-01-23","purchased_purges":3,"victory":false,"max_hp_per_floor":[75,75,75,75,75,75,75,75,75,75,75,75,75,75,75,75,75,75,75,75,75,75,75,75,75,75,75,75,75,75,75,75,75,75,75,75,75,75,75,75,75,75,75,75,75,75,75,75,75,75],"card_choices":[{"not_picked":["Entrench","Flex"],"picked":"Armaments","floor":1.0},{"not_picked":["Thunderclap","Rupture"],"picked":"Sword Boomerang","floor":4.0},{"not_picked":["Body Slam","True Grit"],"picked":"Inflame","floor":7.0},{"not_picked":["Burning Pact","Inflame"],"picked":"Limit Break","floor":11.0},{"not_picked":["Clash","Clothesline"],"picked":"Headbutt","floor":14.0},{"not_picked":["Barricade","Offering"],"picked":"Reaper","floor":16.0},{"not_picked":["Wild Strike","Sentinel"],"picked":"True Grit","floor":18.0},{"not_picked":["Armaments","Shrug It Off"],"picked":"Burning Pact","floor":19.0},{"not_picked":["True Grit","Pommel Strike","Flame Barrier"],"picked":"SKIP","floor":20.0},{"not_picked":["Cleave","True Grit+1"],"picked":"Shrug It Off","floor":25.0},{"not_picked":["Hemokinesis","True Grit","Wild Strike"],"picked":"SKIP","floor":28.0},{"not_picked":["Brutality","Shrug It Off","Body Slam"],"picked":"SKIP","floor":30.0},{"not_picked":["Demon Form","Juggernaut"],"picked":"Barricade","floor":33.0},{"not_picked":["Thunderclap+1","Havoc+1","Wild Strike"],"picked":"SKIP","floor":35.0},{"not_picked":["Clash","Cleave+1","Rampage"],"picked":"SKIP","floor":38.0},{"not_picked":["Armaments","Clash+1","Juggernaut"],"picked":"SKIP","floor":39.0},{"not_picked":["Ghostly Armor","Sever Soul"],"picked":"Limit Break","floor":41.0},{"not_picked":["Intimidate+1","Clash"],"picked":"Warcry+1","floor":44.0},{"not_picked":["Thunderclap","Armaments+1"],"picked":"Warcry+1","floor":46}],"player_experience":1090930,"relics_obtained":[{"floor":9.0,"key":"Tiny Chest"},{"floor":11.0,"key":"Meat on the Bone"},{"floor":14.0,"key":"MawBank"},{"floor":22.0,"key":"Gremlin Horn"},{"floor":26.0,"key":"Juzu Bracelet"},{"floor":30.0,"key":"The Courier"},{"floor":41.0,"key":"Kunai"},{"floor":43.0,"key":"Torii"},{"floor":44.0,"key":"Pantograph"}],"event_choices":[{"cards_removed":["Armaments"],"damage_healed":5.0,"max_hp_gain":0.0,"max_hp_loss":0.0,"gold_gain":0.0,"event_name":"Bonfire Elementals","player_choice":"Offered Common","floor":3.0,"gold_loss":0.0,"damage_taken":0.0},{"cards_removed":["Armaments"],"damage_healed":5.0,"max_hp_gain":0.0,"max_hp_loss":0.0,"gold_gain":0.0,"event_name":"Bonfire Elementals","player_choice":"Offered Special","floor":3.0,"gold_loss":0.0,"damage_taken":0.0},{"cards_removed":["Headbutt"],"damage_healed":0.0,"max_hp_gain":0.0,"max_hp_loss":0.0,"gold_gain":0.0,"event_name":"WeMeetAgain","player_choice":"Gave Card","floor":24.0,"gold_loss":0.0,"damage_taken":0.0,"relics_obtained":["Mercury Hourglass"]},{"cards_removed":["Strike_R"],"damage_healed":0.0,"max_hp_gain":0.0,"max_hp_loss":0.0,"gold_gain":0.0,"event_name":"Beggar","player_choice":"Gave Gold","floor":31.0,"gold_loss":75.0,"damage_taken":0.0},{"damage_healed":0.0,"max_hp_gain":0.0,"max_hp_loss":0.0,"gold_gain":0.0,"event_name":"Upgrade Shrine","player_choice":"Upgraded","floor":36.0,"gold_loss":0.0,"damage_taken":0.0,"cards_upgraded":["Barricade"]},{"cards_removed":["Strike_R"],"damage_healed":0.0,"max_hp_gain":0.0,"max_hp_loss":0.0,"gold_gain":0.0,"event_name":"Wheel of Change","player_choice":"Card Removal","floor":37.0,"gold_loss":0.0,"damage_taken":0.0},{"damage_healed":0,"gold_gain":0,"player_choice":"Ignored","damage_taken":0,"max_hp_gain":0,"max_hp_loss":0,"event_name":"Mysterious Sphere","floor":48,"gold_loss":0}],"is_beta":false,"boss_relics":[{"not_picked":["Velvet Choker","White Beast Statue"],"picked":"Sozu"},{"not_picked":["Black Star","Runic Dome"],"picked":"Eternal Feather"}],"items_purged_floors":[12,21,45],"is_endless":false,"potions_floor_spawned":[1,7,20,28,30,33,35,39,41],"killed_by":"Awakened One","ascension_level":15}