{"gold_per_floor":[109,109,132,18,93,93,137,137,137,137,155,175,191,191,191,316,316,340,384,45,60,60,60,75,75],"floor_reached":25,"playtime":1320,"items_purged":["Strike_B","Defend_B"],"score":201,"play_id":"3a1c6e7f-36eb-4b88-948d-174408dfdc29","local_time":"20190225214328","is_ascension_mode":false,"campfire_choices":[{"floor":6,"key":"REST"},{"data":"Coolheaded","floor":10,"key":"SMITH"},{"floor":15,"key":"REST"},{"data":"Blizzard","floor":23,"key":"SMITH"}],"neow_cost":"PERCENT_DAMAGE","seed_source_timestamp":1000078010719400,"circlet_count":0,"master_deck":["Strike_B","Strike_B","Defend_B","Defend_B","Defend_B","Zap","Dualcast","Enlightenment","Finesse","Storm","Storm","Coolheaded+1","Blizzard+1","Cold Snap","Echo Form","Glacier","Seek","Static Discharge+1","Sunder","Coolheaded"],"relics":["Cracked Core","Golden Idol","Bag of Preparation","Bottled Flame","White Beast Statue","Red Mask","DataDisk"],"potions_floor_usage":[7,18,19,25,25],"damage_taken":[{"damage":1,"enemies":"2 Louse","floor":1,"turns":2},{"damage":2,"enemies":"Jaw Worm","floor":3,"turns":4},{"damage":26,"enemies":"Lagavulin","floor":7,"turns":5},{"damage":0,"enemies":"Small Slimes","floor":11,"turns":3},{"damage":17,"enemies":"Gremlin Gang","floor":12,"turns":4},{"damage":0,"enemies":"Large Slime","floor":13,"turns":6},{"damage":10,"enemies":"Hexaghost","floor":16,"turns":12},{"damage":8,"enemies":"3 Byrds","floor":18,"turns":6},{"damage":41,"enemies":"Masked Bandits","floor":19,"turns":6},{"damage":2,"enemies":"Shell Parasite","floor":21,"turns":7},{"damage":0,"enemies":"Centurion and Healer","floor":24,"turns":8},{"damage":26,"enemies":"Gremlin Leader","floor":25,"turns":3}],"seed_played":"-8198333519797584844","potions_obtained":[{"floor":3,"key":"Poison Potion"},{"floor":16,"key":"LiquidBronze"},{"floor":18,"key":"Strength Potion"},{"floor":19,"key":"PowerPotion"},{"floor":21,"key":"Weak Potion"},{"floor":24,"key":"Explosive Potion"}],"is_trial":false,"path_per_floor":["M","?","M","$","?","R","E","?","T","R","M","M","M","?","R","B",null,"M","?","$","M","?","R","M","E"],"character_chosen":"DEFECT","items_purchased":["Storm","Sunder","DataDisk","Coolheaded"],"campfire_rested":2,"item_purchase_floors":[4,20,20,20],"current_hp_per_floor":[53,35,33,33,22,44,18,18,18,18,18,1,1,1,23,13,75,67,26,26,24,24,24,24,0],"gold":75,"neow_bonus":"RANDOM_COLORLESS_2","is_prod":false,"is_daily":false,"chose_seed":false,"campfire_upgraded":2,"win_rate":0,"timestamp":1551102208,"path_taken":["M","?","M","$","?","R","E","?","T","R","M","?","M","?","R","BOSS","M","?","$","M","?","R","?","E"],"build_version":"2019-01-23","purchased_purges":2,"victory":false,"max_hp_per_floor":[75,75,75,75,75,75,75,75,75,75,75,75,75,75,75,75,75,75,75,75,75,75,75,75,75],"card_choices":[{"not_picked":["Conserve Battery","Beam Cell"],"picked":"Storm","floor":1},{"not_picked":["Stack","Sweeping Beam","Gash"],"picked":"SKIP","floor":3},{"not_picked":["Streamline","Hello World"],"picked":"Coolheaded","floor":7},{"not_picked":["Double Energy","Reprogram"],"picked":"Cold Snap","floor":11},{"not_picked":["Chaos","Compile Driver"],"picked":"Echo Form","floor":12},{"not_picked":["Capacitor","Aggregate"],"picked":"Glacier","floor":13},{"not_picked":["Reboot","Multi-Cast"],"picked":"Seek","floor":16},{"not_picked":["Steam","Beam Cell"],"picked":"Static Discharge+1","floor":18},{"not_picked":["Go for the Eyes+1","Gash","Barrage"],"picked":"SKIP","floor":21},{"not_picked":["Streamline","Melter+1","Leap"],"picked":"SKIP","floor":24}],"player_experience":384636,"relics_obtained":[{"floor":7,"key":"Bag of Preparation"},{"floor":9,"key":"Bottled Flame"},{"floor":19,"key":"Red Mask"}],"event_choices":[{"damage_healed":0,"gold_gain":0,"player_choice":"Take Damage","damage_taken":18,"relics_obtained":["Golden Idol"],"max_hp_gain":0,"max_hp_loss":0,"event_name":"Golden Idol","floor":2,"gold_loss":0},{"damage_healed":0,"gold_gain":75,"player_choice":"Gather Gold","damage_taken":11,"max_hp_gain":0,"max_hp_loss":0,"event_name":"World of Goop","floor":5,"gold_loss":0},{"damage_healed":0,"gold_gain":0,"player_choice":"1 cards matched","damage_taken":0,"max_hp_gain":0,"max_hp_loss":0,"event_name":"Match and Keep!","floor":8,"gold_loss":0,"cards_obtained":["Blizzard"]},{"damage_healed":0,"gold_gain":0,"player_choice":"Fled","damage_taken":0,"max_hp_gain":0,"max_hp_loss":0,"event_name":"Scrap Ooze","floor":14,"gold_loss":0},{"damage_healed":0,"gold_gain":0,"player_choice":"Fought Bandits","damage_taken":0,"max_hp_gain":0,"max_hp_loss":0,"event_name":"Masked Bandits","floor":19,"gold_loss":0},{"cards_removed":["Strike_B"],"damage_healed":0,"gold_gain":0,"player_choice":"Purged","damage_taken":0,"max_hp_gain":0,"max_hp_loss":0,"event_name":"Purifier","floor":22,"gold_loss":0}],"is_beta":false,"boss_relics":[{"not_picked":["Velvet Choker","Astrolabe"],"picked":"White Beast Statue"}],"items_purged_floors":[4,20],"is_endless":false,"potions_floor_spawned":[3,16,18,19,21,24],"killed_by":"Gremlin Leader","ascension_level":0}