{"gold_per_floor":[114,64,79,94,94,94,154,166,166,166],"floor_reached":10,"playtime":361,"items_purged":[],"score":99,"play_id":"21a55af7-01ee-4607-845f-7365e9bb1dbb","local_time":"20190430172221","is_ascension_mode":true,"campfire_choices":[{"data":"Hemokinesis","floor":6,"key":"SMITH"}],"neow_cost":"NONE","seed_source_timestamp":26342013703300,"circlet_count":0,"master_deck":["AscendersBane","Strike_R","Strike_R","Strike_R","Defend_R","Defend_R","Defend_R","Defend_R","Bash","Reaper","Twin Strike","Hemokinesis+1","Metallicize","Shockwave","Sword Boomerang"],"relics":["Burning Blood","Torii","Peace Pipe"],"potions_floor_usage":[8],"damage_taken":[{"damage":11,"enemies":"Cultist","floor":1,"turns":4},{"damage":3,"enemies":"2 Louse","floor":3,"turns":3},{"damage":23,"enemies":"Jaw Worm","floor":4,"turns":4},{"damage":30,"enemies":"Gremlin Nob","floor":7,"turns":4},{"damage":24,"enemies":"Gremlin Gang","floor":8,"turns":8},{"damage":22,"enemies":"Exordium Wildlife","floor":10,"turns":2}],"seed_played":"3992296490677137157","potions_obtained":[{"floor":1,"key":"Dexterity Potion"}],"is_trial":false,"path_per_floor":["M","?","M","M","?","R","?","M","T","M"],"character_chosen":"IRONCLAD","items_purchased":[],"campfire_rested":0,"item_purchase_floors":[],"current_hp_per_floor":[67,67,75,58,58,58,34,22,22,0],"gold":166,"neow_bonus":"ONE_RANDOM_RARE_CARD","is_prod":false,"is_daily":false,"chose_seed":false,"campfire_upgraded":1,"win_rate":0,"timestamp":1556616141,"path_taken":["M","?","M","M","?","R","?","?","T","M"],"build_version":"2019-01-23","purchased_purges":0,"victory":false,"max_hp_per_floor":[75,75,75,75,75,75,75,75,75,75],"card_choices":[{"not_picked":["Evolve","Reckless Charge"],"picked":"Twin Strike","floor":1},{"not_picked":["Headbutt","Dual Wield"],"picked":"Hemokinesis","floor":3},{"not_picked":["Burning Pact","Body Slam"],"picked":"Metallicize","floor":4},{"not_picked":["Intimidate","Infernal Blade"],"picked":"Shockwave","floor":7},{"not_picked":["Havoc","Entrench"],"picked":"Sword Boomerang","floor":8}],"player_experience":563333,"relics_obtained":[{"floor":7,"key":"Torii"},{"floor":9,"key":"Peace Pipe"}],"event_choices":[{"cards_removed":["Strike_R"],"damage_healed":0,"gold_gain":0,"player_choice":"Card Removal","damage_taken":0,"max_hp_gain":0,"max_hp_loss":0,"event_name":"The Cleric","floor":2,"gold_loss":50},{"cards_removed":["Strike_R"],"damage_healed":0,"gold_gain":0,"player_choice":"Forget","damage_taken":0,"max_hp_gain":0,"max_hp_loss":0,"event_name":"Living Wall","floor":5,"gold_loss":0},{"damage_healed":0,"gold_gain":30,"player_choice":"Searched \u00272\u0027 times","damage_taken":0,"max_hp_gain":0,"max_hp_loss":0,"event_name":"Dead Adventurer","floor":7,"gold_loss":0}],"is_beta":false,"boss_relics":[],"items_purged_floors":[],"is_endless":false,"potions_floor_spawned":[1],"killed_by":"Exordium Wildlife","ascension_level":14}