{"gold_per_floor":[116,136,149,4,4,4,22,22,69,86,105,85,85,102,102,202,202,220,220,86,66,84,84],"floor_reached":23,"playtime":892,"items_purged":["Regret","Strike_B+1"],"score":284,"play_id":"00ba8429-40c5-4f2f-a29b-8c17c48ff18a","local_time":"20190427132449","is_ascension_mode":true,"campfire_choices":[{"data":"Zap","floor":6.0,"key":"SMITH"},{"floor":15,"key":"REST"}],"neow_cost":"CURSE","seed_source_timestamp":0,"circlet_count":0,"master_deck":["AscendersBane","Strike_B+1","Strike_B+1","Defend_B+1","Defend_B+1","Defend_B+1","Zap+1","Dualcast","Enlightenment","Swift Strike","Static Discharge","Self Repair","Rebound","Auto Shields","Streamline+1","BootSequence","Machine Learning","Darkness","Loop","Streamline+1"],"special_seed":0,"relics":["Cracked Core","Anchor","Pen Nib","Empty Cage"],"potions_floor_usage":[16,22,23],"damage_taken":[{"damage":4.0,"enemies":"Jaw Worm","floor":1.0,"turns":3.0},{"damage":9.0,"enemies":"Small Slimes","floor":2.0,"turns":3.0},{"damage":3.0,"enemies":"2 Louse","floor":3.0,"turns":2.0},{"damage":7.0,"enemies":"Large Slime","floor":7.0,"turns":5.0},{"damage":34.0,"enemies":"Exordium Thugs","floor":10.0,"turns":5.0},{"damage":2,"enemies":"2 Fungi Beasts","floor":11,"turns":3},{"damage":8,"enemies":"Red Slaver","floor":14,"turns":4},{"damage":23,"enemies":"The Guardian","floor":16,"turns":9},{"damage":24,"enemies":"Shell Parasite","floor":18,"turns":5},{"damage":10,"enemies":"Chosen","floor":22,"turns":4},{"damage":50,"enemies":"Slavers","floor":23,"turns":4}],"seed_played":"1012674628814068296","potions_obtained":[{"floor":2.0,"key":"Ancient Potion"},{"floor":10,"key":"SkillPotion"},{"floor":11,"key":"PowerPotion"},{"floor":16,"key":"LiquidBronze"},{"floor":21,"key":"Poison Potion"}],"is_trial":false,"path_per_floor":["M","M","M","$","?","R","M","?","T","M","M","?","?","M","R","B",null,"M","?","$","?","M","E"],"character_chosen":"DEFECT","items_purchased":["Self Repair","Loop"],"campfire_rested":1,"item_purchase_floors":[4,20],"current_hp_per_floor":[64,55,52,52,57,57,57,45,45,18,23,23,23,22,46,30,68,51,51,51,51,48,0],"gold":84,"neow_bonus":"RANDOM_COLORLESS_2","is_prod":false,"is_daily":false,"chose_seed":false,"campfire_upgraded":1,"win_rate":0,"timestamp":1556342689,"path_taken":["M","M","M","$","?","R","M","?","T","M","M","?","?","M","R","BOSS","M","?","$","?","?","E"],"build_version":"2019-01-23","purchased_purges":2,"victory":false,"max_hp_per_floor":[75,75,75,75,80,80,80,80,80,80,80,80,80,80,80,80,80,80,80,80,80,80,80],"card_choices":[{"not_picked":["Reinforced Body","Hello World","Rebound"],"picked":"SKIP","floor":1.0},{"not_picked":["Turbo","Rebound"],"picked":"Static Discharge","floor":2.0},{"not_picked":["BootSequence","Stack","Amplify"],"picked":"SKIP","floor":3.0},{"not_picked":["Stack","Go for the Eyes"],"picked":"Rebound","floor":7.0},{"not_picked":["FTL","Steam"],"picked":"Auto Shields","floor":10},{"not_picked":["Barrage","Compile Driver"],"picked":"Streamline","floor":11},{"not_picked":["Turbo","Lockon"],"picked":"BootSequence","floor":14},{"not_picked":["Hyperbeam","Buffer"],"picked":"Machine Learning","floor":16},{"not_picked":["Barrage","Turbo+1"],"picked":"Darkness","floor":18},{"not_picked":["Genetic Algorithm+1","Reprogram"],"picked":"Streamline+1","floor":22}],"player_experience":535243,"relics_obtained":[{"floor":9.0,"key":"Pen Nib"}],"event_choices":[{"damage_healed":0.0,"max_hp_gain":5.0,"max_hp_loss":0.0,"gold_gain":0.0,"event_name":"Big Fish","player_choice":"Donut","floor":5.0,"gold_loss":0.0,"damage_taken":0.0},{"damage_healed":0.0,"max_hp_gain":0.0,"max_hp_loss":0.0,"gold_gain":0.0,"event_name":"Scrap Ooze","player_choice":"Success","floor":8.0,"gold_loss":0.0,"damage_taken":12.0,"relics_obtained":["Anchor"]},{"damage_healed":0,"gold_gain":0,"player_choice":"Left Gold","damage_taken":0,"max_hp_gain":0,"max_hp_loss":0,"event_name":"World of Goop","floor":12,"gold_loss":20},{"damage_healed":0,"gold_gain":0,"player_choice":"Forge","damage_taken":0,"max_hp_gain":0,"max_hp_loss":0,"event_name":"Accursed Blacksmith","floor":13,"gold_loss":0,"cards_upgraded":["Streamline"]},{"damage_healed":0,"gold_gain":0,"player_choice":"Simplicity","damage_taken":0,"max_hp_gain":0,"max_hp_loss":0,"event_name":"Back to Basics","floor":19,"gold_loss":0,"cards_upgraded":["Strike_B","Strike_B","Strike_B","Defend_B","Defend_B","Defend_B"]},{"damage_healed":0,"gold_gain":0,"player_choice":"Bought 1 Potion","damage_taken":0,"max_hp_gain":0,"max_hp_loss":0,"event_name":"The Woman in Blue","floor":21,"gold_loss":0}],"is_beta":false,"boss_relics":[{"not_picked":["Runic Pyramid","Orrery"],"picked":"Empty Cage"}],"items_purged_floors":[4,20],"is_endless":false,"potions_floor_spawned":[2,10,11,14,16,18],"killed_by":"Slavers","ascension_level":11}