{"gold_per_floor":[111,129,144,144,319,319,61,61,131,142,171,171,171,205,205,303,303,314,330,59,59,59,94,94,94,94,94,127,144,159,169,169,267,267,287,212,212,260,279,279,126,154,178,208,208,235,246,278,278,278],"floor_reached":51,"playtime":1895,"items_purged":["Doubt"],"score":1055,"play_id":"7df44ae8-1152-424a-921a-9a9a0d857f56","local_time":"20180924182842","is_ascension_mode":true,"campfire_choices":[{"floor":6,"key":"REST"},{"floor":8,"key":"REST"},{"floor":13,"key":"REST"},{"floor":15,"key":"REST"},{"data":"Buffer","floor":25,"key":"SMITH"},{"data":"Electrodynamics","floor":27,"key":"SMITH"},{"floor":32,"key":"REST"},{"floor":40,"key":"REST"},{"floor":49,"key":"REST"}],"neow_cost":"PERCENT_DAMAGE","seed_source_timestamp":865291829593009,"circlet_count":0,"master_deck":["Strike_B","Strike_B","Strike_B","Strike_B","Defend_B","Defend_B","Defend_B","Defend_B","Zap+1","Dualcast","Echo Form","Storm+1","Static Discharge","Leap","Electrodynamics+1","Buffer+1","Defragment","Creative AI","Loop","Defragment","Reboot","Reinforced Body+1"],"relics":["Cracked Core","Toolbox","Cables","PreservedInsect","Incense Burner","Gremlin Horn","Inserter","Lee\u0027s Waffle","Happy Flower","Thread and Needle","StoneCalendar","Lizard Tail","Anchor","Bronze Scales","Calipers","Boot","Dream Catcher","Ancient Tea Set","Pen Nib"],"potions_floor_usage":[16,16,28,28,33,44,47,50,50],"damage_taken":[{"damage":9,"enemies":"Jaw Worm","floor":1,"turns":4},{"damage":10,"enemies":"Small Slimes","floor":2,"turns":3},{"damage":12,"enemies":"2 Louse","floor":3,"turns":4},{"damage":15,"enemies":"Large Slime","floor":10,"turns":4},{"damage":16,"enemies":"Lagavulin","floor":11,"turns":5},{"damage":19,"enemies":"Gremlin Nob","floor":14,"turns":3},{"damage":32,"enemies":"The Guardian","floor":16,"turns":9},{"damage":34,"enemies":"2 Thieves","floor":18,"turns":4},{"damage":10,"enemies":"Chosen","floor":19,"turns":4},{"damage":0,"enemies":"Gremlin Leader","floor":23,"turns":4},{"damage":14,"enemies":"Slavers","floor":28,"turns":3},{"damage":8,"enemies":"Centurion and Healer","floor":29,"turns":4},{"damage":24,"enemies":"Snake Plant","floor":30,"turns":3},{"damage":0,"enemies":"Snecko","floor":31,"turns":4},{"damage":3,"enemies":"Collector","floor":33,"turns":5},{"damage":9,"enemies":"3 Shapes","floor":35,"turns":5},{"damage":27,"enemies":"3 Darklings","floor":39,"turns":5},{"damage":4,"enemies":"Giant Head","floor":42,"turns":7},{"damage":35,"enemies":"2 Orb Walkers","floor":44,"turns":4},{"damage":12,"enemies":"Sphere and 2 Shapes","floor":47,"turns":4},{"damage":46,"enemies":"Giant Head","floor":48,"turns":8},{"damage":27,"enemies":"Donu and Deca","floor":50,"turns":6}],"seed_played":"5471123289815817708","potions_obtained":[{"floor":3,"key":"FocusPotion"},{"floor":10,"key":"Ancient Potion"},{"floor":14,"key":"Swift Potion"},{"floor":18,"key":"PowerPotion"},{"floor":23,"key":"Block Potion"},{"floor":29,"key":"Weak Potion"},{"floor":30,"key":"Energy Potion"},{"floor":35,"key":"Fire Potion"},{"floor":44,"key":"FearPotion"},{"floor":48,"key":"SkillPotion"}],"is_trial":false,"path_per_floor":["M","M","M","?","?","R","$","R","T","M","E","T","R","E","R","B",null,"M","M","$","?","?","E","?","R","T","R","E","M","M","M","R","B",null,"M","$","?","T","M","R","$","E","T","E","$","T","M","E","R","B"],"character_chosen":"DEFECT","items_purchased":["Leap","Toolbox","Lee\u0027s Waffle","Defragment","Bronze Scales"],"campfire_rested":7,"item_purchase_floors":[7,7,20,20,41],"current_hp_per_floor":[41,31,19,4,4,26,26,48,48,33,17,17,39,20,42,10,59,25,15,82,82,82,82,82,82,82,82,68,60,36,36,60,57,76,67,67,67,67,40,64,64,60,60,25,25,25,13,41,65,38],"gold":278,"neow_bonus":"THREE_RARE_CARDS","is_prod":false,"is_daily":false,"chose_seed":false,"campfire_upgraded":2,"win_rate":0,"timestamp":1537806522,"path_taken":["M","M","M","?","?","R","$","R","T","M","E","?","R","E","R","BOSS","M","M","$","?","?","E","?","R","T","R","E","?","M","M","R","BOSS","M","$","?","?","M","R","$","E","T","E","$","?","?","E","R","BOSS"],"build_version":"2018-09-20","purchased_purges":1,"victory":true,"max_hp_per_floor":[75,75,75,75,75,75,75,75,75,75,75,75,75,75,75,75,75,75,75,82,82,82,82,82,82,82,82,82,82,82,82,82,82,82,82,82,82,82,82,82,82,82,82,82,82,82,82,82,82,82],"card_choices":[{"not_picked":["Fission","Creative AI"],"picked":"Echo Form","floor":0},{"not_picked":["Hologram","Streamline","FTL"],"picked":"SKIP","floor":1},{"not_picked":["Redo","Darkness"],"picked":"Storm","floor":2},{"not_picked":["Steam","Blizzard"],"picked":"Static Discharge","floor":3},{"not_picked":["Stack","Gash","Ball Lightning"],"picked":"SKIP","floor":10},{"not_picked":["Ball Lightning","Amplify"],"picked":"Electrodynamics","floor":11},{"not_picked":["Sweeping Beam","Steam Power","Darkness"],"picked":"SKIP","floor":14},{"not_picked":["Echo Form","Electrodynamics"],"picked":"Buffer","floor":16},{"not_picked":["Gash","Steam","Streamline+1"],"picked":"SKIP","floor":18},{"not_picked":["Sunder","Turbo","Go for the Eyes"],"picked":"SKIP","floor":19},{"not_picked":["Conserve Battery","Beam Cell+1"],"picked":"Creative AI","floor":23},{"not_picked":["Streamline","Gash","Stack"],"picked":"SKIP","floor":28},{"not_picked":["Hologram+1","Stack"],"picked":"Loop","floor":29},{"not_picked":["Coolheaded","Redo","Go for the Eyes"],"picked":"SKIP","floor":30},{"not_picked":["Sweeping Beam","Melter"],"picked":"Defragment","floor":31},{"not_picked":["Buffer","Core Surge"],"picked":"Reboot","floor":33},{"not_picked":["Steam+1","Chill+1","Leap+1"],"picked":"SKIP","floor":35},{"not_picked":["Recycle+1","Turbo","Rip and Tear+1"],"picked":"SKIP","floor":39},{"not_picked":["Tempest","Self Repair+1","Redo"],"picked":"SKIP","floor":42},{"not_picked":["BootSequence","Auto Shields","Aggregate+1"],"picked":"SKIP","floor":44},{"not_picked":["Compile Driver+1","Chaos","Recycle"],"picked":"SKIP","floor":47},{"not_picked":["Defragment","Rebound+1","Scrape+1"],"picked":"SKIP","floor":48},{"not_picked":["FTL+1","Rebound+1"],"picked":"Reinforced Body+1","floor":49}],"player_experience":139181,"relics_obtained":[{"floor":9,"key":"Cables"},{"floor":11,"key":"PreservedInsect"},{"floor":12,"key":"Incense Burner"},{"floor":14,"key":"Gremlin Horn"},{"floor":23,"key":"Happy Flower"},{"floor":26,"key":"Thread and Needle"},{"floor":28,"key":"StoneCalendar"},{"floor":38,"key":"Anchor"},{"floor":42,"key":"Calipers"},{"floor":43,"key":"Boot"},{"floor":44,"key":"Dream Catcher"},{"floor":46,"key":"Ancient Tea Set"},{"floor":48,"key":"Pen Nib"}],"event_choices":[{"event_name":"Shining Light","player_choice":"Entered Light","floor":4,"damage_taken":0},{"event_name":"Liars Game","player_choice":"agreed","floor":5,"damage_taken":0},{"event_name":"The Woman in Blue","player_choice":"Bought 0 Potions","floor":21,"damage_taken":0},{"event_name":"Vampires","player_choice":"Ignored","floor":22,"damage_taken":0},{"event_name":"Ghosts","player_choice":"Ignored","floor":24,"damage_taken":0},{"event_name":"Tomb of Lord Red Mask","player_choice":"Ignored","floor":37,"damage_taken":0}],"is_beta":true,"boss_relics":[{"not_picked":["FrozenCore","Snecko Eye"],"picked":"Inserter"},{"not_picked":["Velvet Choker","Black Star"],"picked":"Lizard Tail"}],"items_purged_floors":[36],"is_endless":false,"potions_floor_spawned":[3,10,14,18,23,29,30,35,44,48],"ascension_level":6}