{"gold_per_floor":[111,111,128,145,29,61,79,93,93,121,149,196,196,216,216,312,362,376,376,426,439,60,87,87,107,107,126,126,51,81,100,100,198,198,216,0,53,53,73,73,87,103,103,119,119],"floor_reached":45,"playtime":3941,"items_purged":["Pain"],"score":517,"play_id":"56ccd614-effd-4648-b81b-cbb38201e089","local_time":"20181230022122","is_ascension_mode":false,"campfire_choices":[{"floor":15,"key":"REST"},{"data":"Buffer","floor":24,"key":"SMITH"},{"data":"Enlightenment","floor":32,"key":"SMITH"},{"floor":40,"key":"REST"}],"neow_cost":"NONE","seed_source_timestamp":124234279203424,"circlet_count":0,"master_deck":["Strike_B","Strike_B","Strike_B","Defend_B","Defend_B","Defend_B","Defend_B","Zap","Dualcast","Leap","Storm","Conserve Battery","Self Repair","Glacier","Buffer+1","Sunder+1","Ball Lightning+1","Clumsy","Auto Shields","Injury","Rainbow","Reinforced Body","White Noise","Fusion","Rip and Tear","Sweeping Beam+1","Enlightenment+1","Loop","Defragment+1","Shame","Ball Lightning+1","Echo Form","Streamline","Thunder Strike","Static Discharge","Ball Lightning+1","Fission","Glacier","Buffer","Aggregate+1","Self Repair","Beam Cell+1","Undo","Stack+1","Pain","Amplify"],"relics":["Cursed Key","WarpedTongs","Mummified Hand","Ancient Tea Set","Happy Flower","Odd Mushroom","Pen Nib","Tiny House","Bird Faced Urn","Bottled Tornado","Question Card","Peace Pipe","Pantograph","Orrery","Red Mask","Gambling Chip","Smiling Mask"],"potions_floor_usage":[23,41,41],"damage_taken":[{"damage":5,"enemies":"Jaw Worm","floor":1,"turns":4},{"damage":3,"enemies":"Cultist","floor":3,"turns":2},{"damage":10,"enemies":"Small Slimes","floor":4,"turns":3},{"damage":16,"enemies":"Lagavulin","floor":6,"turns":9},{"damage":4,"enemies":"Looter","floor":7,"turns":4},{"damage":3,"enemies":"3 Louse","floor":8,"turns":4},{"damage":20,"enemies":"3 Sentries","floor":10,"turns":7},{"damage":11,"enemies":"The Mushroom Lair","floor":11,"turns":6},{"damage":0,"enemies":"Exordium Thugs","floor":14,"turns":4},{"damage":34,"enemies":"The Guardian","floor":16,"turns":11},{"damage":22,"enemies":"Spheric Guardian","floor":18,"turns":6},{"damage":2,"enemies":"Shell Parasite","floor":21,"turns":5},{"damage":40,"enemies":"Slavers","floor":23,"turns":6},{"damage":8,"enemies":"Snake Plant","floor":25,"turns":5},{"damage":3,"enemies":"Chosen and Byrds","floor":27,"turns":7},{"damage":29,"enemies":"Gremlin Leader","floor":30,"turns":6},{"damage":13,"enemies":"3 Cultists","floor":31,"turns":5},{"damage":35,"enemies":"Collector","floor":33,"turns":10},{"damage":13,"enemies":"3 Shapes","floor":35,"turns":6},{"damage":72,"enemies":"2 Orb Walkers","floor":37,"turns":4},{"damage":7,"enemies":"Orb Walker","floor":39,"turns":3},{"damage":14,"enemies":"Sphere and 2 Shapes","floor":41,"turns":3},{"damage":62,"enemies":"Transient","floor":42,"turns":5},{"damage":33,"enemies":"Spire Growth","floor":44,"turns":6},{"damage":42,"enemies":"Jaw Worm Horde","floor":45,"turns":2}],"seed_played":"722000933630512949","potions_obtained":[{"floor":1,"key":"Strength Potion"},{"floor":6,"key":"Strength Potion"},{"floor":7,"key":"Strength Potion"},{"floor":11,"key":"Poison Potion"},{"floor":16,"key":"AttackPotion"},{"floor":17,"key":"Fruit Juice"},{"floor":21,"key":"FocusPotion"},{"floor":23,"key":"SpeedPotion"},{"floor":27,"key":"Energy Potion"},{"floor":35,"key":"PowerPotion"},{"floor":39,"key":"Regen Potion"},{"floor":42,"key":"SpeedPotion"}],"is_trial":false,"path_per_floor":["M","?","M","M","$","E","M","M","T","E","?","T","?","M","R","B",null,"M","?","?","M","$","E","R","M","T","M","?","$","E","M","R","B",null,"M","?","?","?","M","R","M","M","T","M","M"],"character_chosen":"DEFECT","items_purchased":["Self Repair","Glacier","Bird Faced Urn","Enlightenment"],"campfire_rested":2,"item_purchase_floors":[5,5,22,22],"current_hp_per_floor":[70,70,67,57,57,48,51,55,55,42,41,41,41,48,70,46,80,68,68,68,73,73,56,56,65,65,79,79,79,72,82,82,57,85,85,85,24,24,37,62,78,39,39,34,0],"gold":119,"neow_bonus":"BOSS_RELIC","is_prod":false,"is_daily":false,"chose_seed":false,"campfire_upgraded":2,"win_rate":0.0,"timestamp":1546165282,"path_taken":["M","?","?","M","$","E","M","M","T","E","?","?","?","?","R","BOSS","M","?","?","?","?","E","R","M","T","M","?","$","E","M","R","BOSS","M","?","?","?","?","R","M","M","T","M","M"],"build_version":"2018-12-20","purchased_purges":1,"victory":false,"max_hp_per_floor":[75,75,75,75,75,75,75,75,75,75,75,75,75,75,75,75,80,80,80,80,80,80,85,85,85,85,85,85,85,85,85,85,85,85,85,85,85,85,85,85,85,85,85,85,85],"card_choices":[{"not_picked":["Beam Cell","Compile Driver"],"picked":"Leap","floor":1},{"not_picked":["Leap","Steam Power"],"picked":"Storm","floor":3},{"not_picked":["Steam","Hologram"],"picked":"Conserve Battery","floor":4},{"not_picked":["Go for the Eyes","Defragment"],"picked":"Buffer","floor":6},{"not_picked":["Rebound","Streamline"],"picked":"Sunder","floor":7},{"not_picked":["Rebound","Double Energy"],"picked":"Ball Lightning","floor":8},{"not_picked":["Compile Driver","Hello World"],"picked":"Auto Shields","floor":10},{"not_picked":["Hologram","Gash"],"picked":"Redo","floor":11},{"not_picked":["Coolheaded","Gash"],"picked":"Biased Cognition","floor":14},{"not_picked":["Seek","All For One"],"picked":"Rainbow","floor":16},{"not_picked":["Sweeping Beam","Stack"],"picked":"Reinforced Body","floor":17},{"not_picked":["Rip and Tear","Blizzard"],"picked":"White Noise","floor":18},{"not_picked":["Steam","Coolheaded"],"picked":"Sweeping Beam+1","floor":21},{"not_picked":["Aggregate","Rebound"],"picked":"Loop","floor":23},{"not_picked":["Turbo","Beam Cell"],"picked":"Defragment+1","floor":25},{"not_picked":["Auto Shields","Scrape+1","Leap"],"picked":"Ball Lightning+1","floor":27},{"not_picked":["Go for the Eyes","Lockon","Chill+1"],"picked":"Echo Form","floor":30},{"not_picked":["Skim","Cold Snap","Steam"],"picked":"Streamline","floor":31},{"not_picked":["Amplify","Multi-Cast","Biased Cognition"],"picked":"Thunder Strike","floor":33},{"not_picked":["Darkness+1","Leap","Coolheaded"],"picked":"Static Discharge","floor":34},{"not_picked":["Stack+1","Steam Power+1","Redo"],"picked":"Ball Lightning+1","floor":34},{"not_picked":["Sweeping Beam","Steam Power+1","Barrage+1"],"picked":"Fission","floor":34},{"not_picked":["Gash","Stack+1","Compile Driver"],"picked":"Glacier","floor":34},{"not_picked":["Go for the Eyes","Tempest","Cold Snap"],"picked":"Buffer","floor":34},{"not_picked":["Redo","Blizzard","Rebound"],"picked":"Aggregate+1","floor":35},{"not_picked":["Streamline","Compile Driver","Barrage"],"picked":"Self Repair","floor":37},{"not_picked":["Scrape+1","Skim+1","Coolheaded+1"],"picked":"Beam Cell+1","floor":39},{"not_picked":["Gash+1","Streamline","Compile Driver"],"picked":"Undo","floor":41},{"not_picked":["Barrage","Rebound","Doom and Gloom"],"picked":"Stack+1","floor":42},{"not_picked":["Skim+1","Redo+1","Rebound+1"],"picked":"Amplify","floor":44}],"player_experience":150836,"relics_obtained":[{"floor":6,"key":"Mummified Hand"},{"floor":9,"key":"Ancient Tea Set"},{"floor":10,"key":"Happy Flower"},{"floor":11,"key":"Odd Mushroom"},{"floor":12,"key":"Pen Nib"},{"floor":23,"key":"Bottled Tornado"},{"floor":26,"key":"Question Card"},{"floor":30,"key":"Pantograph"},{"floor":37,"key":"Gambling Chip"},{"floor":43,"key":"Smiling Mask"}],"event_choices":[{"damage_healed":0,"gold_gain":0,"player_choice":"Rummage","damage_taken":0,"relics_obtained":["WarpedTongs"],"max_hp_gain":0,"max_hp_loss":0,"event_name":"Accursed Blacksmith","floor":2,"gold_loss":0,"cards_obtained":["Pain"]},{"damage_healed":0,"gold_gain":0,"player_choice":"Fought Mushrooms","damage_taken":0,"max_hp_gain":0,"max_hp_loss":0,"event_name":"Mushrooms","floor":11,"gold_loss":0},{"damage_healed":0,"gold_gain":0,"player_choice":"Upgraded","damage_taken":0,"max_hp_gain":0,"max_hp_loss":0,"event_name":"Upgrade Shrine","floor":13,"gold_loss":0,"cards_upgraded":["Sunder"]},{"damage_healed":0,"gold_gain":0,"cards_transformed":["Biased Cognition","Strike_B"],"player_choice":"Became Test Subject","damage_taken":0,"max_hp_gain":0,"max_hp_loss":0,"event_name":"Drug Dealer","floor":19,"gold_loss":0,"cards_obtained":["Fusion","Rip and Tear"]},{"damage_healed":0,"gold_gain":100,"player_choice":"Bet on Murderer","damage_taken":0,"max_hp_gain":0,"max_hp_loss":0,"event_name":"The Joust","floor":20,"gold_loss":50},{"damage_healed":0,"gold_gain":0,"player_choice":"Gave Potion","damage_taken":0,"relics_obtained":["Peace Pipe"],"max_hp_gain":0,"max_hp_loss":0,"event_name":"WeMeetAgain","floor":28,"gold_loss":0},{"damage_healed":0,"gold_gain":0,"player_choice":"Paid","damage_taken":0,"relics_obtained":["Red Mask"],"max_hp_gain":0,"max_hp_loss":0,"event_name":"Tomb of Lord Red Mask","floor":36,"gold_loss":216},{"damage_healed":0,"gold_gain":0,"player_choice":"Fight","damage_taken":0,"max_hp_gain":0,"max_hp_loss":0,"event_name":"Mysterious Sphere","floor":37,"gold_loss":0},{"cards_removed":["Redo"],"damage_healed":0,"gold_gain":0,"player_choice":"Removed Skill","damage_taken":0,"max_hp_gain":0,"max_hp_loss":0,"event_name":"Falling","floor":38,"gold_loss":0}],"is_beta":false,"boss_relics":[{"not_picked":["White Beast Statue","Empty Cage"],"picked":"Tiny House"},{"not_picked":["Runic Dome","Velvet Choker"],"picked":"Orrery"}],"items_purged_floors":[29],"is_endless":false,"potions_floor_spawned":[1,6,7,11,16,21,23,27,35,39,42],"killed_by":"Jaw Worm Horde","ascension_level":0}