{"gold_per_floor":[115,115,127,127,144,177,177,187,266,113,142,142,142,162,162,241,291,302,48,48,48,60,60,76,94,173,193,68,68,82,82,82,156,156,173,173,23,23,38,38,66,78,78,78,78,98,133,144,144,144,144,144,68,96,96],"floor_reached":56,"playtime":3245,"items_purged":["Strike_G","Strike_G","Defend_G","Defend_G"],"score":2017,"play_id":"540c0bca-c2c2-4e4d-8b40-93edfa22c7b3","local_time":"20190304184544","is_ascension_mode":true,"campfire_choices":[{"data":"Footwork","floor":7.0,"key":"SMITH"},{"data":"Catalyst","floor":12.0,"key":"SMITH"},{"data":"Noxious Fumes","floor":15.0,"key":"SMITH"},{"data":"Well Laid Plans","floor":23,"key":"SMITH"},{"data":"Catalyst","floor":29,"key":"SMITH"},{"data":"Survivor","floor":32,"key":"SMITH"},{"data":"Calculated Gamble","floor":40,"key":"SMITH"},{"floor":44,"key":"REST"},{"floor":49,"key":"RECALL"},{"data":"Predator","floor":52,"key":"SMITH"}],"neow_cost":"CURSE","seed_source_timestamp":169791549360392,"circlet_count":0,"master_deck":["AscendersBane","Survivor+1","Neutralize+1","Clumsy","Catalyst+1","Footwork+1","Backflip","Noxious Fumes+1","Well Laid Plans+1","Predator+1","Backflip","Footwork+1","Catalyst+1","Acrobatics","Calculated Gamble+1","Poisoned Stab+1"],"special_seed":0,"relics":["Ring of the Snake","Nunchaku","Strawberry","Mercury Hourglass","Mummified Hand","Boot","Tiny House","Oddly Smooth Stone","Enchiridion","Black Star","Molten Egg 2","Unceasing Top","Pear","Sundial","Regal Pillow","Paper Crane","Du-Vu Doll"],"potions_floor_usage":[24,47,55,55],"damage_taken":[{"damage":11.0,"enemies":"Cultist","floor":1.0,"turns":6.0},{"damage":1.0,"enemies":"Jaw Worm","floor":3.0,"turns":8.0},{"damage":0.0,"enemies":"Small Slimes","floor":5.0,"turns":4.0},{"damage":1.0,"enemies":"Lagavulin","floor":6.0,"turns":7.0},{"damage":0.0,"enemies":"Blue Slaver","floor":8.0,"turns":6.0},{"damage":5.0,"enemies":"3 Sentries","floor":11.0,"turns":7.0},{"damage":2.0,"enemies":"3 Louse","floor":14.0,"turns":3.0},{"damage":0.0,"enemies":"Hexaghost","floor":16.0,"turns":11.0},{"damage":5,"enemies":"Spheric Guardian","floor":18,"turns":7},{"damage":0,"enemies":"Chosen","floor":22,"turns":4},{"damage":0,"enemies":"3 Cultists","floor":24,"turns":6},{"damage":0,"enemies":"Chosen and Byrds","floor":25,"turns":5},{"damage":0,"enemies":"Snecko","floor":27,"turns":7},{"damage":1,"enemies":"Snake Plant","floor":30,"turns":4},{"damage":28,"enemies":"Automaton","floor":33,"turns":9},{"damage":33,"enemies":"3 Darklings","floor":35,"turns":5},{"damage":0,"enemies":"3 Shapes","floor":39,"turns":4},{"damage":15,"enemies":"Nemesis","floor":41,"turns":7},{"damage":0,"enemies":"Spire Growth","floor":42,"turns":5},{"damage":0,"enemies":"Writhing Mass","floor":46,"turns":6},{"damage":33,"enemies":"Reptomancer","floor":47,"turns":8},{"damage":1,"enemies":"3 Darklings","floor":48,"turns":4},{"damage":8,"enemies":"Awakened One","floor":50,"turns":15},{"damage":2,"enemies":"Shield and Spear","floor":54,"turns":3},{"damage":46,"enemies":"The Heart","floor":55,"turns":7}],"seed_played":"-7339711941822885968","potions_obtained":[{"floor":1.0,"key":"SkillPotion"},{"floor":8.0,"key":"Regen Potion"},{"floor":11.0,"key":"Block Potion"},{"floor":16.0,"key":"EssenceOfSteel"},{"floor":25,"key":"PowerPotion"},{"floor":39,"key":"Regen Potion"},{"floor":54,"key":"SkillPotion"}],"is_trial":false,"path_per_floor":["M","?","M","?","M","E","R","M","T","$","E","R","?","M","R","B",null,"M","$","?","?","M","R","M","M","T","M","$","R","M","?","R","B",null,"M","?","$","?","M","R","E","M","T","R","$","M","E","M","R","B",null,"R","$","E","B",null],"character_chosen":"THE_SILENT","items_purchased":["Noxious Fumes","Oddly Smooth Stone","EssenceOfSteel"],"campfire_rested":1,"item_purchase_floors":[10,19,53],"current_hp_per_floor":[48,48,47,43,43,42,42,42,42,42,52,52,45,43,43,43,71,66,66,66,66,66,66,66,66,66,66,66,66,65,44,44,16,63,30,30,30,30,30,30,15,15,25,50,50,50,17,16,16,8,65,65,65,63,32],"gold":96,"neow_bonus":"TRANSFORM_TWO_CARDS","is_prod":false,"is_daily":false,"chose_seed":false,"campfire_upgraded":8,"win_rate":0,"timestamp":1551696344,"path_taken":["M","?","?","?","M","E","R","M","T","$","E","R","?","M","R","BOSS","M","$","?","?","M","R","M","M","T","M","$","R","M","?","R","BOSS","M","?","$","?","?","R","E","M","T","R","?","M","E","M","R","BOSS","R","$","E","BOSS"],"build_version":"2019-01-23","purchased_purges":4,"victory":true,"max_hp_per_floor":[66,66,66,73,73,73,73,73,73,73,73,73,73,73,73,73,78,78,78,78,78,78,78,78,78,78,78,78,78,78,78,78,78,78,78,74,74,74,74,74,74,74,84,84,84,84,84,84,84,84,84,84,84,84,84],"card_choices":[{"not_picked":["Sucker Punch","PiercingWail"],"picked":"Footwork","floor":1.0},{"not_picked":["Prepared","Cloak And Dagger"],"picked":"Backflip","floor":3.0},{"not_picked":["Sucker Punch","Bane","Outmaneuver"],"picked":"SKIP","floor":5.0},{"not_picked":["Deflect","Die Die Die","Blade Dance"],"picked":"SKIP","floor":6.0},{"not_picked":["Underhanded Strike","Blur","Dagger Spray"],"picked":"SKIP","floor":8.0},{"not_picked":["Cloak And Dagger","Quick Slash","Bane"],"picked":"SKIP","floor":11.0},{"not_picked":["Flechettes","Dash","Outmaneuver"],"picked":"SKIP","floor":14.0},{"not_picked":["Deflect","Escape Plan+1"],"picked":"Well Laid Plans","floor":18},{"not_picked":["Bane","Eviscerate"],"picked":"Footwork+1","floor":22},{"not_picked":["Slice","Prepared","Endless Agony"],"picked":"SKIP","floor":24},{"not_picked":["Endless Agony","Accuracy","Outmaneuver"],"picked":"SKIP","floor":25},{"not_picked":["Dagger Spray","Outmaneuver"],"picked":"Catalyst","floor":27},{"not_picked":["Dodge and Roll","Sucker Punch","Choke+1"],"picked":"SKIP","floor":30},{"not_picked":["Dagger Throw","Quick Slash","Sucker Punch"],"picked":"SKIP","floor":35},{"not_picked":["Cloak And Dagger","Leg Sweep"],"picked":"Calculated Gamble","floor":39},{"not_picked":["Flying Knee","Backflip","Bane"],"picked":"SKIP","floor":41},{"not_picked":["Poisoned Stab+1","Choke+1","PiercingWail"],"picked":"SKIP","floor":42},{"not_picked":["Flechettes+1","Outmaneuver","Cloak And Dagger"],"picked":"SKIP","floor":46},{"not_picked":["Backflip","Skewer+1","Poisoned Stab+1"],"picked":"SKIP","floor":47},{"not_picked":["Deflect+1","Venomology","Backflip"],"picked":"SKIP","floor":48},{"not_picked":["Outmaneuver+1","Prepared"],"picked":"Poisoned Stab+1","floor":54}],"player_experience":1110184,"relics_obtained":[{"floor":6.0,"key":"Mercury Hourglass"},{"floor":9.0,"key":"Mummified Hand"},{"floor":11.0,"key":"Boot"},{"floor":31,"key":"Enchiridion"},{"floor":41,"key":"Molten Egg 2"},{"floor":41,"key":"Unceasing Top"},{"floor":43,"key":"Pear"},{"floor":47,"key":"Sundial"},{"floor":47,"key":"Regal Pillow"},{"floor":54,"key":"Paper Crane"},{"floor":54,"key":"Du-Vu Doll"}],"event_choices":[{"cards_removed":["Wraith Form v2"],"damage_healed":0.0,"max_hp_gain":0.0,"max_hp_loss":0.0,"gold_gain":0.0,"event_name":"WeMeetAgain","player_choice":"Gave Card","floor":2.0,"gold_loss":0.0,"damage_taken":0.0,"relics_obtained":["Nunchaku"]},{"damage_healed":0.0,"max_hp_gain":0.0,"max_hp_loss":0.0,"gold_gain":0.0,"event_name":"Scrap Ooze","player_choice":"Success","floor":4.0,"gold_loss":0.0,"damage_taken":11.0,"relics_obtained":["Strawberry"]},{"cards_removed":["Strike_G"],"damage_healed":0.0,"max_hp_gain":0.0,"max_hp_loss":0.0,"gold_gain":0.0,"event_name":"Golden Wing","player_choice":"Card Removal","floor":13.0,"gold_loss":0.0,"damage_taken":7.0},{"damage_healed":0,"gold_gain":0,"player_choice":"Ignored","damage_taken":0,"max_hp_gain":0,"max_hp_loss":0,"event_name":"Ghosts","floor":20,"gold_loss":0},{"damage_healed":0,"gold_gain":0,"cards_transformed":["Defend_G","Defend_G"],"player_choice":"Became Test Subject","damage_taken":0,"max_hp_gain":0,"max_hp_loss":0,"event_name":"Drug Dealer","floor":21,"gold_loss":0,"cards_obtained":["Predator","Backflip"]},{"damage_healed":0,"gold_gain":0,"player_choice":"Obtained Book","damage_taken":21,"max_hp_gain":0,"max_hp_loss":0,"event_name":"Cursed Tome","floor":31,"gold_loss":0},{"damage_healed":0,"gold_gain":0,"player_choice":"Max HP","damage_taken":0,"max_hp_gain":0,"max_hp_loss":4,"event_name":"Winding Halls","floor":36,"gold_loss":0},{"damage_healed":0,"gold_gain":0,"cards_transformed":["Defend_G"],"player_choice":"Transformed","damage_taken":0,"max_hp_gain":0,"max_hp_loss":0,"event_name":"Transmorgrifier","floor":38,"gold_loss":0,"cards_obtained":["Acrobatics"]}],"is_beta":false,"boss_relics":[{"not_picked":["Pandora\u0027s Box","Lizard Tail"],"picked":"Tiny House"},{"not_picked":["WristBlade","Velvet Choker"],"picked":"Black Star"}],"items_purged_floors":[10,19,28,37],"is_endless":false,"potions_floor_spawned":[1,8,11,16,22,25,30,35,39,54],"ascension_level":15}