{"gold_per_floor":[117,117,117,134,62,62,97,97,120,148,148,178,195,36,36,136,136,150,169,181,106,66,66,85,95,95,95,95],"floor_reached":28,"playtime":885,"items_purged":[],"score":378,"play_id":"5ea5f923-8c8a-4425-b634-d06e23c4dcb8","local_time":"20180918080237","is_ascension_mode":true,"campfire_choices":[{"data":"Cold Snap","floor":6,"key":"SMITH"},{"data":"Sunder","floor":8,"key":"SMITH"},{"floor":11,"key":"REST"},{"data":"Loop","floor":15,"key":"SMITH"},{"floor":23,"key":"REST"}],"neow_cost":"NONE","seed_source_timestamp":85641705124930,"circlet_count":0,"master_deck":["Strike_B","Strike_B","Strike_B+1","Strike_B","Defend_B","Defend_B","Defend_B","Zap","Dualcast+1","Cold Snap+1","BootSequence","Loop+1","Sunder+1","Turbo","Auto Shields","Core Surge","Electrodynamics","Barrage","Conserve Battery+1","Ball Lightning","Decay"],"relics":["Cracked Core","NeowsBlessing","Bag of Marbles","Boot","Smiling Mask","Strawberry","Inserter","Mummified Hand"],"potions_floor_usage":[10,10,18,19,24,28,28],"damage_taken":[{"damage":0,"enemies":"Small Slimes","floor":1,"turns":1},{"damage":0,"enemies":"Jaw Worm","floor":4,"turns":1},{"damage":0,"enemies":"3 Sentries","floor":7,"turns":1},{"damage":32,"enemies":"Lagavulin","floor":10,"turns":4},{"damage":12,"enemies":"3 Sentries","floor":12,"turns":6},{"damage":2,"enemies":"2 Louse","floor":13,"turns":3},{"damage":50,"enemies":"Slime Boss","floor":16,"turns":15},{"damage":11,"enemies":"Spheric Guardian","floor":18,"turns":3},{"damage":21,"enemies":"Shell Parasite","floor":19,"turns":5},{"damage":29,"enemies":"Shelled Parasite and Fungi","floor":20,"turns":9},{"damage":0,"enemies":"Cultist and Chosen","floor":24,"turns":4},{"damage":14,"enemies":"Snecko","floor":25,"turns":4},{"damage":33,"enemies":"Gremlin Leader","floor":28,"turns":4}],"seed_played":"4546783477531450419","potions_obtained":[{"floor":4,"key":"PowerPotion"},{"floor":7,"key":"SkillPotion"},{"floor":13,"key":"Dexterity Potion"},{"floor":16,"key":"Explosive Potion"},{"floor":20,"key":"Fire Potion"},{"floor":24,"key":"FocusPotion"},{"floor":25,"key":"Regen Potion"}],"is_trial":false,"path_per_floor":["M","?","?","M","$","R","E","R","T","E","R","E","M","$","R","B",null,"M","M","M","?","?","R","M","M","T","?"],"character_chosen":"DEFECT","items_purchased":["Loop","Core Surge"],"campfire_rested":2,"item_purchase_floors":[5,14],"current_hp_per_floor":[68,73,73,73,73,73,73,73,73,41,65,60,58,58,58,8,67,56,35,6,6,6,32,32,18,18,18,0],"gold":95,"neow_bonus":"THREE_ENEMY_KILL","is_prod":false,"is_daily":false,"chose_seed":false,"campfire_upgraded":3,"win_rate":0,"timestamp":1537272157,"path_taken":["M","?","?","M","$","R","E","R","T","E","R","E","?","?","R","BOSS","M","?","M","?","?","R","M","?","T","?","E"],"build_version":"2018-09-06","purchased_purges":0,"victory":false,"max_hp_per_floor":[75,80,80,80,80,80,80,80,80,80,80,87,87,87,87,87,87,87,87,87,87,87,87,87,87,87,87,87],"card_choices":[{"not_picked":["Hologram","Compile Driver"],"picked":"Cold Snap","floor":1},{"not_picked":["Turbo","Hologram"],"picked":"BootSequence","floor":4},{"not_picked":["BootSequence","FTL"],"picked":"Sunder","floor":7},{"not_picked":["Reinforced Body","Scrape","Coolheaded"],"picked":"SKIP","floor":10},{"not_picked":["Heatsinks","Storm"],"picked":"Turbo","floor":12},{"not_picked":["Loop","Capacitor"],"picked":"Auto Shields","floor":13},{"not_picked":["Seek","Echo Form"],"picked":"Electrodynamics","floor":16},{"not_picked":["Rebound","Defragment"],"picked":"Barrage","floor":18},{"not_picked":["Gash+1","Cold Snap","Steam"],"picked":"SKIP","floor":19},{"not_picked":["Streamline","Redo+1"],"picked":"Conserve Battery+1","floor":20},{"not_picked":["Storm","Double Energy"],"picked":"Ball Lightning","floor":24},{"not_picked":["Ball Lightning","Redo","Streamline"],"picked":"SKIP","floor":25}],"player_experience":546865,"relics_obtained":[{"floor":7,"key":"Bag of Marbles"},{"floor":9,"key":"Boot"},{"floor":10,"key":"Smiling Mask"},{"floor":12,"key":"Strawberry"},{"floor":26,"key":"Mummified Hand"}],"event_choices":[{"event_name":"Big Fish","player_choice":"Donut","floor":2,"damage_taken":0},{"event_name":"Golden Wing","player_choice":"Ignored","floor":3,"damage_taken":0},{"event_name":"Beggar","player_choice":"Gave Gold","floor":21,"damage_taken":0},{"event_name":"Designer","player_choice":"Upgrade 2 Random Cards","floor":22,"damage_taken":0},{"event_name":"Forgotten Altar","player_choice":"Smashed Altar","floor":27,"damage_taken":0}],"is_beta":false,"boss_relics":[{"not_picked":["Pandora\u0027s Box","Calling Bell"],"picked":"Inserter"}],"items_purged_floors":[],"is_endless":false,"potions_floor_spawned":[4,7,13,16,20,24,25],"killed_by":"Gremlin Leader","ascension_level":9}