{"gold_per_floor":[115,132,307,121,133,133,161,161,161,191,204,218,236,284,296,406,418,446,458,745,757],"floor_reached":21,"playtime":688,"items_purged":["Doubt"],"score":236,"play_id":"ecf6c679-0ff7-4083-9edd-05b2d8d3ab32","local_time":"20180818193951","is_ascension_mode":true,"campfire_choices":[{"data":"Loop","floor":6,"key":"SMITH"},{"floor":8,"key":"REST"},{"floor":15,"key":"REST"}],"neow_cost":"NONE","seed_source_timestamp":0,"circlet_count":0,"master_deck":["Strike_B","Strike_B","Strike_B","Strike_B","Defend_B","Defend_B","Defend_B","Defend_B","Zap","Dualcast","Loop+1","Defragment","Reinforced Body","Sweeping Beam","Undo","Machine Learning+1","Consume","Genetic Algorithm","Buffer+1","Normality","Decay","Shame","Leap","Regret"],"special_seed":0,"relics":["Cracked Core","Ancient Tea Set","Frozen Egg 2","Mummified Hand","Question Card","MawBank","Calling Bell","Centennial Puzzle","Molten Egg 2","Peace Pipe"],"potions_floor_usage":[7,13,13,21,21],"damage_taken":[{"damage":6.0,"enemies":"Cultist","floor":1.0,"turns":4.0},{"damage":16.0,"enemies":"Small Slimes","floor":2.0,"turns":3.0},{"damage":0,"enemies":"Jaw Worm","floor":5,"turns":3},{"damage":15,"enemies":"3 Sentries","floor":7,"turns":5},{"damage":25,"enemies":"Gremlin Nob","floor":10,"turns":4},{"damage":6,"enemies":"Exordium Wildlife","floor":11,"turns":5},{"damage":11,"enemies":"3 Louse","floor":12,"turns":4},{"damage":6,"enemies":"Exordium Thugs","floor":13,"turns":5},{"damage":18,"enemies":"Hexaghost","floor":16,"turns":9},{"damage":22,"enemies":"Chosen","floor":18,"turns":6},{"damage":25,"enemies":"Spheric Guardian","floor":21,"turns":5}],"seed_played":"-1683579993668532139","potions_obtained":[{"floor":1.0,"key":"Explosive Potion"},{"floor":10,"key":"Block Potion"},{"floor":12,"key":"SteroidPotion"},{"floor":13,"key":"SpeedPotion"},{"floor":16,"key":"Fire Potion"},{"floor":18,"key":"AttackPotion"}],"is_trial":false,"path_per_floor":["M","M","?","$","M","R","E","R","T","E","M","M","M","T","R","B",null,"M","?","?"],"character_chosen":"DEFECT","items_purchased":["Defragment","Reinforced Body"],"campfire_rested":2,"item_purchase_floors":[4,4],"current_hp_per_floor":[69,53,53,53,53,53,38,60,60,35,29,18,12,12,34,16,60,38,24,24,0],"gold":757,"neow_bonus":"RANDOM_COMMON_RELIC","is_prod":false,"is_daily":false,"chose_seed":false,"campfire_upgraded":1,"win_rate":0,"timestamp":1534613991,"path_taken":["M","?","?","?","M","R","E","R","T","E","M","?","M","?","R","BOSS","M","?","?","M"],"build_version":"2018-08-16","purchased_purges":1,"victory":false,"max_hp_per_floor":[75,75,75,75,75,75,75,75,75,75,75,75,75,75,75,75,75,75,80,80,80],"card_choices":[{"not_picked":["Chill","Doom and Gloom"],"picked":"Loop","floor":1.0},{"not_picked":["Stack","Fusion","Go for the Eyes"],"picked":"SKIP","floor":2},{"not_picked":["Steam Power","Rebound"],"picked":"Sweeping Beam","floor":5},{"not_picked":["Ball Lightning","Scrape"],"picked":"Undo","floor":7},{"not_picked":["Chill","Melter"],"picked":"Machine Learning+1","floor":10},{"not_picked":["Steam","Conserve Battery","Turbo"],"picked":"Consume","floor":11},{"not_picked":["Conserve Battery","Reprogram","Consume"],"picked":"Genetic Algorithm","floor":12},{"not_picked":["Ball Lightning","Coolheaded","Sweeping Beam","Stack"],"picked":"SKIP","floor":13},{"not_picked":["All For One","Seek","Hyperbeam"],"picked":"Buffer+1","floor":16},{"not_picked":["Gash+1","Coolheaded","Streamline+1"],"picked":"Leap","floor":18}],"player_experience":82396,"relics_obtained":[{"floor":7,"key":"Frozen Egg 2"},{"floor":9,"key":"Mummified Hand"},{"floor":10,"key":"Question Card"},{"floor":14,"key":"MawBank"},{"floor":17,"key":"Centennial Puzzle"},{"floor":17,"key":"Molten Egg 2"},{"floor":17,"key":"Peace Pipe"}],"event_choices":[{"event_name":"Liars Game","player_choice":"agreed","floor":3,"damage_taken":0},{"event_name":"Forgotten Altar","player_choice":"Shed Blood","floor":19,"damage_taken":0},{"event_name":"Golden Shrine","player_choice":"Desecrate","floor":20,"damage_taken":0}],"is_beta":true,"boss_relics":[{"not_picked":["Empty Cage","Philosopher\u0027s Stone"],"picked":"Calling Bell"}],"items_purged_floors":[4],"is_endless":false,"potions_floor_spawned":[1,10,12,13,16,18],"killed_by":"Spheric Guardian","ascension_level":5}