{"path_per_floor":["M","?","$","M","M","R","E","R","T","M","M","?","T","?","R","B",null,"M","$","?","?","M","R","E","M","T","R","$","?","M","M","R","B",null,"M","$","?","M","M","E","?","M","T","E","R","M","M","?","R"],"character_chosen":"DEFECT","items_purchased":["Purity","White Noise"],"gold_per_floor":[111,286,211,231,243,243,301,301,324,340,352,352,352,302,302,405,405,387,102,102,102,112,112,140,154,154,154,29,29,44,54,54,150,150,163,13,13,23,41,74,74,89,89,118,118,131,150,150,150,150],"floor_reached":50,"campfire_rested":4,"playtime":3706,"item_purchase_floors":[19,19],"current_hp_per_floor":[69,69,69,64,49,49,16,16,16,8,9,9,9,9,33,9,81,68,68,62,46,47,47,21,13,13,41,41,41,37,31,61,17,102,103,103,103,106,83,69,69,63,63,4,40,33,36,110,110,0],"items_purged":["Decay","Doubt","Doubt","Strike_B"],"gold":150,"score":676,"play_id":"6b03f77f-f883-464f-a1bf-f26f1dd04669","local_time":"20180618085335","is_prod":false,"is_daily":false,"chose_seed":false,"is_ascension_mode":true,"campfire_upgraded":4,"win_rate":0,"timestamp":1529283215,"campfire_choices":[{"data":"Darkness","floor":6,"key":"SMITH"},{"data":"Hologram","floor":8,"key":"SMITH"},{"floor":15,"key":"REST"},{"data":"Purity","floor":23,"key":"SMITH"},{"floor":27,"key":"REST"},{"floor":32,"key":"REST"},{"floor":45,"key":"REST"},{"data":"Loop","floor":49,"key":"SMITH"}],"path_taken":["M","?","$","M","M","R","E","R","T","?","M","?","?","?","R","BOSS","M","$","?","?","M","R","E","M","T","R","$","?","?","M","R","BOSS","M","$","?","M","?","E","?","M","T","E","R","M","M","?","R","BOSS"],"build_version":"2018-06-14v2","seed_source_timestamp":40682683705716,"purchased_purges":4,"victory":false,"master_deck":["Strike_B","Defend_B","Defend_B","Defend_B","Defend_B","Zap","Dualcast+1","Coolheaded","Darkness+1","Hologram+1","Rainbow","Purity+1","White Noise","RitualDagger","Auto Shields+1","Glacier","Leap+1","White Noise+1","Panacea","Loop+1"],"max_hp_per_floor":[75,75,75,75,75,75,77,77,77,79,81,81,81,81,81,81,81,83,83,83,88,90,90,92,94,94,94,94,94,98,100,100,102,102,104,104,104,108,112,114,114,118,118,120,120,124,126,110,110,110],"relics":["Calling Bell","Singing Bowl","Cables","Turnip","Tiny Chest","DataDisk","Emotion Chip","Runic Pyramid","Prayer Wheel","Lantern","Black Star","Boot","Bag of Preparation","Ice Cream","Bottled Lightning","Pantograph"],"card_choices":[{"not_picked":["Streamline","Glacier"],"picked":"Coolheaded","floor":1},{"not_picked":["Rebound","Stack"],"picked":"Darkness","floor":4},{"not_picked":["Meteor Strike","Barrage"],"picked":"Hologram","floor":5},{"not_picked":["Compile Driver","Chaos","Self Repair"],"picked":"Singing Bowl","floor":7},{"not_picked":["Hologram","Redo","Rebound"],"picked":"Singing Bowl","floor":10},{"not_picked":["Stack","Rebound","Buffer"],"picked":"Singing Bowl","floor":11},{"not_picked":["Biased Cognition","Echo Form"],"picked":"Rainbow","floor":16},{"not_picked":["Sunder","Ball Lightning","Darkness"],"picked":"Singing Bowl","floor":18},{"not_picked":["Gash","Hologram","Barrage+1"],"picked":"Singing Bowl","floor":22},{"not_picked":["Genetic Algorithm","Barrage","Echo Form"],"picked":"Singing Bowl","floor":24},{"not_picked":["Undo+1","Turbo"],"picked":"Auto Shields+1","floor":25},{"not_picked":["Genetic Algorithm","Doom and Gloom","Heatsinks"],"picked":"Singing Bowl","floor":25},{"not_picked":["Darkness","Cold Snap","Stack"],"picked":"Singing Bowl","floor":30},{"not_picked":["Sweeping Beam","Recycle","Steam Power+1"],"picked":"Singing Bowl","floor":30},{"not_picked":["Chill","Darkness"],"picked":"Leap+1","floor":31},{"not_picked":["Go for the Eyes","Streamline","Chill+1"],"picked":"Singing Bowl","floor":31},{"not_picked":["Amplify","Thunder Strike","Seek"],"picked":"Singing Bowl","floor":33},{"not_picked":["Consume","Coolheaded+1"],"picked":"White Noise+1","floor":35},{"not_picked":["Leap","Go for the Eyes+1","BootSequence"],"picked":"Singing Bowl","floor":35},{"not_picked":["Melter","Cold Snap","Ball Lightning+1"],"picked":"Singing Bowl","floor":38},{"not_picked":["Sweeping Beam+1","Conserve Battery","Darkness"],"picked":"Singing Bowl","floor":38},{"not_picked":["Steam Power","Compile Driver+1","Static Discharge"],"picked":"Singing Bowl","floor":39},{"not_picked":["Sweeping Beam","Blizzard+1","Go for the Eyes"],"picked":"Singing Bowl","floor":39},{"not_picked":["Coolheaded+1","Hello World","Ball Lightning+1"],"picked":"Singing Bowl","floor":40},{"not_picked":["Sadistic Nature","Madness"],"picked":"Panacea","floor":41},{"not_picked":["Cold Snap","Sweeping Beam+1","Hologram"],"picked":"Singing Bowl","floor":42},{"not_picked":["Leap+1","Cold Snap","Chaos+1"],"picked":"Singing Bowl","floor":42},{"not_picked":["Cold Snap","Genetic Algorithm+1","Steam"],"picked":"Singing Bowl","floor":44},{"not_picked":["Ball Lightning","Auto Shields","Reprogram+1"],"picked":"Singing Bowl","floor":46},{"not_picked":["Rebound+1","Chaos","Beam Cell+1"],"picked":"Singing Bowl","floor":46},{"not_picked":["Turbo","Consume+1"],"picked":"Loop","floor":47},{"not_picked":["Leap","Compile Driver","Go for the Eyes"],"picked":"Singing Bowl","floor":47}],"player_experience":264554,"potions_floor_usage":[7,16,18,25,33,42,42,46,47],"damage_taken":[{"damage":6,"enemies":"Small Slimes","floor":1,"turns":3},{"damage":5,"enemies":"Cultist","floor":4,"turns":5},{"damage":15,"enemies":"2 Louse","floor":5,"turns":3},{"damage":35,"enemies":"3 Sentries","floor":7,"turns":7},{"damage":10,"enemies":"Red Slaver","floor":10,"turns":4},{"damage":1,"enemies":"Looter","floor":11,"turns":2},{"damage":24,"enemies":"Hexaghost","floor":16,"turns":6},{"damage":15,"enemies":"2 Thieves","floor":18,"turns":4},{"damage":8,"enemies":"Shell Parasite","floor":22,"turns":3},{"damage":28,"enemies":"Book of Stabbing","floor":24,"turns":5},{"damage":10,"enemies":"Snake Plant","floor":25,"turns":3},{"damage":8,"enemies":"3 Cultists","floor":30,"turns":5},{"damage":8,"enemies":"Centurion and Healer","floor":31,"turns":4},{"damage":46,"enemies":"Champ","floor":33,"turns":9},{"damage":1,"enemies":"3 Shapes","floor":35,"turns":6},{"damage":8,"enemies":"Orb Walker","floor":38,"turns":4},{"damage":27,"enemies":"Sphere and 2 Shapes","floor":39,"turns":3},{"damage":16,"enemies":"Nemesis","floor":40,"turns":7},{"damage":10,"enemies":"4 Shapes","floor":42,"turns":5},{"damage":61,"enemies":"Giant Head","floor":44,"turns":8},{"damage":11,"enemies":"3 Darklings","floor":46,"turns":6},{"damage":6,"enemies":"Maw","floor":47,"turns":5},{"damage":110,"enemies":"Awakened One","floor":50,"turns":9}],"relics_obtained":[{"floor":0,"key":"Singing Bowl"},{"floor":0,"key":"Cables"},{"floor":0,"key":"Turnip"},{"floor":7,"key":"Tiny Chest"},{"floor":9,"key":"DataDisk"},{"floor":13,"key":"Emotion Chip"},{"floor":24,"key":"Prayer Wheel"},{"floor":26,"key":"Lantern"},{"floor":40,"key":"Boot"},{"floor":40,"key":"Bag of Preparation"},{"floor":43,"key":"Ice Cream"},{"floor":44,"key":"Bottled Lightning"},{"floor":44,"key":"Pantograph"}],"event_choices":[{"event_name":"Liars Game","player_choice":"agreed","floor":2,"damage_taken":0},{"event_name":"Upgrade Shrine","player_choice":"Upgraded","floor":12,"damage_taken":0},{"event_name":"The Cleric","player_choice":"Card Removal","floor":14,"damage_taken":0},{"event_name":"Nest","player_choice":"Joined the Cult","floor":20,"damage_taken":0},{"event_name":"Forgotten Altar","player_choice":"Shed Blood","floor":21,"damage_taken":0},{"event_name":"Transmorgrifier","player_choice":"Transform","floor":29,"damage_taken":0},{"event_name":"Falling","player_choice":"Removed Attack","floor":37,"damage_taken":0},{"event_name":"SensoryStone","player_choice":"Memory 1","floor":41,"damage_taken":0},{"event_name":"The Moai Head","player_choice":"Heal","floor":48,"damage_taken":0}],"boss_relics":[{"not_picked":["Coffee Dripper","Nuclear Battery"],"picked":"Runic Pyramid"},{"not_picked":["Eternal Feather","Inserter"],"picked":"Black Star"}],"items_purged_floors":[3,19,28,36],"is_endless":false,"potions_floor_spawned":[1,11,16,24,31,33,35,39,44,46],"seed_played":"8654873046880850379","killed_by":"Awakened One","ascension_level":4,"potions_obtained":[{"floor":1,"key":"PowerPotion"},{"floor":11,"key":"SkillPotion"},{"floor":16,"key":"EssenceOfSteel"},{"floor":24,"key":"Dexterity Potion"},{"floor":31,"key":"Energy Potion"},{"floor":33,"key":"Swift Potion"},{"floor":35,"key":"SteroidPotion"},{"floor":39,"key":"Explosive Potion"},{"floor":44,"key":"EssenceOfSteel"},{"floor":46,"key":"SkillPotion"}],"is_trial":false}