{"gold_per_floor":[118,118,118,136,153,185,185,211,235,235,251,251,268,268,268,268],"floor_reached":16,"playtime":662,"items_purged":[],"score":220,"play_id":"6555d7c1-8b14-4573-98e7-a4e9b9694811","local_time":"20190317165207","is_ascension_mode":true,"campfire_choices":[{"data":"Berserk","floor":7,"key":"SMITH"},{"data":"Reaper","floor":10,"key":"SMITH"},{"floor":12,"key":"REST"},{"data":"Bash","floor":15,"key":"SMITH"}],"neow_cost":"CURSE","seed_source_timestamp":374715205817428,"circlet_count":0,"master_deck":["AscendersBane","Strike_R","Strike_R","Strike_R","Strike_R","Strike_R","Defend_R","Defend_R","Defend_R","Defend_R","Bash+1","Flash of Steel","PanicButton","Rampage","Regret","Twin Strike","Uppercut+1","Berserk+1","Reaper+1","Clash","Evolve"],"relics":["Burning Blood","Lantern","Omamori","Unceasing Top","Blood Vial"],"potions_floor_usage":[6,6,8,16],"damage_taken":[{"damage":0,"enemies":"Jaw Worm","floor":1,"turns":3},{"damage":10,"enemies":"Small Slimes","floor":4,"turns":4},{"damage":6,"enemies":"Cultist","floor":5,"turns":3},{"damage":16,"enemies":"Lagavulin","floor":6,"turns":4},{"damage":43,"enemies":"3 Sentries","floor":8,"turns":9},{"damage":25,"enemies":"Exordium Wildlife","floor":11,"turns":4},{"damage":0,"enemies":"Looter","floor":13,"turns":2},{"damage":67,"enemies":"Hexaghost","floor":16,"turns":9}],"seed_played":"-1125089601779055503","potions_obtained":[{"floor":1,"key":"FearPotion"},{"floor":5,"key":"SkillPotion"},{"floor":6,"key":"Regen Potion"},{"floor":11,"key":"Ancient Potion"}],"is_trial":false,"path_per_floor":["M","?","?","M","M","E","R","E","T","R","M","R","M","?","R","B"],"character_chosen":"IRONCLAD","items_purchased":[],"campfire_rested":1,"item_purchase_floors":[],"current_hp_per_floor":[74,74,74,70,70,60,60,38,38,38,21,43,58,58,58,0],"gold":268,"neow_bonus":"RANDOM_COLORLESS_2","is_prod":false,"is_daily":false,"chose_seed":false,"campfire_upgraded":3,"win_rate":0,"timestamp":1552866727,"path_taken":["M","?","?","M","?","E","R","E","T","R","M","R","M","?","R","BOSS"],"build_version":"2019-01-23","purchased_purges":0,"victory":false,"max_hp_per_floor":[75,75,75,75,75,75,75,75,75,75,75,75,75,75,75,75],"card_choices":[{"not_picked":["Shrug It Off","Havoc"],"picked":"Rampage","floor":1},{"not_picked":["Heavy Blade","Pommel Strike"],"picked":"Twin Strike","floor":4},{"not_picked":["Warcry","Reckless Charge"],"picked":"Uppercut","floor":5},{"not_picked":["Pommel Strike","Feel No Pain"],"picked":"Berserk","floor":6},{"not_picked":["Disarm","Thunderclap"],"picked":"Reaper","floor":8},{"not_picked":["Cleave","Body Slam"],"picked":"Clash","floor":11},{"not_picked":["Perfected Strike","Pommel Strike"],"picked":"Evolve","floor":13}],"player_experience":259920,"relics_obtained":[{"floor":6,"key":"Omamori"},{"floor":8,"key":"Unceasing Top"},{"floor":9,"key":"Blood Vial"}],"event_choices":[{"cards_removed":["Regret"],"damage_healed":0,"gold_gain":0,"player_choice":"Forget","damage_taken":0,"max_hp_gain":0,"max_hp_loss":0,"event_name":"Living Wall","floor":2,"gold_loss":0},{"damage_healed":0,"gold_gain":0,"player_choice":"Box","damage_taken":0,"relics_obtained":["Lantern"],"max_hp_gain":0,"max_hp_loss":0,"event_name":"Big Fish","floor":3,"gold_loss":0,"cards_obtained":["Regret"]},{"damage_healed":0,"gold_gain":0,"player_choice":"Upgraded","damage_taken":0,"max_hp_gain":0,"max_hp_loss":0,"event_name":"Upgrade Shrine","floor":14,"gold_loss":0,"cards_upgraded":["Uppercut"]}],"is_beta":false,"boss_relics":[],"items_purged_floors":[],"is_endless":false,"potions_floor_spawned":[1,5,6,11],"killed_by":"Hexaghost","ascension_level":20}