{"gold_per_floor":[119,139,155,125,141,176,176,189,189,189,364,329,348,348,348,449,499,511,522,397,422,422,422,438,438,438,468,38,108,108,124,124,124],"floor_reached":33,"playtime":1304,"items_purged":["Doubt","Defend_B"],"score":358,"play_id":"796c98e8-7535-4ae4-b989-510be602ad9c","local_time":"20180914100649","is_ascension_mode":true,"campfire_choices":[{"data":"Gash","floor":7.0,"key":"SMITH"},{"data":"Defragment","floor":10.0,"key":"SMITH"},{"data":"Zap","floor":15.0,"key":"SMITH"},{"floor":23.0,"key":"REST"},{"floor":25.0,"key":"REST"},{"floor":30.0,"key":"REST"},{"floor":32.0,"key":"REST"}],"neow_cost":"NONE","seed_source_timestamp":0,"circlet_count":0,"master_deck":["Strike_B","Strike_B","Strike_B","Strike_B","Defend_B","Defend_B+1","Defend_B","Zap+1","Dualcast","Defragment+1","Genetic Algorithm","Defragment+1","Glacier","Gash+1","Steam Power","Turbo","Thunder Strike","Ball Lightning","BootSequence","Hologram","Redo+1","Rainbow","Beam Cell"],"special_seed":0,"relics":["Cracked Core","Potion Belt","Bottled Flame","Pantograph","Tiny House","Red Mask","Gambling Chip","Vajra","Pocketwatch","Darkstone Periapt"],"potions_floor_usage":[33,33],"damage_taken":[{"damage":2.0,"enemies":"2 Louse","floor":1.0,"turns":2.0},{"damage":0.0,"enemies":"Small Slimes","floor":2.0,"turns":3.0},{"damage":0.0,"enemies":"Cultist","floor":3.0,"turns":3.0},{"damage":4.0,"enemies":"Looter","floor":4.0,"turns":4.0},{"damage":14.0,"enemies":"3 Louse","floor":5.0,"turns":4.0},{"damage":19.0,"enemies":"3 Sentries","floor":6.0,"turns":8.0},{"damage":12.0,"enemies":"2 Fungi Beasts","floor":8.0,"turns":4.0},{"damage":0.0,"enemies":"Looter","floor":13.0,"turns":4.0},{"damage":62.0,"enemies":"The Guardian","floor":16.0,"turns":14.0},{"damage":20.0,"enemies":"Shell Parasite","floor":18.0,"turns":8.0},{"damage":8.0,"enemies":"Chosen","floor":19.0,"turns":5.0},{"damage":33.0,"enemies":"Masked Bandits","floor":21.0,"turns":5.0},{"damage":22.0,"enemies":"Centurion and Healer","floor":24.0,"turns":9.0},{"damage":37.0,"enemies":"Slavers","floor":27.0,"turns":8.0},{"damage":30.0,"enemies":"Shelled Parasite and Fungi","floor":31.0,"turns":5.0},{"damage":58,"enemies":"Automaton","floor":33,"turns":8}],"seed_played":"6402283331084378378","potions_obtained":[{"floor":1.0,"key":"SteroidPotion"},{"floor":5.0,"key":"Fruit Juice"},{"floor":13.0,"key":"Regen Potion"},{"floor":17.0,"key":"LiquidBronze"},{"floor":19.0,"key":"Dexterity Potion"},{"floor":27.0,"key":"Poison Potion"},{"floor":31.0,"key":"LiquidBronze"}],"is_trial":false,"path_per_floor":["M","M","M","M","M","E","R","M","T","R","?","?","M","?","R","B",null,"M","M","$","?","?","R","M","R","T","E","$","T","R","M","R"],"character_chosen":"DEFECT","items_purchased":["Hologram","Pocketwatch","Beam Cell"],"campfire_rested":4,"item_purchase_floors":[20,28,28],"current_hp_per_floor":[66,66,66,62,48,34,34,22,22,22,22,42,42,42,42,5,66,46,38,38,19,19,44,22,47,47,10,10,10,35,5,30,0],"gold":124,"neow_bonus":"RANDOM_COMMON_RELIC","is_prod":false,"is_daily":false,"chose_seed":false,"campfire_upgraded":3,"win_rate":0,"timestamp":1536934009,"path_taken":["M","M","M","M","M","E","R","M","T","R","?","?","M","?","R","BOSS","M","M","$","?","?","R","?","R","T","E","$","?","R","M","R","BOSS"],"build_version":"2018-09-06","purchased_purges":2,"victory":false,"max_hp_per_floor":[75,75,75,75,75,80,80,80,80,80,80,80,80,80,80,80,85,85,85,85,85,85,85,85,85,85,85,85,85,85,85,85,85],"card_choices":[{"not_picked":["Capacitor","Barrage"],"picked":"Defragment","floor":1.0},{"not_picked":["Streamline","Cold Snap"],"picked":"Genetic Algorithm","floor":2.0},{"not_picked":["Sweeping Beam","Capacitor"],"picked":"Defragment","floor":3.0},{"not_picked":["Leap","Redo"],"picked":"Glacier","floor":4.0},{"not_picked":["Barrage","Ball Lightning"],"picked":"Gash","floor":5.0},{"not_picked":["Conserve Battery","Streamline"],"picked":"Steam Power","floor":6.0},{"not_picked":["Double Energy","Ball Lightning"],"picked":"Turbo","floor":8.0},{"not_picked":["Darkness","Turbo","Fusion"],"picked":"SKIP","floor":13.0},{"not_picked":["Reboot","Buffer"],"picked":"Thunder Strike","floor":16.0},{"not_picked":["Redo","Cold Snap"],"picked":"Ball Lightning","floor":17.0},{"not_picked":["Go for the Eyes+1","Cold Snap","Static Discharge"],"picked":"SKIP","floor":18.0},{"not_picked":["Rebound","Blizzard"],"picked":"BootSequence","floor":19.0},{"not_picked":["Skim","Recycle"],"picked":"Redo+1","floor":24.0},{"not_picked":["Beam Cell","Go for the Eyes"],"picked":"Rainbow","floor":27.0},{"not_picked":["Doom and Gloom","Coolheaded","Cold Snap"],"picked":"SKIP","floor":31.0}],"player_experience":527779,"relics_obtained":[{"floor":6.0,"key":"Bottled Flame"},{"floor":9.0,"key":"Pantograph"},{"floor":21.0,"key":"Red Mask"},{"floor":26.0,"key":"Gambling Chip"},{"floor":27.0,"key":"Vajra"},{"floor":29.0,"key":"Darkstone Periapt"}],"event_choices":[{"event_name":"Liars Game","player_choice":"agreed","floor":11.0,"damage_taken":0.0},{"event_name":"The Cleric","player_choice":"Healed","floor":12.0,"damage_taken":0.0},{"event_name":"Living Wall","player_choice":"Grow","floor":14.0,"damage_taken":0.0},{"event_name":"Masked Bandits","player_choice":"Fought Bandits","floor":21.0,"damage_taken":0.0},{"event_name":"Ghosts","player_choice":"Ignored","floor":22.0,"damage_taken":0.0}],"is_beta":false,"boss_relics":[{"not_picked":["Philosopher\u0027s Stone","Fusion Hammer"],"picked":"Tiny House"}],"items_purged_floors":[20,28],"is_endless":false,"potions_floor_spawned":[1,5,13,19,27,31],"killed_by":"Automaton","ascension_level":7}