{"gold_per_floor":[109,109,18,18,28,54,54,85,85,98,115,115,133,148,148,224,224,236,197,214,214,214,214,214,214,214,232,131,162,162,175,175,175],"floor_reached":33,"playtime":950,"items_purged":[],"score":624,"play_id":"36fd73c5-1866-48d9-bab9-6b6e22b382c8","local_time":"20181123110334","is_ascension_mode":true,"campfire_choices":[{"data":"Riddle With Holes","floor":7.0,"key":"SMITH"},{"data":"Neutralize","floor":12.0,"key":"SMITH"},{"floor":15.0,"key":"REST"},{"floor":23.0,"key":"REST"},{"data":"Accuracy","floor":25.0,"key":"SMITH"},{"data":"1","floor":30.0,"key":"LIFT"},{"floor":32.0,"key":"REST"}],"neow_cost":"NONE","seed_source_timestamp":0,"circlet_count":0,"master_deck":["AscendersBane","Defend_G+1","Defend_G+1","Defend_G+1","Defend_G+1","Defend_G+1","Strike_G+1","Strike_G+1","Strike_G+1","Strike_G+1","Strike_G+1","Survivor","Neutralize+1","Blade Dance+1","Trip","Riddle With Holes+1","Backstab","Outmaneuver+1","Backstab","Reflex+1","Acrobatics+1","Bullet Time+1","Prepared+1","Accuracy+1","Deflect+1","Escape Plan+1","Underhanded Strike","Finisher","Caltrops","Finisher","Crippling Poison+1","Impatience+1","Tactician+1","Eviscerate"],"special_seed":0,"relics":["Ring of the Snake","NeowsBlessing","Kunai","Toxic Egg 2","Pen Nib","Orrery","Sundial","Girya"],"potions_floor_usage":[33],"damage_taken":[{"damage":0.0,"enemies":"Small Slimes","floor":1.0,"turns":1.0},{"damage":0.0,"enemies":"Jaw Worm","floor":5.0,"turns":1.0},{"damage":0.0,"enemies":"3 Sentries","floor":6.0,"turns":1.0},{"damage":36.0,"enemies":"Lagavulin","floor":8.0,"turns":7.0},{"damage":0.0,"enemies":"Cultist","floor":10.0,"turns":2.0},{"damage":0.0,"enemies":"Looter","floor":11.0,"turns":1.0},{"damage":1.0,"enemies":"3 Louse","floor":13.0,"turns":2.0},{"damage":0.0,"enemies":"2 Fungi Beasts","floor":14.0,"turns":2.0},{"damage":22.0,"enemies":"The Guardian","floor":16.0,"turns":14.0},{"damage":22.0,"enemies":"Spheric Guardian","floor":18.0,"turns":5.0},{"damage":2.0,"enemies":"2 Thieves","floor":20.0,"turns":3.0},{"damage":0.0,"enemies":"Book of Stabbing","floor":24.0,"turns":1.0},{"damage":9.0,"enemies":"Snake Plant","floor":27.0,"turns":3.0},{"damage":3.0,"enemies":"Gremlin Leader","floor":29.0,"turns":4.0},{"damage":35.0,"enemies":"Cultist and Chosen","floor":31.0,"turns":4.0},{"damage":36,"enemies":"Champ","floor":33,"turns":7}],"seed_played":"-5769184798563305627","potions_obtained":[{"floor":6.0,"key":"GamblersBrew"},{"floor":8.0,"key":"SpeedPotion"},{"floor":10.0,"key":"SmokeBomb"},{"floor":14.0,"key":"GhostInAJar"},{"floor":29.0,"key":"FairyPotion"},{"floor":31.0,"key":"Dexterity Potion"}],"is_trial":false,"path_per_floor":["M","?","$","?","M","E","R","E","T","M","M","R","M","M","R","B",null,"M","$","M","?","?","R","E","R","T","M","$","E","R","M","R","B"],"character_chosen":"THE_SILENT","items_purchased":["Trip","Caltrops","Impatience+1"],"campfire_rested":3,"item_purchase_floors":[3,19,28],"current_hp_per_floor":[59,59,59,59,59,59,59,23,23,23,23,23,22,22,41,19,54,32,32,30,30,30,49,49,49,49,40,40,37,37,2,21,0],"gold":175,"neow_bonus":"THREE_ENEMY_KILL","is_prod":false,"is_daily":false,"chose_seed":false,"campfire_upgraded":3,"win_rate":0,"timestamp":1542989014,"path_taken":["M","?","$","?","M","E","R","E","T","M","M","R","M","M","R","BOSS","M","$","M","?","?","R","E","R","T","M","?","E","R","?","R","BOSS"],"build_version":"2018-11-15","purchased_purges":0,"victory":false,"max_hp_per_floor":[66,66,66,66,66,66,66,66,66,66,66,66,66,66,66,66,66,66,66,66,66,66,66,66,66,66,66,66,66,66,66,66,66],"card_choices":[{"not_picked":["Bane","Crippling Poison"],"picked":"Blade Dance","floor":1.0},{"not_picked":["Prepared","Dagger Spray"],"picked":"Riddle With Holes","floor":5.0},{"not_picked":["Reflex","Outmaneuver"],"picked":"Backstab","floor":6.0},{"not_picked":["Dagger Spray","Blur"],"picked":"Outmaneuver","floor":8.0},{"not_picked":["Deadly Poison+1","Flying Knee"],"picked":"Backstab","floor":10.0},{"not_picked":["Dagger Throw","Poisoned Stab"],"picked":"Reflex+1","floor":11.0},{"not_picked":["Slice","Underhanded Strike","Grand Finale"],"picked":"SKIP","floor":13.0},{"not_picked":["Quick Slash","Finisher"],"picked":"Acrobatics+1","floor":14.0},{"not_picked":["Venomology+1","Grand Finale"],"picked":"Bullet Time+1","floor":16.0},{"not_picked":["Leg Sweep+1","Skewer"],"picked":"Prepared+1","floor":17.0},{"not_picked":["Escape Plan+1","Dodge and Roll+1"],"picked":"Accuracy","floor":17.0},{"not_picked":["Deadly Poison+1","Prepared+1"],"picked":"Deflect+1","floor":17.0},{"not_picked":["Acrobatics+1","Prepared+1"],"picked":"Escape Plan+1","floor":17.0},{"not_picked":["Flying Knee","Slice"],"picked":"Underhanded Strike","floor":17.0},{"not_picked":["Choke","Endless Agony"],"picked":"Finisher","floor":18.0},{"not_picked":["Prepared+1","Bullet Time+1"],"picked":"Finisher","floor":20.0},{"not_picked":["Deflect+1","Underhanded Strike"],"picked":"Crippling Poison+1","floor":27.0},{"not_picked":["Deadly Poison+1","Backflip+1"],"picked":"Tactician+1","floor":29.0},{"not_picked":["Poisoned Stab","Flying Knee"],"picked":"Eviscerate","floor":31.0}],"player_experience":767095,"relics_obtained":[{"floor":6.0,"key":"Kunai"},{"floor":8.0,"key":"Toxic Egg 2"},{"floor":9.0,"key":"Pen Nib"},{"floor":26.0,"key":"Sundial"},{"floor":29.0,"key":"Girya"}],"event_choices":[{"damage_healed":0.0,"max_hp_gain":0.0,"max_hp_loss":0.0,"gold_gain":0.0,"event_name":"Living Wall","player_choice":"Grow","floor":2.0,"gold_loss":0.0,"damage_taken":0.0,"cards_upgraded":["Blade Dance"]},{"damage_healed":0.0,"max_hp_gain":0.0,"max_hp_loss":0.0,"gold_gain":0.0,"event_name":"Golden Idol","player_choice":"Ignored","floor":4.0,"gold_loss":0.0,"damage_taken":0.0},{"damage_healed":0.0,"max_hp_gain":0.0,"max_hp_loss":0.0,"gold_gain":0.0,"event_name":"Back to Basics","player_choice":"Simplicity","floor":21.0,"gold_loss":0.0,"damage_taken":0.0,"cards_upgraded":["Defend_G","Defend_G","Defend_G","Defend_G","Defend_G","Strike_G","Strike_G","Strike_G","Strike_G","Strike_G"]},{"damage_healed":0.0,"max_hp_gain":0.0,"max_hp_loss":0.0,"gold_gain":0.0,"event_name":"Ghosts","player_choice":"Ignored","floor":22.0,"gold_loss":0.0,"damage_taken":0.0}],"is_beta":false,"boss_relics":[{"not_picked":["HoveringKite","Tiny House"],"picked":"Orrery"}],"items_purged_floors":[],"is_endless":false,"potions_floor_spawned":[6,8,10,14,29,31],"killed_by":"Champ","ascension_level":19}