{"gold_per_floor":[114,114,129,129,144,144,159,159,159,234,234,264,150,180,180,280,280,295,295,45,60,60,90,105,105],"floor_reached":25,"playtime":1171,"items_purged":["Strike_G"],"score":329,"play_id":"aae8f1d1-d9c5-4345-9faa-03aeb9d304a9","local_time":"20181228191053","daily_mods":["Specialized","Flight","Lethality"],"is_ascension_mode":false,"campfire_choices":[{"floor":6.0,"key":"REST"},{"floor":11.0,"key":"REST"},{"floor":15.0,"key":"REST"}],"neow_cost":"","seed_source_timestamp":0,"circlet_count":0,"master_deck":["Defend_G","Defend_G","Defend_G","Defend_G","Defend_G","Survivor","Neutralize","Grand Finale","Grand Finale","Grand Finale","Grand Finale","Grand Finale","Escape Plan","Dash+1","Riddle With Holes+1","Caltrops+1","Concentrate+1"],"special_seed":17893,"relics":["Ring of the Snake","Unceasing Top","Potion Belt","Molten Egg 2","Ornamental Fan","Bag of Marbles","Astrolabe","Singing Bowl","Meat on the Bone","Bottled Tornado"],"potions_floor_usage":[23],"damage_taken":[{"damage":8.0,"enemies":"Small Slimes","floor":1.0,"turns":3.0},{"damage":0.0,"enemies":"Jaw Worm","floor":3.0,"turns":3.0},{"damage":4.0,"enemies":"Cultist","floor":5.0,"turns":3.0},{"damage":14.0,"enemies":"Exordium Thugs","floor":7.0,"turns":3.0},{"damage":14.0,"enemies":"3 Sentries","floor":12.0,"turns":3.0},{"damage":0.0,"enemies":"Lagavulin","floor":14.0,"turns":3.0},{"damage":0.0,"enemies":"Slime Boss","floor":16.0,"turns":4.0},{"damage":12.0,"enemies":"2 Thieves","floor":18.0,"turns":3.0},{"damage":0,"enemies":"Chosen","floor":21,"turns":3},{"damage":36,"enemies":"Book of Stabbing","floor":23,"turns":5},{"damage":25,"enemies":"Snake Plant","floor":24,"turns":3},{"damage":60,"enemies":"Gremlin Leader","floor":25,"turns":4}],"seed_played":"-53600940269430925","potions_obtained":[{"floor":1.0,"key":"Explosive Potion"},{"floor":12.0,"key":"GamblersBrew"},{"floor":16.0,"key":"SpeedPotion"},{"floor":18.0,"key":"FairyPotion"},{"floor":23,"key":"GamblersBrew"}],"is_trial":false,"path_per_floor":["M","?","M","?","M","R","M","T","T","?","R","E","$","E","R","B",null,"M","?","$","M","T","E","M","E"],"character_chosen":"THE_SILENT","items_purchased":["Dash+1","Singing Bowl"],"campfire_rested":3,"item_purchase_floors":[13,20],"current_hp_per_floor":[62,62,62,44,40,61,47,47,47,36,57,43,43,43,64,64,70,58,70,70,72,72,50,39,0],"gold":105,"neow_bonus":"","is_prod":false,"is_daily":true,"chose_seed":false,"campfire_upgraded":0,"win_rate":0,"timestamp":1546042253,"path_taken":["M","?","M","?","?","R","?","?","T","?","R","E","$","E","R","BOSS","M","?","$","M","?","E","M","E"],"build_version":"2018-12-20","purchased_purges":1,"victory":false,"max_hp_per_floor":[70,70,70,70,70,70,70,70,70,70,70,70,70,70,70,70,70,70,70,70,72,72,74,76,76],"card_choices":[{"not_picked":["PiercingWail","Slice","Prepared"],"picked":"SKIP","floor":1.0},{"not_picked":["Quick Slash","Choke","All Out Attack"],"picked":"SKIP","floor":3.0},{"not_picked":["Backflip","Dodge and Roll","Cloak And Dagger"],"picked":"SKIP","floor":5.0},{"not_picked":["Poisoned Stab","Deadly Poison","Flechettes"],"picked":"SKIP","floor":7.0},{"not_picked":["Quick Slash+1","Blade Dance","Cloak And Dagger"],"picked":"SKIP","floor":12.0},{"not_picked":["Predator+1","Doppelganger","Tactician"],"picked":"SKIP","floor":14.0},{"not_picked":["Eviscerate+1","Blade Dance+1","Slice+1"],"picked":"SKIP","floor":18.0},{"not_picked":["Underhanded Strike+1","Prepared","Flying Knee+1"],"picked":"Singing Bowl","floor":21},{"not_picked":["Calculated Gamble","Blur","Doppelganger"],"picked":"Singing Bowl","floor":23},{"not_picked":["Infinite Blades","Tactician","Dagger Spray+1"],"picked":"Singing Bowl","floor":24}],"player_experience":72077,"relics_obtained":[{"floor":8.0,"key":"Potion Belt"},{"floor":9.0,"key":"Molten Egg 2"},{"floor":12.0,"key":"Ornamental Fan"},{"floor":14.0,"key":"Bag of Marbles"},{"floor":22,"key":"Meat on the Bone"},{"floor":23,"key":"Bottled Tornado"}],"event_choices":[{"damage_healed":0.0,"max_hp_gain":0.0,"max_hp_loss":0.0,"gold_gain":0.0,"cards_transformed":["Strike_G"],"event_name":"Living Wall","player_choice":"Change","floor":2.0,"gold_loss":0.0,"damage_taken":0.0,"cards_obtained":["Escape Plan"]},{"damage_healed":0.0,"max_hp_gain":0.0,"max_hp_loss":0.0,"gold_gain":0.0,"event_name":"Scrap Ooze","player_choice":"Success","floor":4.0,"gold_loss":0.0,"damage_taken":18.0,"relics_obtained":["Unceasing Top"]},{"damage_healed":0.0,"max_hp_gain":0.0,"max_hp_loss":0.0,"gold_gain":75.0,"event_name":"World of Goop","player_choice":"Gather Gold","floor":10.0,"gold_loss":0.0,"damage_taken":11.0},{"damage_healed":23.0,"max_hp_gain":0.0,"max_hp_loss":0.0,"gold_gain":0.0,"event_name":"The Library","player_choice":"Heal","floor":19.0,"gold_loss":0.0,"damage_taken":0.0}],"is_beta":false,"boss_relics":[{"not_picked":["Black Star","Philosopher\u0027s Stone"],"picked":"Astrolabe"}],"items_purged_floors":[13],"is_endless":false,"potions_floor_spawned":[1,12,16,18,23],"killed_by":"Gremlin Leader","ascension_level":0}