{"gold_per_floor":[110,110,64,64,114,149,168,183,183,197,82,82,82,102,102,195,195,208,227,227,227,58,58,74,99,173,48,72,86,86,102,102,191,191,206,206,227,241,254,254,279,80,107,140,140,160,178,178,178,178,178,178,3,43,43],"floor_reached":56,"playtime":2081,"items_purged":["Strike_R","Strike_R","Strike_R","Strike_R","Strike_R"],"score":2152,"play_id":"2ca60cfa-8a38-4db3-9fcf-1e577b81abfa","local_time":"20190329202008","is_ascension_mode":true,"campfire_choices":[{"data":"Armaments","floor":13.0,"key":"SMITH"},{"data":"Searing Blow","floor":15.0,"key":"SMITH"},{"data":"Searing Blow+1","floor":23.0,"key":"SMITH"},{"data":"Searing Blow+2","floor":30,"key":"SMITH"},{"data":"Searing Blow+3","floor":32,"key":"SMITH"},{"data":"Offering","floor":40,"key":"SMITH"},{"floor":49,"key":"RECALL"},{"data":"Barricade","floor":52,"key":"SMITH"}],"neow_cost":"NONE","seed_source_timestamp":172950429077409,"circlet_count":0,"master_deck":["AscendersBane","Defend_R","Defend_R","Defend_R","Defend_R","Bash","Shrug It Off","Armaments+1","Searing Blow+4","Second Wind","Offering+1","Power Through","Evolve","Barricade+1","Offering","Body Slam","True Grit","Disarm+1","Secret Technique"],"special_seed":0,"relics":["Burning Blood","NeowsBlessing","Mercury Hourglass","Golden Idol","Oddly Smooth Stone","Meat on the Bone","Ornamental Fan","Coffee Dripper","Bottled Lightning","Mark of Pain","Girya","Kunai"],"potions_floor_usage":[24,31,33,41],"damage_taken":[{"damage":0.0,"enemies":"Cultist","floor":1.0,"turns":1.0},{"damage":0.0,"enemies":"3 Sentries","floor":6.0,"turns":1.0},{"damage":0.0,"enemies":"Jaw Worm","floor":7.0,"turns":1.0},{"damage":4.0,"enemies":"Small Slimes","floor":8.0,"turns":3.0},{"damage":5.0,"enemies":"Looter","floor":10.0,"turns":4.0},{"damage":13.0,"enemies":"Gremlin Gang","floor":14.0,"turns":4.0},{"damage":18.0,"enemies":"The Guardian","floor":16.0,"turns":15.0},{"damage":24.0,"enemies":"Spheric Guardian","floor":18.0,"turns":4.0},{"damage":12.0,"enemies":"Chosen","floor":19.0,"turns":3.0},{"damage":16.0,"enemies":"Colosseum Slavers","floor":21.0,"turns":4.0},{"damage":15,"enemies":"Snecko","floor":24,"turns":4},{"damage":22,"enemies":"Cultist and Chosen","floor":25,"turns":7},{"damage":8,"enemies":"Centurion and Healer","floor":28,"turns":8},{"damage":8,"enemies":"Snake Plant","floor":29,"turns":5},{"damage":19,"enemies":"Shelled Parasite and Fungi","floor":31,"turns":9},{"damage":14,"enemies":"Collector","floor":33,"turns":13},{"damage":6,"enemies":"Orb Walker","floor":35,"turns":3},{"damage":12,"enemies":"3 Shapes","floor":37,"turns":4},{"damage":10,"enemies":"Jaw Worm Horde","floor":38,"turns":5},{"damage":12,"enemies":"Writhing Mass","floor":39,"turns":4},{"damage":27,"enemies":"Maw","floor":41,"turns":6},{"damage":12,"enemies":"Reptomancer","floor":44,"turns":5},{"damage":6,"enemies":"Sphere and 2 Shapes","floor":46,"turns":5},{"damage":6,"enemies":"4 Shapes","floor":47,"turns":7},{"damage":12,"enemies":"Awakened One","floor":50,"turns":6},{"damage":12,"enemies":"Shield and Spear","floor":54,"turns":7},{"damage":12,"enemies":"The Heart","floor":55,"turns":6}],"seed_played":"457406870436072","potions_obtained":[{"floor":1.0,"key":"Ancient Potion"},{"floor":8.0,"key":"SkillPotion"},{"floor":16.0,"key":"PowerPotion"},{"floor":24,"key":"Weak Potion"},{"floor":33,"key":"Weak Potion"},{"floor":37,"key":"Explosive Potion"},{"floor":38,"key":"GamblersBrew"},{"floor":41,"key":"SkillPotion"},{"floor":46,"key":"GamblersBrew"}],"is_trial":false,"path_per_floor":["M","T","$","?","?","E","M","M","T","M","$","T","R","M","R","B",null,"M","M","?","?","$","R","M","M","T","$","M","M","R","M","R","B",null,"M","?","M","M","M","R","M","$","T","E","$","M","M","?","R","B",null,"R","$","E","B",null],"character_chosen":"IRONCLAD","items_purchased":["Armaments","Second Wind","Power Through","True Grit"],"campfire_rested":0,"item_purchase_floors":[3,11,22,42],"current_hp_per_floor":[74,74,74,48,48,54,60,62,62,63,63,63,63,56,56,44,67,49,55,55,45,45,45,48,44,44,44,54,52,52,51,51,55,70,70,70,64,60,54,54,45,45,45,51,51,51,51,51,51,45,68,68,68,62,56],"gold":43,"neow_bonus":"THREE_ENEMY_KILL","is_prod":false,"is_daily":false,"chose_seed":true,"campfire_upgraded":7,"win_rate":0,"timestamp":1553862008,"path_taken":["M","?","$","?","?","E","M","?","T","M","?","?","R","M","R","BOSS","M","M","?","?","$","R","M","M","T","$","M","M","R","M","R","BOSS","M","?","M","?","?","R","M","$","T","E","?","M","?","?","R","BOSS","R","$","E","BOSS"],"build_version":"2019-01-23","purchased_purges":5,"victory":true,"max_hp_per_floor":[75,75,75,75,75,75,75,75,75,75,75,75,75,75,75,75,75,75,75,75,75,75,75,75,75,75,75,75,75,75,75,75,75,75,75,75,75,75,75,75,75,75,75,75,75,75,75,75,75,75,75,75,75,75,75],"card_choices":[{"not_picked":["Uppercut","Perfected Strike"],"picked":"Shrug It Off","floor":1.0},{"not_picked":["Combust","Dual Wield"],"picked":"Searing Blow","floor":6.0},{"not_picked":["Shrug It Off","Pommel Strike","Twin Strike"],"picked":"SKIP","floor":7.0},{"not_picked":["Clothesline","Havoc","Twin Strike"],"picked":"SKIP","floor":8.0},{"not_picked":["Bloodletting","Twin Strike","Body Slam"],"picked":"SKIP","floor":10.0},{"not_picked":["Clothesline","Rage","Dual Wield"],"picked":"SKIP","floor":14.0},{"not_picked":["Bludgeon","Impervious"],"picked":"Offering","floor":16.0},{"not_picked":["Clash","Rage","Whirlwind"],"picked":"SKIP","floor":18.0},{"not_picked":["Seeing Red","Heavy Blade","Twin Strike"],"picked":"SKIP","floor":19.0},{"not_picked":["Reckless Charge+1","Bloodletting+1","Flex"],"picked":"SKIP","floor":24},{"not_picked":["Pummel","Thunderclap+1","Brutality"],"picked":"SKIP","floor":25},{"not_picked":["Clash","Flex"],"picked":"Evolve","floor":28},{"not_picked":["Cleave","Iron Wave","Clothesline"],"picked":"SKIP","floor":29},{"not_picked":["Body Slam","Dual Wield","Shrug It Off"],"picked":"SKIP","floor":31},{"not_picked":["Brutality","Berserk"],"picked":"Barricade","floor":33},{"not_picked":["Wild Strike+1","Clash","Armaments+1"],"picked":"SKIP","floor":35},{"not_picked":["Warcry+1","Reckless Charge"],"picked":"Body Slam","floor":37},{"not_picked":["Perfected Strike","Brutality","Clash"],"picked":"SKIP","floor":38},{"not_picked":["Dual Wield+1","Pommel Strike+1","Pummel"],"picked":"SKIP","floor":39},{"not_picked":["Thunderclap+1","Second Wind","Shrug It Off"],"picked":"SKIP","floor":41},{"not_picked":["Bloodletting","Searing Blow+1","Wild Strike"],"picked":"SKIP","floor":44},{"not_picked":["Second Wind+1","Uppercut","Flex"],"picked":"SKIP","floor":46},{"not_picked":["Carnage+1","Combust"],"picked":"Disarm+1","floor":47},{"not_picked":["The Bomb","Chrysalis"],"picked":"Secret Technique","floor":48},{"not_picked":["Flex+1","Wild Strike+1","Clash"],"picked":"SKIP","floor":54}],"player_experience":1294539,"relics_obtained":[{"floor":2.0,"key":"Mercury Hourglass"},{"floor":6.0,"key":"Oddly Smooth Stone"},{"floor":9.0,"key":"Meat on the Bone"},{"floor":12.0,"key":"Ornamental Fan"},{"floor":26,"key":"Bottled Lightning"},{"floor":44,"key":"Girya"},{"floor":54,"key":"Kunai"}],"event_choices":[{"damage_healed":0.0,"max_hp_gain":0.0,"max_hp_loss":0.0,"gold_gain":0.0,"event_name":"Golden Idol","player_choice":"Take Damage","floor":4.0,"gold_loss":0.0,"damage_taken":26.0,"relics_obtained":["Golden Idol"]},{"damage_healed":0.0,"max_hp_gain":0.0,"max_hp_loss":0.0,"gold_gain":50.0,"event_name":"Golden Shrine","player_choice":"Pray","floor":5.0,"gold_loss":0.0,"damage_taken":0.0},{"damage_healed":0.0,"max_hp_gain":0.0,"max_hp_loss":0.0,"gold_gain":0.0,"event_name":"The Mausoleum","player_choice":"Ignored","floor":20.0,"gold_loss":0.0,"damage_taken":0.0},{"damage_healed":0.0,"max_hp_gain":0.0,"max_hp_loss":0.0,"gold_gain":0.0,"event_name":"Colosseum","player_choice":"Fight","floor":21.0,"gold_loss":0.0,"damage_taken":0.0},{"damage_healed":0.0,"max_hp_gain":0.0,"max_hp_loss":0.0,"gold_gain":0.0,"event_name":"Colosseum","player_choice":"Fled From Nobs","floor":21.0,"gold_loss":0.0,"damage_taken":0.0},{"damage_healed":0,"gold_gain":0,"player_choice":"Copied","damage_taken":0,"max_hp_gain":0,"max_hp_loss":0,"event_name":"Duplicator","floor":36,"gold_loss":0,"cards_obtained":["Offering"]},{"damage_healed":0,"gold_gain":0,"player_choice":"Memory 1","damage_taken":0,"max_hp_gain":0,"max_hp_loss":0,"event_name":"SensoryStone","floor":48,"gold_loss":0}],"is_beta":false,"boss_relics":[{"not_picked":["Fusion Hammer","Tiny House"],"picked":"Coffee Dripper"},{"not_picked":["Eternal Feather","Sozu"],"picked":"Mark of Pain"}],"items_purged_floors":[11,22,27,42,53],"is_endless":false,"potions_floor_spawned":[1,8,14,16,24,25,28,33,37,38,41,46,47,54],"ascension_level":15}