{"gold_per_floor":[109,109,184,184,209,250,250,294,294,294,328,328,352,388,388,388],"floor_reached":16,"playtime":471,"items_purged":[],"score":226,"play_id":"047f8c6a-1e4d-47b1-b197-d0d000db89f3","local_time":"20190321223710","is_ascension_mode":true,"campfire_choices":[{"data":"Neutralize","floor":7,"key":"SMITH"},{"floor":15,"key":"REST"}],"neow_cost":"NONE","seed_source_timestamp":741202442708171,"circlet_count":0,"master_deck":["Defend_G","Defend_G","Defend_G","Defend_G","Defend_G","Strike_G","Strike_G","Strike_G","Strike_G","Strike_G","Survivor","Neutralize+1","Dagger Throw","Injury","Dagger Spray","Escape Plan","Reflex+1","Backflip+1","Deflect+1"],"relics":["Ring of the Snake","NeowsBlessing","Golden Idol","Juzu Bracelet","Dodecahedron","Paper Crane","Toxic Egg 2","Molten Egg 2","Mummified Hand","Pantograph"],"potions_floor_usage":[11,11,14],"damage_taken":[{"damage":0,"enemies":"2 Louse","floor":1,"turns":1},{"damage":0,"enemies":"3 Sentries","floor":6,"turns":1},{"damage":0,"enemies":"Lagavulin","floor":8,"turns":1},{"damage":15,"enemies":"3 Sentries","floor":11,"turns":10},{"damage":0,"enemies":"Jaw Worm","floor":13,"turns":3},{"damage":12,"enemies":"Gremlin Nob","floor":14,"turns":4},{"damage":70,"enemies":"Slime Boss","floor":16,"turns":12}],"seed_played":"-6789882005036257649","potions_obtained":[{"floor":6,"key":"Energy Potion"},{"floor":8,"key":"GhostInAJar"},{"floor":13,"key":"Fire Potion"}],"is_trial":false,"path_per_floor":["M","?","?","?","T","E","R","E","T","T","E","?","M","E","R","B"],"character_chosen":"THE_SILENT","items_purchased":[],"campfire_rested":1,"item_purchase_floors":[],"current_hp_per_floor":[63,63,52,52,52,52,52,52,52,52,37,25,25,13,34,0],"gold":388,"neow_bonus":"THREE_ENEMY_KILL","is_prod":false,"is_daily":false,"chose_seed":false,"campfire_upgraded":1,"win_rate":0,"timestamp":1553233030,"path_taken":["M","?","?","?","?","E","R","E","T","?","E","?","M","E","R","BOSS"],"build_version":"2019-01-23","purchased_purges":0,"victory":false,"max_hp_per_floor":[70,70,70,70,70,70,70,70,70,70,70,70,70,70,70,70],"card_choices":[{"not_picked":["Choke","Eviscerate"],"picked":"Dagger Throw","floor":1},{"not_picked":["Flechettes","Bane"],"picked":"Dagger Spray","floor":6},{"not_picked":["Riddle With Holes","Sucker Punch"],"picked":"Escape Plan","floor":8},{"not_picked":["Flechettes","Underhanded Strike"],"picked":"Reflex+1","floor":11},{"not_picked":["Dagger Throw+1","Terror+1"],"picked":"Backflip+1","floor":13},{"not_picked":["Deadly Poison+1","Cloak And Dagger+1"],"picked":"Deflect+1","floor":14}],"player_experience":374751,"relics_obtained":[{"floor":5,"key":"Juzu Bracelet"},{"floor":6,"key":"Dodecahedron"},{"floor":8,"key":"Paper Crane"},{"floor":10,"key":"Toxic Egg 2"},{"floor":11,"key":"Molten Egg 2"},{"floor":14,"key":"Pantograph"}],"event_choices":[{"damage_healed":0,"gold_gain":0,"player_choice":"Leave","damage_taken":0,"max_hp_gain":0,"max_hp_loss":0,"event_name":"The Cleric","floor":2,"gold_loss":0},{"damage_healed":0,"gold_gain":75,"player_choice":"Gather Gold","damage_taken":11,"max_hp_gain":0,"max_hp_loss":0,"event_name":"World of Goop","floor":3,"gold_loss":0},{"damage_healed":0,"gold_gain":0,"player_choice":"Take Wound","damage_taken":0,"relics_obtained":["Golden Idol"],"max_hp_gain":0,"max_hp_loss":0,"event_name":"Golden Idol","floor":4,"gold_loss":0,"cards_obtained":["Injury"]},{"damage_healed":0,"gold_gain":0,"player_choice":"Success","damage_taken":12,"relics_obtained":["Mummified Hand"],"max_hp_gain":0,"max_hp_loss":0,"event_name":"Scrap Ooze","floor":12,"gold_loss":0}],"is_beta":false,"boss_relics":[],"items_purged_floors":[],"is_endless":false,"potions_floor_spawned":[6,8,13],"killed_by":"Slime Boss","ascension_level":6}