{"gold_per_floor":[115,115,139,119,142,142,186,186,231,266,284,284,320,335,335,465,465,479,514,12,111,111,132,173,173,173,173],"floor_reached":27,"playtime":1216,"items_purged":[],"score":373,"play_id":"9e968cea-78a6-4e6a-a619-1bd1c9e00810","local_time":"20190401170856","is_ascension_mode":true,"campfire_choices":[{"data":"Dagger Spray","floor":6.0,"key":"SMITH"},{"data":"Venomology","floor":8.0,"key":"SMITH"},{"data":"Choke","floor":12.0,"key":"SMITH"},{"floor":15.0,"key":"REST"}],"neow_cost":"NONE","seed_source_timestamp":0,"circlet_count":0,"master_deck":["Defend_G","Defend_G","Defend_G","Strike_G","Strike_G","Strike_G","Strike_G","Survivor","Neutralize","Dagger Throw","Dagger Spray+1","Backstab","Venomology+1","Blur","Choke+1","Flying Knee","Outmaneuver","Malaise","Envenom+1","Bouncing Flask+1","Phantasmal Killer+1","Blur+1","Noxious Fumes"],"special_seed":0,"relics":["Ring of the Snake","NeowsBlessing","Golden Idol","Blood Vial","Sundial","Singing Bowl","Astrolabe","Red Mask","Mummified Hand","Sling","Torii","Peace Pipe"],"potions_floor_usage":[19,19,23,24,24,25],"damage_taken":[{"damage":0.0,"enemies":"2 Louse","floor":1.0,"turns":1.0},{"damage":0.0,"enemies":"Small Slimes","floor":3.0,"turns":1.0},{"damage":0.0,"enemies":"Cultist","floor":5.0,"turns":1.0},{"damage":7.0,"enemies":"3 Sentries","floor":7.0,"turns":6.0},{"damage":0.0,"enemies":"Gremlin Nob","floor":10.0,"turns":1.0},{"damage":0.0,"enemies":"3 Louse","floor":11.0,"turns":3.0},{"damage":36.0,"enemies":"Lagavulin","floor":13.0,"turns":7.0},{"damage":0.0,"enemies":"Exordium Wildlife","floor":14.0,"turns":1.0},{"damage":15.0,"enemies":"Hexaghost","floor":16.0,"turns":9.0},{"damage":25,"enemies":"3 Byrds","floor":18,"turns":5},{"damage":35,"enemies":"Masked Bandits","floor":19,"turns":4},{"damage":0,"enemies":"Spheric Guardian","floor":23,"turns":3},{"damage":10,"enemies":"Book of Stabbing","floor":24,"turns":5},{"damage":0,"enemies":"3 Cultists","floor":25,"turns":2},{"damage":22,"enemies":"Snecko","floor":27,"turns":5}],"seed_played":"1546741837288522303","potions_obtained":[{"floor":1.0,"key":"SteroidPotion"},{"floor":4.0,"key":"FearPotion"},{"floor":5.0,"key":"Block Potion"},{"floor":13.0,"key":"EntropicBrew"},{"floor":14.0,"key":"FearPotion"},{"floor":18,"key":"GamblersBrew"},{"floor":24,"key":"SmokeBomb"}],"is_trial":false,"path_per_floor":["M","?","M","?","M","R","E","R","T","E","M","R","E","M","R","B",null,"M","?","$","?","?","M","E","M","T","M"],"character_chosen":"THE_SILENT","items_purchased":["Mummified Hand","Sling","PowerPotion"],"campfire_rested":1,"item_purchase_floors":[20,20,20],"current_hp_per_floor":[63,63,63,63,63,63,56,56,56,58,60,60,26,28,49,36,62,39,8,8,8,8,10,4,6,6,0],"gold":173,"neow_bonus":"THREE_ENEMY_KILL","is_prod":false,"is_daily":false,"chose_seed":false,"campfire_upgraded":3,"win_rate":0,"timestamp":1554163736,"path_taken":["M","?","M","?","?","R","E","R","T","E","M","R","E","M","R","BOSS","M","?","$","?","?","M","E","M","T","?"],"build_version":"2019-01-23","purchased_purges":0,"victory":false,"max_hp_per_floor":[70,70,70,70,70,70,70,70,70,70,70,70,70,70,70,70,70,70,72,72,72,72,72,74,74,74,74],"card_choices":[{"not_picked":["Reflex","Dodge and Roll"],"picked":"Dagger Throw","floor":1.0},{"not_picked":["Blade Dance","Sucker Punch"],"picked":"Dagger Spray","floor":3.0},{"not_picked":["Catalyst","Backflip"],"picked":"Backstab","floor":5.0},{"not_picked":["Accuracy","Deadly Poison"],"picked":"Venomology","floor":7.0},{"not_picked":["Masterful Stab","Escape Plan"],"picked":"Blur","floor":10.0},{"not_picked":["All Out Attack","Prepared"],"picked":"Choke","floor":11.0},{"not_picked":["Cloak And Dagger","Escape Plan"],"picked":"Flying Knee","floor":13.0},{"not_picked":["Prepared","Bane"],"picked":"Outmaneuver","floor":14.0},{"not_picked":["Phantasmal Killer","Storm of Steel"],"picked":"Malaise","floor":16.0},{"not_picked":["Prepared+1","Poisoned Stab"],"picked":"Blur+1","floor":18},{"not_picked":["Concentrate","Underhanded Strike","Deadly Poison+1"],"picked":"Singing Bowl","floor":19},{"not_picked":["Heel Hook","Skewer+1"],"picked":"Noxious Fumes","floor":23},{"not_picked":["Blade Dance","Quick Slash+1","Bouncing Flask+1"],"picked":"Singing Bowl","floor":24}],"player_experience":424623,"relics_obtained":[{"floor":7.0,"key":"Blood Vial"},{"floor":10.0,"key":"Sundial"},{"floor":13.0,"key":"Singing Bowl"},{"floor":19,"key":"Red Mask"},{"floor":24,"key":"Torii"},{"floor":26,"key":"Peace Pipe"}],"event_choices":[{"damage_healed":0.0,"max_hp_gain":0.0,"max_hp_loss":0.0,"gold_gain":0.0,"event_name":"Golden Idol","player_choice":"Take Wound","floor":2.0,"gold_loss":0.0,"damage_taken":0.0,"relics_obtained":["Golden Idol"],"cards_obtained":["Injury"]},{"damage_healed":0.0,"max_hp_gain":0.0,"max_hp_loss":0.0,"gold_gain":0.0,"event_name":"The Woman in Blue","player_choice":"Bought 1 Potion","floor":4.0,"gold_loss":0.0,"damage_taken":0.0},{"damage_healed":0,"gold_gain":0,"player_choice":"Fought Bandits","damage_taken":0,"max_hp_gain":0,"max_hp_loss":0,"event_name":"Masked Bandits","floor":19,"gold_loss":0},{"damage_healed":0,"gold_gain":99,"player_choice":"Stole From Cult","damage_taken":0,"max_hp_gain":0,"max_hp_loss":0,"event_name":"Nest","floor":21,"gold_loss":0},{"cards_removed":["Injury"],"damage_healed":0,"gold_gain":0,"player_choice":"Removed Curses","damage_taken":0,"max_hp_gain":0,"max_hp_loss":0,"event_name":"Fountain of Cleansing","floor":22,"gold_loss":0}],"is_beta":false,"boss_relics":[{"not_picked":["Velvet Choker","Runic Dome"],"picked":"Astrolabe"}],"items_purged_floors":[],"is_endless":false,"potions_floor_spawned":[1,5,13,14,18,24,25],"killed_by":"Snecko","ascension_level":7}