{"gold_per_floor":[112,132,132,145,162,193,206,206,232,232,232,232,232,264,276,385,397,429,455,483,495,524,569,581,693,705,632,658,670,211,228,228,325,325,340,354,354,354,354,354,374,374,374,399,419,519,11,11,11,11],"floor_reached":51,"playtime":4260,"items_purged":["Battle Trance+1","Clothesline"],"score":938,"play_id":"dbd35973-dbd0-4339-822a-7297a3af4c74","local_time":"20190330221347","is_ascension_mode":true,"campfire_choices":[{"data":"Armaments","floor":8.0,"key":"SMITH"},{"floor":11.0,"key":"REST"},{"data":"Shrug It Off","floor":13.0,"key":"SMITH"},{"data":"Metallicize","floor":15.0,"key":"SMITH"},{"data":"Flame Barrier","floor":24.0,"key":"SMITH"},{"floor":32,"key":"REST"},{"data":"Barricade","floor":40,"key":"SMITH"},{"data":"Body Slam","floor":42,"key":"SMITH"},{"data":"Body Slam","floor":49,"key":"SMITH"}],"neow_cost":"TEN_PERCENT_HP_LOSS","seed_source_timestamp":1323420140311600,"circlet_count":0,"master_deck":["Strike_R","Strike_R","Strike_R","Strike_R","Defend_R","Defend_R","Defend_R","Defend_R+1","Bash","Anger","Shockwave+1","Metallicize+1","Shrug It Off+1","Armaments+1","Iron Wave","Barricade+1","Disarm","Shrug It Off","Flame Barrier+1","Cleave+1","Body Slam+1","Reaper","Metallicize+1","Anger+1","Good Instincts","Madness","Madness","Anger+1","Body Slam+1","True Grit","Intimidate","Feed"],"special_seed":0,"relics":["Burning Blood","Nunchaku","Calipers","Juzu Bracelet","PreservedInsect","MawBank","Orrery","Unceasing Top","Ornamental Fan","Vajra","Bronze Scales","Question Card","Runic Dome","Pear","Bag of Preparation","Champion Belt","Strawberry"],"potions_floor_usage":[31,41,50,50],"damage_taken":[{"damage":7.0,"enemies":"2 Louse","floor":1.0,"turns":3.0},{"damage":4.0,"enemies":"Jaw Worm","floor":2.0,"turns":6.0},{"damage":0.0,"enemies":"Cultist","floor":4.0,"turns":3.0},{"damage":27.0,"enemies":"Gremlin Gang","floor":5.0,"turns":6.0},{"damage":26.0,"enemies":"3 Sentries","floor":6.0,"turns":10.0},{"damage":7.0,"enemies":"Looter","floor":7.0,"turns":5.0},{"damage":3.0,"enemies":"Lagavulin","floor":14.0,"turns":6.0},{"damage":0.0,"enemies":"The Guardian","floor":16.0,"turns":10.0},{"damage":3.0,"enemies":"Chosen","floor":18.0,"turns":10.0},{"damage":0.0,"enemies":"3 Byrds","floor":19.0,"turns":8.0},{"damage":9.0,"enemies":"Snake Plant","floor":20.0,"turns":6.0},{"damage":10.0,"enemies":"Shelled Parasite and Fungi","floor":22.0,"turns":9.0},{"damage":55.0,"enemies":"Slavers","floor":23.0,"turns":8.0},{"damage":12.0,"enemies":"Centurion and Healer","floor":28.0,"turns":10.0},{"damage":1,"enemies":"Cultist and Chosen","floor":31,"turns":6},{"damage":18,"enemies":"Champ","floor":33,"turns":13},{"damage":18,"enemies":"3 Shapes","floor":35,"turns":7},{"damage":9,"enemies":"Orb Walker","floor":36,"turns":5},{"damage":23,"enemies":"Writhing Mass","floor":41,"turns":6},{"damage":2,"enemies":"Nemesis","floor":44,"turns":9},{"damage":20,"enemies":"3 Darklings","floor":45,"turns":6},{"damage":0,"enemies":"Mind Bloom Boss Battle","floor":46,"turns":7},{"damage":80,"enemies":"Donu and Deca","floor":50,"turns":9}],"seed_played":"-7301961858711640532","potions_obtained":[{"floor":2.0,"key":"FearPotion"},{"floor":5.0,"key":"Swift Potion"},{"floor":7.0,"key":"Fire Potion"},{"floor":14.0,"key":"Energy Potion"},{"floor":18.0,"key":"FairyPotion"},{"floor":22.0,"key":"BloodPotion"},{"floor":23.0,"key":"AttackPotion"},{"floor":33,"key":"Regen Potion"},{"floor":44,"key":"BloodPotion"},{"floor":45,"key":"Poison Potion"}],"is_trial":false,"path_per_floor":["M","M","?","M","M","E","M","R","T","?","R","?","R","E","R","B",null,"M","M","M","?","M","E","R","?","T","?","M","?","$","M","R","B",null,"M","M","?","?","?","R","M","R","T","E","M","?","$","?","R","B",null],"character_chosen":"IRONCLAD","items_purchased":["Bronze Scales","Question Card","Strawberry","Feed","PowerPotion","Strength Potion"],"campfire_rested":2,"item_purchase_floors":[30,30,47,47,47,47],"current_hp_per_floor":[71,72,58,64,43,23,22,22,22,22,43,43,43,46,46,52,67,70,72,69,69,65,23,23,23,23,23,17,17,17,22,43,31,62,61,58,58,49,49,49,53,53,63,67,68,79,86,86,86,23],"gold":11,"neow_bonus":"ONE_RARE_RELIC","is_prod":false,"is_daily":false,"chose_seed":false,"campfire_upgraded":7,"win_rate":0,"timestamp":1553998427,"path_taken":["M","M","?","M","M","E","M","R","T","?","R","?","R","E","R","BOSS","M","M","M","?","M","E","R","?","T","?","M","?","$","M","R","BOSS","M","M","?","?","?","R","M","R","T","E","M","?","$","?","R","BOSS"],"build_version":"2019-01-23","purchased_purges":2,"victory":true,"max_hp_per_floor":[72,72,72,72,72,72,72,72,72,72,72,72,72,72,72,72,72,72,72,72,72,72,72,72,72,72,72,72,72,72,72,72,72,72,72,72,72,72,72,72,72,72,82,82,82,82,89,89,89,89],"card_choices":[{"not_picked":["Dropkick","Iron Wave"],"picked":"Anger","floor":1.0},{"not_picked":["Thunderclap","Limit Break"],"picked":"Shockwave","floor":2.0},{"not_picked":["Disarm","Sword Boomerang"],"picked":"Metallicize","floor":4.0},{"not_picked":["Battle Trance","Thunderclap"],"picked":"Shrug It Off","floor":5.0},{"not_picked":["Blood for Blood","Warcry"],"picked":"Armaments","floor":6.0},{"not_picked":["Corruption","Thunderclap"],"picked":"Iron Wave","floor":7.0},{"not_picked":["Seeing Red","Armaments"],"picked":"Iron Wave","floor":14.0},{"not_picked":["Double Tap","Brutality"],"picked":"Barricade","floor":16.0},{"not_picked":["Perfected Strike","Second Wind"],"picked":"Disarm","floor":17.0},{"not_picked":["Clothesline","True Grit"],"picked":"Shrug It Off","floor":17.0},{"not_picked":["Twin Strike","Cleave"],"picked":"Clothesline","floor":17.0},{"not_picked":["Pummel","Clash","Iron Wave"],"picked":"SKIP","floor":18.0},{"not_picked":["Corruption","Immolate"],"picked":"Battle Trance+1","floor":19.0},{"not_picked":["True Grit+1","Body Slam"],"picked":"Flame Barrier","floor":20.0},{"not_picked":["Second Wind","Iron Wave","True Grit"],"picked":"SKIP","floor":22.0},{"not_picked":["Warcry+1","Havoc"],"picked":"Cleave+1","floor":23.0},{"not_picked":["Hemokinesis","Entrench"],"picked":"Body Slam","floor":28.0},{"not_picked":["Flame Barrier","Sword Boomerang+1","Blood for Blood+1","Clash"],"picked":"SKIP","floor":31},{"not_picked":["Barricade","Double Tap","Immolate"],"picked":"Reaper","floor":33},{"not_picked":["Headbutt","Inflame","Uppercut+1"],"picked":"Metallicize+1","floor":35},{"not_picked":["Clothesline","Infernal Blade","Corruption+1"],"picked":"Anger+1","floor":36},{"not_picked":["Magnetism","Secret Technique","Mind Blast"],"picked":"Good Instincts","floor":37},{"not_picked":["Feel No Pain","Perfected Strike","Rampage"],"picked":"Anger+1","floor":41},{"not_picked":["Immolate","Searing Blow","Cleave"],"picked":"Body Slam","floor":44},{"not_picked":["Headbutt+1","Whirlwind+1","Wild Strike+1"],"picked":"True Grit","floor":45},{"not_picked":["Pommel Strike","Headbutt","Body Slam"],"picked":"Intimidate","floor":46}],"player_experience":218820,"relics_obtained":[{"floor":6.0,"key":"Calipers"},{"floor":9.0,"key":"Juzu Bracelet"},{"floor":14.0,"key":"MawBank"},{"floor":23.0,"key":"Unceasing Top"},{"floor":26.0,"key":"Ornamental Fan"},{"floor":43,"key":"Pear"},{"floor":44,"key":"Bag of Preparation"},{"floor":46,"key":"Champion Belt"}],"event_choices":[{"damage_healed":0.0,"max_hp_gain":0.0,"max_hp_loss":0.0,"gold_gain":0.0,"event_name":"Shining Light","player_choice":"Entered Light","floor":3.0,"gold_loss":0.0,"damage_taken":14.0,"cards_upgraded":["Shockwave","Defend_R"]},{"damage_healed":0.0,"max_hp_gain":0.0,"max_hp_loss":0.0,"gold_gain":0.0,"event_name":"Scrap Ooze","player_choice":"Fled","floor":10.0,"gold_loss":0.0,"damage_taken":0.0},{"damage_healed":0.0,"max_hp_gain":0.0,"max_hp_loss":0.0,"gold_gain":0.0,"event_name":"Dead Adventurer","player_choice":"Searched \u00271\u0027 times","floor":12.0,"gold_loss":0.0,"damage_taken":0.0,"relics_obtained":["PreservedInsect"]},{"cards_removed":["Strike_R"],"damage_healed":0.0,"max_hp_gain":0.0,"max_hp_loss":0.0,"gold_gain":0.0,"event_name":"Purifier","player_choice":"Purged","floor":21.0,"gold_loss":0.0,"damage_taken":0.0},{"damage_healed":0.0,"max_hp_gain":0.0,"max_hp_loss":0.0,"gold_gain":100.0,"event_name":"Golden Shrine","player_choice":"Pray","floor":25.0,"gold_loss":0.0,"damage_taken":0.0},{"damage_healed":0.0,"max_hp_gain":0.0,"max_hp_loss":0.0,"gold_gain":0.0,"event_name":"Addict","player_choice":"Obtained Relic","floor":27.0,"gold_loss":85.0,"damage_taken":0.0,"relics_obtained":["Vajra"]},{"damage_healed":0.0,"max_hp_gain":0.0,"max_hp_loss":0.0,"gold_gain":0.0,"event_name":"Cursed Tome","player_choice":"Ignored","floor":29.0,"gold_loss":0.0,"damage_taken":0.0},{"damage_healed":0,"gold_gain":0,"player_choice":"Memory 1","damage_taken":0,"max_hp_gain":0,"max_hp_loss":0,"event_name":"SensoryStone","floor":37,"gold_loss":0},{"damage_healed":0,"gold_gain":0,"player_choice":"Embrace Madness","damage_taken":9,"max_hp_gain":0,"max_hp_loss":0,"event_name":"Winding Halls","floor":38,"gold_loss":0,"cards_obtained":["Madness","Madness"]},{"damage_healed":0,"gold_gain":0,"player_choice":"Ignored","damage_taken":0,"max_hp_gain":0,"max_hp_loss":0,"event_name":"Tomb of Lord Red Mask","floor":39,"gold_loss":0},{"damage_healed":0,"gold_gain":0,"player_choice":"Fight","damage_taken":0,"max_hp_gain":0,"max_hp_loss":0,"event_name":"MindBloom","floor":46,"gold_loss":0},{"cards_removed":["Iron Wave"],"damage_healed":0,"gold_gain":0,"player_choice":"Removed Attack","damage_taken":0,"max_hp_gain":0,"max_hp_loss":0,"event_name":"Falling","floor":48,"gold_loss":0}],"is_beta":false,"boss_relics":[{"not_picked":["Black Blood","Pandora\u0027s Box"],"picked":"Orrery"},{"not_picked":["Fusion Hammer","Tiny House"],"picked":"Runic Dome"}],"items_purged_floors":[30,47],"is_endless":false,"potions_floor_spawned":[2,5,7,14,18,22,23,33,44,45],"ascension_level":5}