{"gold_per_floor":[114,114,114,114,133,171,20,20,20,38,51,51,74,92,92,218,218,232,247,172,196,19,19,53,53,53,78,78],"floor_reached":28,"playtime":1849,"items_purged":["Strike_B"],"score":240,"play_id":"ca01ed0f-2907-42bb-aa06-0a7cc8b1447b","local_time":"20190502201839","is_ascension_mode":false,"campfire_choices":[{"floor":8,"key":"REST"},{"floor":12,"key":"REST"},{"floor":15,"key":"REST"},{"floor":23,"key":"REST"},{"floor":25,"key":"REST"}],"neow_cost":"NONE","seed_source_timestamp":1903972879500600,"circlet_count":0,"master_deck":["Strike_B","Strike_B","Strike_B","Defend_B","Defend_B","Defend_B","Defend_B","Zap","Dualcast","Consume","Injury","Undo","Reboot","Ball Lightning","Chaos","Hello World","Creative AI","Echo Form","Chill+1","Lockon+1","Self Repair","Tempest","Thunder Strike"],"relics":["Cracked Core","Golden Idol","Meat on the Bone","Oddly Smooth Stone","Question Card","Inserter","Juzu Bracelet","Ornamental Fan"],"potions_floor_usage":[6,16,16,16,21,21,24,24,24,24,24,27],"damage_taken":[{"damage":6,"enemies":"Jaw Worm","floor":1,"turns":3},{"damage":12,"enemies":"2 Louse","floor":5,"turns":3},{"damage":41,"enemies":"Lagavulin","floor":6,"turns":6},{"damage":0,"enemies":"Cultist","floor":10,"turns":5},{"damage":6,"enemies":"3 Louse","floor":11,"turns":4},{"damage":14,"enemies":"Large Slime","floor":13,"turns":6},{"damage":15,"enemies":"2 Fungi Beasts","floor":14,"turns":4},{"damage":28,"enemies":"Slime Boss","floor":16,"turns":12},{"damage":40,"enemies":"3 Byrds","floor":18,"turns":6},{"damage":26,"enemies":"Spheric Guardian","floor":19,"turns":6},{"damage":4,"enemies":"Chosen and Byrds","floor":21,"turns":6},{"damage":46,"enemies":"Book of Stabbing","floor":24,"turns":7},{"damage":17,"enemies":"Snake Plant","floor":27,"turns":6},{"damage":59,"enemies":"3 Cultists","floor":28,"turns":5}],"seed_played":"4804973554910970565","potions_obtained":[{"floor":1,"key":"FocusPotion"},{"floor":4,"key":"EntropicBrew"},{"floor":4,"key":"LiquidBronze"},{"floor":4,"key":"Ancient Potion"},{"floor":10,"key":"GamblersBrew"},{"floor":19,"key":"LiquidBronze"},{"floor":27,"key":"Fruit Juice"}],"is_trial":false,"path_per_floor":["M","?","?","?","M","E","$","R","T","M","M","R","M","M","R","B",null,"M","M","$","M","$","R","E","R","T","M","M"],"character_chosen":"DEFECT","items_purchased":["Oddly Smooth Stone","EntropicBrew","Self Repair"],"campfire_rested":5,"item_purchase_floors":[7,22,22],"current_hp_per_floor":[76,76,76,76,64,23,23,47,47,47,53,77,63,48,72,44,82,42,28,28,36,36,60,33,57,57,57,0],"gold":78,"neow_bonus":"TEN_PERCENT_HP_BONUS","is_prod":false,"is_daily":false,"chose_seed":false,"campfire_upgraded":0,"win_rate":0.0,"timestamp":1556842719,"path_taken":["M","?","?","?","M","E","$","R","T","M","M","R","M","M","R","BOSS","M","?","$","M","$","R","E","R","T","M","M"],"build_version":"2019-01-23","purchased_purges":1,"victory":false,"max_hp_per_floor":[82,82,82,82,82,82,82,82,82,82,82,82,82,82,82,82,82,82,82,82,82,82,82,82,82,82,87,87],"card_choices":[{"not_picked":["Loop","Conserve Battery"],"picked":"Consume","floor":1},{"not_picked":["Self Repair","Force Field"],"picked":"Undo","floor":5},{"not_picked":["Rip and Tear","Undo"],"picked":"Reboot","floor":6},{"not_picked":["Hello World","Sweeping Beam","Undo"],"picked":"Ball Lightning","floor":10},{"not_picked":["Self Repair","Go for the Eyes","Conserve Battery"],"picked":"Chaos","floor":11},{"not_picked":["Turbo","Leap","Go for the Eyes"],"picked":"Hello World","floor":13},{"not_picked":["Hologram","Cold Snap","Hello World"],"picked":"Creative AI","floor":14},{"not_picked":["Amplify","Reboot","Seek"],"picked":"Echo Form","floor":16},{"not_picked":["Turbo+1","Cold Snap","Compile Driver"],"picked":"Chill+1","floor":18},{"not_picked":["Steam","Compile Driver","Conserve Battery"],"picked":"Lockon+1","floor":19},{"not_picked":["Sweeping Beam+1","Compile Driver","Conserve Battery","Beam Cell"],"picked":"SKIP","floor":21},{"not_picked":["Streamline","Aggregate+1","Stack+1"],"picked":"Tempest","floor":24},{"not_picked":["Compile Driver+1","Turbo","Reprogram"],"picked":"Thunder Strike","floor":27}],"player_experience":66911,"relics_obtained":[{"floor":6,"key":"Meat on the Bone"},{"floor":9,"key":"Question Card"},{"floor":24,"key":"Juzu Bracelet"},{"floor":26,"key":"Ornamental Fan"}],"event_choices":[{"damage_healed":0,"gold_gain":0,"player_choice":"Ignored","damage_taken":0,"max_hp_gain":0,"max_hp_loss":0,"event_name":"Liars Game","floor":2,"gold_loss":0},{"damage_healed":0,"gold_gain":0,"player_choice":"Take Wound","damage_taken":0,"relics_obtained":["Golden Idol"],"max_hp_gain":0,"max_hp_loss":0,"event_name":"Golden Idol","floor":3,"gold_loss":0,"cards_obtained":["Injury"]},{"damage_healed":0,"gold_gain":0,"player_choice":"Got Potions","damage_taken":0,"max_hp_gain":0,"max_hp_loss":0,"event_name":"Lab","floor":4,"gold_loss":0}],"is_beta":false,"boss_relics":[{"not_picked":["Astrolabe","Empty Cage"],"picked":"Inserter"}],"items_purged_floors":[20],"is_endless":false,"potions_floor_spawned":[1,5,10,11,14,19,27],"killed_by":"3 Cultists","ascension_level":0}