{"gold_per_floor":[110,110,128,138,155,188,208,208,208,208,228,258,281,281,281,281],"floor_reached":16,"playtime":1452,"items_purged":[],"score":143,"play_id":"dbdd7104-3c17-4678-9784-124d456516a5","local_time":"20190409164415","is_ascension_mode":true,"campfire_choices":[{"floor":8,"key":"RECALL"},{"data":"Infernal Blade","floor":10,"key":"SMITH"},{"floor":15,"key":"REST"}],"neow_cost":"NONE","seed_source_timestamp":321303804838745,"circlet_count":0,"master_deck":["Strike_R","Strike_R","Strike_R","Strike_R","Defend_R","Defend_R","Defend_R","Defend_R","Bash","Perfected Strike","Warcry","Pummel","Twin Strike","Headbutt","Infernal Blade+1","Pommel Strike","Sword Boomerang"],"relics":["Burning Blood","Bottled Lightning","Strawberry","Happy Flower"],"potions_floor_usage":[16,16],"damage_taken":[{"damage":0,"enemies":"2 Louse","floor":1,"turns":2},{"damage":1,"enemies":"Cultist","floor":3,"turns":3},{"damage":7,"enemies":"Small Slimes","floor":4,"turns":3},{"damage":7,"enemies":"Gremlin Gang","floor":5,"turns":6},{"damage":20,"enemies":"Gremlin Nob","floor":6,"turns":4},{"damage":11,"enemies":"Large Slime","floor":7,"turns":4},{"damage":5,"enemies":"3 Louse","floor":11,"turns":4},{"damage":36,"enemies":"Lagavulin","floor":12,"turns":5},{"damage":73,"enemies":"Hexaghost","floor":16,"turns":8}],"seed_played":"-6669314151434714329","potions_obtained":[{"floor":5,"key":"Poison Potion"},{"floor":7,"key":"SmokeBomb"},{"floor":12,"key":"GamblersBrew"}],"is_trial":false,"path_per_floor":["M","?","M","M","M","E","M","R","T","R","M","E","T","$","R","B"],"character_chosen":"IRONCLAD","items_purchased":[],"campfire_rested":1,"item_purchase_floors":[],"current_hp_per_floor":[88,88,88,87,86,72,67,67,67,67,68,45,45,45,73,0],"gold":281,"neow_bonus":"TEN_PERCENT_HP_BONUS","is_prod":false,"is_daily":false,"chose_seed":false,"campfire_upgraded":1,"win_rate":0,"timestamp":1554846255,"path_taken":["M","?","?","M","M","E","M","R","T","R","M","E","?","$","R","BOSS"],"build_version":"2019-01-23","purchased_purges":0,"victory":false,"max_hp_per_floor":[88,88,88,88,88,88,88,88,88,88,88,95,95,95,95,95],"card_choices":[{"not_picked":["Armaments","Wild Strike"],"picked":"Perfected Strike","floor":1},{"not_picked":["Feel No Pain","Uppercut"],"picked":"Warcry","floor":3},{"not_picked":["True Grit","Reaper"],"picked":"Pummel","floor":4},{"not_picked":["Thunderclap","Shockwave"],"picked":"Twin Strike","floor":5},{"not_picked":["Battle Trance","Sentinel"],"picked":"Headbutt","floor":6},{"not_picked":["True Grit","Havoc"],"picked":"Infernal Blade","floor":7},{"not_picked":["Shrug It Off","Clothesline"],"picked":"Pommel Strike","floor":11},{"not_picked":["Anger","Cleave"],"picked":"Sword Boomerang","floor":12}],"player_experience":159384,"relics_obtained":[{"floor":6,"key":"Bottled Lightning"},{"floor":12,"key":"Strawberry"},{"floor":13,"key":"Happy Flower"}],"event_choices":[{"cards_removed":["Strike_R"],"damage_healed":0,"gold_gain":0,"player_choice":"Card Removal","damage_taken":0,"max_hp_gain":0,"max_hp_loss":0,"event_name":"Wheel of Change","floor":2,"gold_loss":0}],"is_beta":false,"boss_relics":[],"items_purged_floors":[],"is_endless":false,"potions_floor_spawned":[5,7,12],"killed_by":"Hexaghost","ascension_level":1}