{"gold_per_floor":[19,19,31,49,60,60,70,70,70,70,70,70,70,88,88,88],"floor_reached":16,"playtime":502,"items_purged":[],"score":129,"play_id":"d3b7d715-ccbe-47e8-8eec-429cf18a3243","local_time":"20180814015551","is_ascension_mode":true,"campfire_choices":[{"data":"Defragment","floor":6,"key":"SMITH"},{"floor":8,"key":"REST"},{"data":"Zap","floor":10,"key":"SMITH"},{"floor":15,"key":"REST"}],"neow_cost":"NO_GOLD","seed_source_timestamp":260753331261426,"circlet_count":0,"master_deck":["Strike_B","Strike_B+1","Strike_B+1","Strike_B","Defend_B","Defend_B","Defend_B","Defend_B","Zap+1","Dualcast","Amplify","Defragment+1","Conserve Battery"],"relics":["Cracked Core","GremlinMask","Whetstone","Orichalcum"],"potions_floor_usage":[3,5,16],"damage_taken":[{"damage":2,"enemies":"2 Louse","floor":1,"turns":3},{"damage":1,"enemies":"Cultist","floor":3,"turns":5},{"damage":7,"enemies":"Jaw Worm","floor":4,"turns":4},{"damage":5,"enemies":"Gremlin Gang","floor":5,"turns":5},{"damage":15,"enemies":"Exordium Thugs","floor":7,"turns":5},{"damage":0,"enemies":"3 Louse","floor":14,"turns":4},{"damage":59,"enemies":"Hexaghost","floor":16,"turns":9}],"seed_played":"5135355269290635645","potions_obtained":[{"floor":1,"key":"PowerPotion"},{"floor":4,"key":"Explosive Potion"},{"floor":14,"key":"SteroidPotion"}],"is_trial":false,"path_per_floor":["M","?","M","M","M","R","M","R","T","R","$","?","$","M","R"],"character_chosen":"DEFECT","items_purchased":[],"campfire_rested":2,"item_purchase_floors":[],"current_hp_per_floor":[66,66,65,58,53,53,38,60,60,60,60,35,35,35,57,0],"gold":88,"neow_bonus":"THREE_RARE_CARDS","is_prod":false,"is_daily":false,"chose_seed":false,"campfire_upgraded":2,"win_rate":0,"timestamp":1534204551,"path_taken":["M","?","?","M","M","R","M","R","T","R","$","?","?","M","R","BOSS"],"build_version":"2018-08-09","purchased_purges":0,"victory":false,"max_hp_per_floor":[75,75,75,75,75,75,75,75,75,75,75,75,75,75,75,75],"card_choices":[{"not_picked":["Hyperbeam","Rainbow"],"picked":"Amplify","floor":0},{"not_picked":["Glacier","Reinforced Body"],"picked":"Defragment","floor":1},{"not_picked":["Rebound","Steam","Barrage"],"picked":"SKIP","floor":3},{"not_picked":["Redo","Doom and Gloom"],"picked":"Conserve Battery","floor":4},{"not_picked":["Sunder","Ball Lightning","Fusion"],"picked":"SKIP","floor":5},{"not_picked":["Blizzard","Beam Cell","Turbo"],"picked":"SKIP","floor":7},{"not_picked":["Chill","Core Surge","Rip and Tear"],"picked":"SKIP","floor":14}],"player_experience":456890,"relics_obtained":[{"floor":9,"key":"Whetstone"}],"event_choices":[{"event_name":"FaceTrader","player_choice":"Trade","floor":2,"damage_taken":0},{"event_name":"Scrap Ooze","player_choice":"success","floor":12,"damage_taken":25}],"is_beta":false,"boss_relics":[],"items_purged_floors":[],"is_endless":false,"potions_floor_spawned":[1,4,14],"killed_by":"Hexaghost","ascension_level":8}