{"gold_per_floor":[109,128,139,158,158,158,191,203,227,255,20,34,34,45,45,142,192,212,239,239,239,124,154,154,179,234,234,219,219,245,245,245,346,346,356,368,154,254,267,267,190,204,204,204,204,204,218,235,235,235,235,235,42,42],"floor_reached":54,"playtime":4532,"items_purged":[],"score":829,"play_id":"c0483cab-a5f5-43e0-86ed-7f1afaf68f57","local_time":"20190122011313","is_ascension_mode":true,"campfire_choices":[{"floor":6,"key":"REST"},{"floor":15,"key":"REST"},{"floor":24,"key":"RECALL"},{"floor":27,"key":"REST"},{"floor":32,"key":"REST"},{"data":"Storm","floor":40,"key":"SMITH"},{"data":"Defragment","floor":44,"key":"SMITH"},{"data":"Capacitor","floor":49,"key":"SMITH"},{"data":"Stack","floor":52,"key":"SMITH"}],"neow_cost":"NONE","seed_source_timestamp":285254884570700,"circlet_count":0,"master_deck":["Defend_B","Defend_B","Defend_B","Defend_B","Zap+1","Dualcast+1","Madness","Stack","Stack+1","Undo","Redo","Lockon","FTL","Defragment+1","Stack","Conserve Battery+1","Electrodynamics","Reinforced Body","Capacitor+1","Conserve Battery+1","Undo","Conserve Battery+1","Thunder Strike","Bite","Bite","Bite","Bite","Bite","Defragment+1","Aggregate+1","Auto Shields+1","Storm+1","Parasite","Conserve Battery+1","Stack+1","Capacitor+1","Conserve Battery","Ball Lightning","Double Energy"],"relics":["Cracked Core","Dead Branch","Oddly Smooth Stone","Odd Mushroom","Membership Card","Tiny House","Red Mask","War Paint","Happy Flower","Smiling Mask","Matryoshka","Runic Pyramid","Bronze Scales","ClockworkSouvenir","Lantern","Kunai","Bag of Marbles","Strange Spoon"],"potions_floor_usage":[14,16,19,23,25,33,33,35,50,54],"damage_taken":[{"damage":1,"enemies":"2 Louse","floor":1,"turns":3},{"damage":1,"enemies":"Cultist","floor":2,"turns":3},{"damage":6,"enemies":"Jaw Worm","floor":3,"turns":3},{"damage":21,"enemies":"3 Louse","floor":4,"turns":4},{"damage":19,"enemies":"Lagavulin","floor":7,"turns":9},{"damage":9,"enemies":"Blue Slaver","floor":8,"turns":4},{"damage":12,"enemies":"The Mushroom Lair","floor":10,"turns":4},{"damage":13,"enemies":"Large Slime","floor":12,"turns":5},{"damage":1,"enemies":"3 Louse","floor":14,"turns":3},{"damage":30,"enemies":"Slime Boss","floor":16,"turns":12},{"damage":1,"enemies":"3 Byrds","floor":18,"turns":4},{"damage":9,"enemies":"Masked Bandits","floor":19,"turns":3},{"damage":2,"enemies":"Book of Stabbing","floor":23,"turns":6},{"damage":27,"enemies":"Slavers","floor":25,"turns":7},{"damage":3,"enemies":"2 Thieves","floor":28,"turns":4},{"damage":27,"enemies":"Gremlin Leader","floor":30,"turns":7},{"damage":19,"enemies":"Collector","floor":33,"turns":9},{"damage":24,"enemies":"3 Darklings","floor":35,"turns":4},{"damage":2,"enemies":"3 Shapes","floor":36,"turns":6},{"damage":6,"enemies":"Writhing Mass","floor":39,"turns":7},{"damage":0,"enemies":"Maw","floor":42,"turns":8},{"damage":0,"enemies":"4 Shapes","floor":47,"turns":7},{"damage":0,"enemies":"Writhing Mass","floor":48,"turns":7},{"damage":36,"enemies":"Donu and Deca","floor":50,"turns":8},{"damage":96,"enemies":"Shield and Spear","floor":54,"turns":8}],"seed_played":"2281986551486113666","potions_obtained":[{"floor":1,"key":"FocusPotion"},{"floor":7,"key":"Fire Potion"},{"floor":12,"key":"SkillPotion"},{"floor":14,"key":"Swift Potion"},{"floor":16,"key":"LiquidBronze"},{"floor":21,"key":"FocusPotion"},{"floor":21,"key":"EntropicBrew"},{"floor":23,"key":"Ancient Potion"},{"floor":25,"key":"SkillPotion"},{"floor":48,"key":"LiquidBronze"}],"is_trial":false,"path_per_floor":["M","M","M","M","?","R","E","M","T","?","$","M","?","M","R","B",null,"M","?","?","?","$","E","R","E","T","R","M","?","E","?","R","B",null,"M","M","$","?","M","R","$","M","T","R","?","?","M","M","R","B",null,"R","$","E"],"character_chosen":"DEFECT","items_purchased":["Membership Card","Defragment","War Paint","Undo","Bronze Scales","Storm","ClockworkSouvenir","Lantern","Strange Spoon","Conserve Battery","Ball Lightning","Double Energy"],"campfire_rested":4,"item_purchase_floors":[11,11,22,22,37,37,37,41,53,53,53,53],"current_hp_per_floor":[74,73,67,46,46,68,49,40,40,28,28,15,15,14,36,6,80,79,70,70,70,70,68,68,41,41,65,62,56,35,35,51,42,56,34,42,42,42,38,38,38,48,48,48,48,66,66,66,66,38,66,66,66,0],"gold":42,"neow_bonus":"RANDOM_COLORLESS","is_prod":false,"is_daily":false,"chose_seed":false,"campfire_upgraded":4,"win_rate":0,"timestamp":1548137593,"path_taken":["M","M","M","M","?","R","E","?","T","?","?","M","?","M","R","BOSS","M","?","?","?","$","E","R","E","T","R","?","?","E","?","R","BOSS","M","?","$","?","M","R","?","?","T","R","?","?","M","M","R","BOSS","R","$","E"],"build_version":"2019-01-17v2","purchased_purges":0,"victory":false,"max_hp_per_floor":[75,75,75,75,75,75,75,75,75,75,75,75,75,75,75,75,80,80,80,80,80,80,80,80,80,80,80,80,56,56,56,56,56,56,56,56,56,56,56,56,56,56,56,56,56,66,66,66,66,66,66,66,66,66],"card_choices":[{"not_picked":["Ball Lightning","Compile Driver"],"picked":"Stack","floor":1},{"not_picked":["Recycle","BootSequence"],"picked":"Stack","floor":2},{"not_picked":["BootSequence","Redo"],"picked":"Undo","floor":3},{"not_picked":["Steam","Double Energy","Rainbow"],"picked":"SKIP","floor":4},{"not_picked":["Go for the Eyes","Steam"],"picked":"Redo","floor":7},{"not_picked":["Hologram","Tempest"],"picked":"Lockon","floor":8},{"not_picked":["Hologram","Undo"],"picked":"FTL","floor":10},{"not_picked":["Cold Snap","Streamline"],"picked":"Stack","floor":12},{"not_picked":["Melter","Redo"],"picked":"Conserve Battery","floor":14},{"not_picked":["Multi-Cast","Amplify"],"picked":"Electrodynamics","floor":16},{"not_picked":["Sweeping Beam","Barrage"],"picked":"Reinforced Body","floor":17},{"not_picked":["Go for the Eyes+1","Auto Shields"],"picked":"Capacitor","floor":18},{"not_picked":["BootSequence","Streamline"],"picked":"Conserve Battery","floor":19},{"not_picked":["Beam Cell","Blizzard"],"picked":"Ball Lightning","floor":23},{"not_picked":["Leap","Gash"],"picked":"Conserve Battery+1","floor":25},{"not_picked":["Stack","Barrage"],"picked":"Thunder Strike","floor":28},{"not_picked":["Consume","Ball Lightning+1"],"picked":"Defragment+1","floor":30},{"not_picked":["Echo Form","Core Surge"],"picked":"Thunder Strike","floor":33},{"not_picked":["Redo","Cold Snap"],"picked":"Aggregate+1","floor":35},{"not_picked":["Aggregate+1","Gash"],"picked":"Auto Shields+1","floor":36},{"not_picked":["Streamline","Steam+1"],"picked":"Conserve Battery+1","floor":39},{"not_picked":["Hello World+1","Steam","Chaos"],"picked":"SKIP","floor":42},{"not_picked":["Gash","Leap"],"picked":"Stack+1","floor":47},{"not_picked":["Barrage","Steam Power+1"],"picked":"Capacitor","floor":48}],"player_experience":124961,"relics_obtained":[{"floor":7,"key":"Dead Branch"},{"floor":9,"key":"Oddly Smooth Stone"},{"floor":10,"key":"Odd Mushroom"},{"floor":19,"key":"Red Mask"},{"floor":23,"key":"Happy Flower"},{"floor":25,"key":"Smiling Mask"},{"floor":30,"key":"Matryoshka"},{"floor":43,"key":"Kunai"},{"floor":43,"key":"Bag of Marbles"}],"event_choices":[{"damage_healed":0,"gold_gain":0,"player_choice":"Forge","damage_taken":0,"max_hp_gain":0,"max_hp_loss":0,"event_name":"Accursed Blacksmith","floor":5,"gold_loss":0,"cards_upgraded":["Zap"]},{"damage_healed":0,"gold_gain":0,"player_choice":"Fought Mushrooms","damage_taken":0,"max_hp_gain":0,"max_hp_loss":0,"event_name":"Mushrooms","floor":10,"gold_loss":0},{"damage_healed":0,"gold_gain":0,"player_choice":"Ignored","damage_taken":0,"max_hp_gain":0,"max_hp_loss":0,"event_name":"Liars Game","floor":13,"gold_loss":0},{"damage_healed":0,"gold_gain":0,"player_choice":"Fought Bandits","damage_taken":0,"max_hp_gain":0,"max_hp_loss":0,"event_name":"Masked Bandits","floor":19,"gold_loss":0},{"damage_healed":0,"gold_gain":0,"player_choice":"Ignored","damage_taken":0,"max_hp_gain":0,"max_hp_loss":0,"event_name":"Beggar","floor":20,"gold_loss":0},{"damage_healed":0,"gold_gain":0,"player_choice":"Got Potions","damage_taken":0,"max_hp_gain":0,"max_hp_loss":0,"event_name":"Lab","floor":21,"gold_loss":0},{"damage_healed":0,"gold_gain":0,"player_choice":"Became a vampire","damage_taken":0,"max_hp_gain":0,"max_hp_loss":24,"event_name":"Vampires","floor":29,"gold_loss":0,"cards_obtained":["Bite","Bite","Bite","Bite","Bite"]},{"damage_healed":0,"gold_gain":0,"player_choice":"Upgraded","damage_taken":0,"max_hp_gain":0,"max_hp_loss":0,"event_name":"Upgrade Shrine","floor":31,"gold_loss":0,"cards_upgraded":["Capacitor"]},{"damage_healed":0,"gold_gain":100,"player_choice":"Pray","damage_taken":0,"max_hp_gain":0,"max_hp_loss":0,"event_name":"Golden Shrine","floor":38,"gold_loss":0},{"cards_removed":["Ball Lightning"],"damage_healed":0,"gold_gain":0,"player_choice":"Removed Attack","damage_taken":0,"max_hp_gain":0,"max_hp_loss":0,"event_name":"Falling","floor":45,"gold_loss":0},{"cards_removed":["Thunder Strike"],"damage_healed":8,"gold_gain":0,"player_choice":"Offered Rare","damage_taken":0,"max_hp_gain":10,"max_hp_loss":0,"event_name":"Bonfire Elementals","floor":46,"gold_loss":0}],"is_beta":false,"boss_relics":[{"not_picked":["Pandora\u0027s Box","Ectoplasm"],"picked":"Tiny House"},{"not_picked":["Busted Crown","Calling Bell"],"picked":"Runic Pyramid"}],"items_purged_floors":[],"is_endless":false,"potions_floor_spawned":[1,7,12,14,16,23,25,28,36,42,48],"killed_by":"Shield and Spear","ascension_level":1}