{"path_per_floor":["M","?","$","?","?","R","M","M","T","M","$","?","R","M","R","B",null,"M","?","M","$","M","R"],"character_chosen":"IRONCLAD","items_purchased":["Searing Blow","Regen Potion","Regen Potion"],"gold_per_floor":[110,110,35,35,35,35,56,71,119,138,15,15,15,30,30,153,153,167,167,187,37,58,58,58],"floor_reached":24,"campfire_rested":1,"playtime":1209,"current_hp_per_floor":[80,80,80,80,60,60,65,60,60,51,51,56,56,62,62,24,85,42,26,18,18,8,33,0],"items_purged":["Defend_R","Strike_R"],"gold":58,"score":195,"play_id":"3f3a5d29-acca-4c65-9fc5-43dc74e4a0e3","local_time":"20180509144734","is_prod":false,"is_daily":false,"chose_seed":false,"is_ascension_mode":true,"campfire_upgraded":3,"timestamp":1525848454,"path_taken":["M","?","$","?","?","R","M","M","T","?","?","?","R","M","R","BOSS","M","?","M","$","M","R","?"],"build_version":"2018-05-03","seed_source_timestamp":2093920281713935,"purchased_purges":2,"victory":false,"master_deck":["Strike_R","Strike_R","Defend_R","Defend_R","Defend_R","Bash+1","Clothesline","Clash","Searing Blow+2","Berserk","Double Tap","Doubt","Warcry","Double Tap","True Grit+1"],"max_hp_per_floor":[80,80,80,80,80,80,80,80,80,80,80,85,85,85,85,85,85,85,85,85,85,85,85,85],"relics":["Burning Blood","Golden Idol","Omamori","Calling Bell","Blood Vial","Question Card","Champion Belt","Nilry\u0027s Codex"],"card_choices":[{"not_picked":["Anger","Uppercut"],"picked":"Clash","floor":8},{"not_picked":["Shrug It Off","Body Slam"],"picked":"Berserk","floor":14},{"not_picked":["Demon Form","Barricade"],"picked":"Double Tap","floor":16},{"not_picked":["Dropkick","Cleave","Flame Barrier"],"picked":"Warcry","floor":18},{"not_picked":["Anger","Body Slam","Warcry"],"picked":"Double Tap","floor":20},{"not_picked":["Sword Boomerang","Evolve","Sever Soul"],"picked":"True Grit","floor":22}],"player_experience":138683,"potions_floor_usage":[16,16,22,22,22],"damage_taken":[{"damage":5,"enemies":"2 Louse","floor":1,"turns":4},{"damage":1,"enemies":"Cultist","floor":7,"turns":3},{"damage":11,"enemies":"Jaw Worm","floor":8,"turns":2},{"damage":15,"enemies":"Exordium Thugs","floor":10,"turns":3},{"damage":0,"enemies":"Large Slime","floor":14,"turns":5},{"damage":53,"enemies":"The Guardian","floor":16,"turns":8},{"damage":49,"enemies":"Spheric Guardian","floor":18,"turns":6},{"damage":16,"enemies":"2 Thieves","floor":20,"turns":5},{"damage":30,"enemies":"Slaver and Parasite","floor":22,"turns":5},{"damage":40,"enemies":"3 Cultists","floor":24,"turns":4}],"event_choices":[{"event_name":"The Woman in Blue","player_choice":"Bought 0 Potions","floor":2,"damage_taken":0},{"event_name":"Living Wall","player_choice":"Change","floor":4,"damage_taken":0},{"event_name":"Golden Idol","player_choice":"Take Damage","floor":5,"damage_taken":0},{"event_name":"Big Fish","player_choice":"Donut","floor":12,"damage_taken":0},{"event_name":"Cursed Tome","player_choice":"Obtained Book","floor":19,"damage_taken":0}],"boss_relics":[{"not_picked":["Runic Dome","Eternal Feather"],"picked":"Calling Bell"}],"potions_floor_spawned":[7,10,14,20],"seed_played":"7345993425124604356","killed_by":"3 Cultists","ascension_level":1,"is_trial":false}