{"gold_per_floor":[116,127,147,58,71,106,106,24,24,2,2,2,2,2,2,125,125,141,141,28,48,48,82,101,101],"floor_reached":25,"playtime":1252,"items_purged":[],"score":219,"play_id":"b96763fc-5b0e-4168-808c-46f4bde44010","local_time":"20190224165614","is_ascension_mode":false,"campfire_choices":[{"floor":15,"key":"REST"}],"neow_cost":"NONE","seed_source_timestamp":686012141401453,"circlet_count":0,"master_deck":["Defend_G","Defend_G","Defend_G","Defend_G","Defend_G","Strike_G","Strike_G","Strike_G","Strike_G","Strike_G","Survivor","Neutralize","All Out Attack+1","Deflect","All Out Attack","Footwork","Acrobatics","Masterful Stab+1","Well Laid Plans","Quick Slash","Terror","Dagger Throw","Malaise","PiercingWail","Noxious Fumes","Dagger Throw","Bane","Underhanded Strike","Dagger Throw+1","Leg Sweep"],"relics":["Fusion Hammer","Calipers","Gambling Chip","Golden Idol","The Courier","Eternal Feather","Nloth\u0027s Gift","Blue Candle"],"potions_floor_usage":[3,5,21,23,25],"damage_taken":[{"damage":0,"enemies":"2 Louse","floor":1,"turns":3},{"damage":0,"enemies":"Jaw Worm","floor":2,"turns":3},{"damage":0,"enemies":"Small Slimes","floor":3,"turns":1},{"damage":2,"enemies":"3 Louse","floor":5,"turns":2},{"damage":48,"enemies":"Gremlin Nob","floor":6,"turns":5},{"damage":35,"enemies":"Hexaghost","floor":16,"turns":10},{"damage":12,"enemies":"3 Byrds","floor":18,"turns":6},{"damage":16,"enemies":"2 Thieves","floor":21,"turns":4},{"damage":24,"enemies":"Book of Stabbing","floor":23,"turns":6},{"damage":16,"enemies":"3 Cultists","floor":24,"turns":4},{"damage":5,"enemies":"Snake Plant","floor":25,"turns":2}],"seed_played":"7619682781141092969","potions_obtained":[{"floor":1,"key":"SteroidPotion"},{"floor":3,"key":"Swift Potion"},{"floor":16,"key":"EssenceOfSteel"},{"floor":18,"key":"SteroidPotion"},{"floor":24,"key":"SkillPotion"}],"is_trial":false,"path_per_floor":["M","M","M","$","M","E","?","$","T","$","?","?","?","T","R","B",null,"M","?","$","M","?","E","M","M"],"character_chosen":"THE_SILENT","items_purchased":["Footwork","Acrobatics","Quick Slash","Terror","Dagger Throw","Noxious Fumes","Dagger Throw","Bane"],"campfire_rested":1,"item_purchase_floors":[4,4,8,8,10,20,20,20],"current_hp_per_floor":[70,70,70,70,68,20,6,6,6,6,6,29,29,29,50,15,70,58,58,58,42,42,18,2,0],"gold":101,"neow_bonus":"BOSS_RELIC","is_prod":false,"is_daily":false,"chose_seed":false,"campfire_upgraded":0,"win_rate":0,"timestamp":1551048974,"path_taken":["M","M","M","$","M","E","?","?","T","$","?","?","?","?","R","BOSS","M","?","$","?","?","E","M","?"],"build_version":"2019-01-23","purchased_purges":0,"victory":false,"max_hp_per_floor":[70,70,70,70,70,70,70,70,70,70,70,70,70,70,70,70,70,70,70,70,70,70,70,70,70],"card_choices":[{"not_picked":["Skewer","Riddle With Holes"],"picked":"All Out Attack","floor":1},{"not_picked":["Dodge and Roll","Slice"],"picked":"Deflect","floor":2},{"not_picked":["Catalyst","Deflect"],"picked":"All Out Attack","floor":3},{"not_picked":["Slice","Deadly Poison"],"picked":"Masterful Stab","floor":5},{"not_picked":["Caltrops","All Out Attack"],"picked":"Well Laid Plans","floor":6},{"not_picked":["Envenom","A Thousand Cuts"],"picked":"Malaise","floor":16},{"not_picked":["Dagger Throw","Slice"],"picked":"PiercingWail","floor":18},{"not_picked":["Acrobatics+1","Prepared"],"picked":"Underhanded Strike","floor":21},{"not_picked":["Deadly Poison","Outmaneuver"],"picked":"Dagger Throw+1","floor":23},{"not_picked":["Poisoned Stab","Terror"],"picked":"Leg Sweep","floor":24}],"player_experience":74125,"relics_obtained":[{"floor":6,"key":"Singing Bowl"},{"floor":9,"key":"Calipers"},{"floor":14,"key":"The Courier"},{"floor":23,"key":"Blue Candle"}],"event_choices":[{"damage_healed":0,"gold_gain":0,"player_choice":"Entered Light","damage_taken":14,"max_hp_gain":0,"max_hp_loss":0,"event_name":"Shining Light","floor":7,"gold_loss":0,"cards_upgraded":["All Out Attack","Masterful Stab"]},{"damage_healed":0,"gold_gain":0,"player_choice":"Searched \u00271\u0027 times","damage_taken":0,"relics_obtained":["Gambling Chip"],"max_hp_gain":0,"max_hp_loss":0,"event_name":"Dead Adventurer","floor":11,"gold_loss":0},{"damage_healed":23,"gold_gain":0,"player_choice":"Banana","damage_taken":0,"max_hp_gain":0,"max_hp_loss":0,"event_name":"Big Fish","floor":12,"gold_loss":0},{"damage_healed":0,"gold_gain":0,"player_choice":"Take Wound","damage_taken":0,"relics_obtained":["Golden Idol"],"max_hp_gain":0,"max_hp_loss":0,"event_name":"Golden Idol","floor":13,"gold_loss":0,"cards_obtained":["Injury"]},{"cards_removed":["Injury"],"damage_healed":0,"gold_gain":0,"player_choice":"Removed Curses","damage_taken":0,"max_hp_gain":0,"max_hp_loss":0,"event_name":"Fountain of Cleansing","floor":19,"gold_loss":0},{"damage_healed":0,"gold_gain":0,"player_choice":"Traded Relic","damage_taken":0,"relics_obtained":["Nloth\u0027s Gift"],"max_hp_gain":0,"max_hp_loss":0,"event_name":"N\u0027loth","floor":22,"relics_lost":["Singing Bowl"],"gold_loss":0}],"is_beta":false,"boss_relics":[{"not_picked":["Coffee Dripper","Tiny House"],"picked":"Eternal Feather"}],"items_purged_floors":[],"is_endless":false,"potions_floor_spawned":[1,3,16,18,24],"killed_by":"Snake Plant","ascension_level":0}