{"gold_per_floor":[114,124,138,138,161,205,205,380,449,473,473],"floor_reached":11,"playtime":673,"items_purged":[],"score":75,"play_id":"63476a86-e138-4c46-8a9c-be7005351c95","local_time":"20190428233255","is_ascension_mode":false,"campfire_choices":[{"floor":7,"key":"REST"}],"neow_cost":"NONE","seed_source_timestamp":208877656159551,"circlet_count":0,"master_deck":["Strike_B","Strike_B","Strike_B","Strike_B","Defend_B","Defend_B","Defend_B","Defend_B","Zap","Dualcast","White Noise","Hologram","Heatsinks","Injury","Self Repair","Turbo","Doubt","BootSequence"],"relics":["Cracked Core","Juzu Bracelet","Golden Idol","Du-Vu Doll","Pantograph"],"potions_floor_usage":[10,11],"damage_taken":[{"damage":2,"enemies":"2 Louse","floor":1,"turns":2},{"damage":0,"enemies":"Small Slimes","floor":2,"turns":2},{"damage":1,"enemies":"Jaw Worm","floor":3,"turns":3},{"damage":18,"enemies":"Gremlin Gang","floor":5,"turns":7},{"damage":26,"enemies":"Lagavulin","floor":6,"turns":8},{"damage":31,"enemies":"Exordium Thugs","floor":10,"turns":6},{"damage":51,"enemies":"Gremlin Nob","floor":11,"turns":5}],"seed_played":"8551420836100438600","potions_obtained":[{"floor":5,"key":"Energy Potion"},{"floor":6,"key":"SkillPotion"},{"floor":10,"key":"Weak Potion"}],"is_trial":false,"path_per_floor":["M","M","M","?","M","E","R","?","T","M","E"],"character_chosen":"DEFECT","items_purchased":[],"campfire_rested":1,"item_purchase_floors":[],"current_hp_per_floor":[73,73,72,72,54,35,57,57,57,33,0],"gold":473,"neow_bonus":"RANDOM_COMMON_RELIC","is_prod":false,"is_daily":false,"chose_seed":false,"campfire_upgraded":0,"win_rate":0,"timestamp":1556519575,"path_taken":["M","M","M","?","M","E","R","?","T","M","E"],"build_version":"2019-01-23","purchased_purges":0,"victory":false,"max_hp_per_floor":[75,75,75,75,75,75,75,75,75,75,75],"card_choices":[{"not_picked":["Conserve Battery","Hologram"],"picked":"White Noise","floor":1},{"not_picked":["Force Field","Barrage"],"picked":"Hologram","floor":2},{"not_picked":["Chill","Coolheaded"],"picked":"Heatsinks","floor":3},{"not_picked":["Barrage","Double Energy"],"picked":"Self Repair","floor":5},{"not_picked":["Lockon","Conserve Battery"],"picked":"Turbo","floor":6},{"not_picked":["Ball Lightning","Go for the Eyes"],"picked":"BootSequence","floor":10}],"player_experience":508123,"relics_obtained":[{"floor":6,"key":"Du-Vu Doll"},{"floor":9,"key":"Pantograph"}],"event_choices":[{"damage_healed":0,"gold_gain":0,"player_choice":"Take Wound","damage_taken":0,"relics_obtained":["Golden Idol"],"max_hp_gain":0,"max_hp_loss":0,"event_name":"Golden Idol","floor":4,"gold_loss":0,"cards_obtained":["Injury"]},{"damage_healed":0,"gold_gain":175,"player_choice":"AGREE","damage_taken":0,"max_hp_gain":0,"max_hp_loss":0,"event_name":"Liars Game","floor":8,"gold_loss":0,"cards_obtained":["Doubt"]}],"is_beta":false,"boss_relics":[],"items_purged_floors":[],"is_endless":false,"potions_floor_spawned":[5,6,10],"killed_by":"Gremlin Nob","ascension_level":0}