{"gold_per_floor":[109,109,124,124,43,43,100,100,100,100,127,11,45,64,64,167,167,178,163,163,181,181,181,193,118,118,147,159,176,176,3,3,105,105,122,122,138,154,29,29,46,46,72,84,129,141,3,3,3,3],"floor_reached":51,"playtime":3980,"items_purged":["Shrug It Off","Defend_R","Armaments","Writhe"],"score":727,"play_id":"4fc788c5-af54-48c8-8429-8e78fed3d59b","local_time":"20190507094921","is_ascension_mode":true,"campfire_choices":[{"floor":6,"key":"REST"},{"floor":8,"key":"REST"},{"floor":15,"key":"REST"},{"floor":23,"key":"REST"},{"floor":30,"key":"REST"},{"floor":32,"key":"REST"},{"floor":40,"key":"REST"},{"floor":42,"key":"REST"},{"floor":44,"key":"REST"},{"floor":49,"key":"REST"}],"neow_cost":"NONE","seed_source_timestamp":227517088835400,"circlet_count":0,"master_deck":["Strike_R","Strike_R","Strike_R","Strike_R","Strike_R","Defend_R","Defend_R","Defend_R","Bash","Shrug It Off","Warcry+1","Impervious","Body Slam","Entrench+1","Thunderclap","Metallicize","Demon Form+1","Shockwave+1","Spot Weakness","Uppercut","Feed","Rupture+1","Reaper","Flame Barrier","Flame Barrier","Infernal Blade+1","Armaments+1","Inflame+1","Infernal Blade+1","Demon Form+1"],"relics":["Sozu","Dream Catcher","Tiny Chest","Matryoshka","Question Card","Vajra","Du-Vu Doll","Snecko Eye","Lantern","Dodecahedron","War Paint","Fusion Hammer","Self Forming Clay","MawBank","Pantograph"],"potions_floor_usage":[],"damage_taken":[{"damage":9,"enemies":"Jaw Worm","floor":1,"turns":4},{"damage":1,"enemies":"Cultist","floor":3,"turns":4},{"damage":16,"enemies":"Lagavulin","floor":7,"turns":9},{"damage":22,"enemies":"Gremlin Nob","floor":11,"turns":5},{"damage":21,"enemies":"3 Sentries","floor":13,"turns":10},{"damage":7,"enemies":"Small Slimes","floor":14,"turns":4},{"damage":47,"enemies":"Hexaghost","floor":16,"turns":14},{"damage":0,"enemies":"Chosen","floor":18,"turns":6},{"damage":12,"enemies":"2 Thieves","floor":19,"turns":4},{"damage":28,"enemies":"Centurion and Healer","floor":21,"turns":5},{"damage":4,"enemies":"Chosen and Byrds","floor":24,"turns":6},{"damage":29,"enemies":"Gremlin Leader","floor":27,"turns":6},{"damage":6,"enemies":"Shelled Parasite and Fungi","floor":28,"turns":4},{"damage":14,"enemies":"Cultist and Chosen","floor":29,"turns":5},{"damage":22,"enemies":"Champ","floor":33,"turns":9},{"damage":0,"enemies":"3 Darklings","floor":35,"turns":4},{"damage":0,"enemies":"Orb Walker","floor":37,"turns":4},{"damage":49,"enemies":"Transient","floor":38,"turns":5},{"damage":40,"enemies":"Sphere and 2 Shapes","floor":41,"turns":6},{"damage":77,"enemies":"Nemesis","floor":45,"turns":9},{"damage":66,"enemies":"Time Eater","floor":50,"turns":9}],"seed_played":"2478301346288786338","potions_obtained":[],"is_trial":false,"path_per_floor":["M","?","M","?","$","R","E","R","T","?","E","?","E","M","R","B",null,"M","M","?","M","?","R","M","$","T","E","M","M","R","$","R","B",null,"M","?","M","M","$","R","M","R","T","R","E","?","$","?","R","B",null],"character_chosen":"IRONCLAD","items_purchased":["Impervious","Flame Barrier"],"campfire_rested":10,"item_purchase_floors":[5,31],"current_hp_per_floor":[71,71,70,63,63,80,64,80,80,80,58,58,37,30,54,7,80,80,68,68,40,40,64,63,63,63,34,28,14,38,38,62,52,83,83,83,83,41,41,65,41,65,65,83,6,27,27,27,51,58],"gold":3,"neow_bonus":"BOSS_RELIC","is_prod":false,"is_daily":false,"chose_seed":false,"campfire_upgraded":0,"win_rate":0,"timestamp":1557236961,"path_taken":["M","?","?","?","$","R","E","R","T","?","E","?","E","M","R","BOSS","M","?","?","M","?","R","?","$","T","E","?","M","R","$","R","BOSS","M","?","M","M","$","R","?","R","T","R","E","?","$","?","R","BOSS"],"build_version":"2019-01-23","purchased_purges":4,"victory":true,"max_hp_per_floor":[80,80,80,80,80,80,80,80,80,80,80,80,80,80,80,80,80,80,80,80,80,80,80,83,83,83,83,83,83,83,83,83,83,83,83,83,83,83,83,83,83,83,83,83,83,83,83,83,83,83],"card_choices":[{"not_picked":["Flex","Iron Wave"],"picked":"Shrug It Off","floor":1},{"not_picked":["Sword Boomerang","Bloodletting"],"picked":"Warcry","floor":3},{"not_picked":["Juggernaut","Seeing Red"],"picked":"Armaments","floor":6},{"not_picked":["Wild Strike","Corruption"],"picked":"Body Slam","floor":7},{"not_picked":["Intimidate","Wild Strike"],"picked":"Entrench","floor":11},{"not_picked":["Feel No Pain","Intimidate","Anger"],"picked":"Thunderclap","floor":13},{"not_picked":["True Grit","Clash","Thunderclap"],"picked":"Metallicize","floor":14},{"not_picked":["Juggernaut","Bludgeon","Reaper"],"picked":"Demon Form","floor":16},{"not_picked":["Flex","Perfected Strike+1","Thunderclap"],"picked":"Shockwave+1","floor":18},{"not_picked":["Feel No Pain","True Grit","Warcry+1"],"picked":"Spot Weakness","floor":19},{"not_picked":["Body Slam","Seeing Red+1","Thunderclap"],"picked":"Uppercut","floor":21},{"not_picked":["Sword Boomerang","Dropkick+1","Twin Strike"],"picked":"Feed","floor":23},{"not_picked":["Headbutt","Armaments","Sword Boomerang","Havoc+1"],"picked":"SKIP","floor":24},{"not_picked":["Clash","Sword Boomerang","Heavy Blade","Body Slam"],"picked":"SKIP","floor":27},{"not_picked":["Sentinel","Wild Strike","Armaments"],"picked":"Rupture+1","floor":28},{"not_picked":["Pommel Strike","Shrug It Off","Havoc+1"],"picked":"Reaper","floor":29},{"not_picked":["Cleave","Pommel Strike","Berserk"],"picked":"Flame Barrier","floor":30},{"not_picked":["Shrug It Off","Anger","Armaments"],"picked":"Infernal Blade+1","floor":32},{"not_picked":["Twin Strike","Entrench","Shrug It Off","Clothesline+1"],"picked":"SKIP","floor":35},{"not_picked":["Shockwave","Cleave","Combust","Hemokinesis+1"],"picked":"SKIP","floor":37},{"not_picked":["True Grit+1","Pommel Strike","Havoc+1"],"picked":"Armaments+1","floor":38},{"not_picked":["Thunderclap+1","Clash","Pommel Strike+1"],"picked":"Inflame+1","floor":41},{"not_picked":["Searing Blow","Thunderclap+1","Iron Wave+1"],"picked":"Infernal Blade+1","floor":44},{"not_picked":["Entrench+1","Warcry","Cleave","Searing Blow+1"],"picked":"SKIP","floor":45}],"player_experience":128589,"relics_obtained":[{"floor":7,"key":"Tiny Chest"},{"floor":9,"key":"Matryoshka"},{"floor":11,"key":"Question Card"},{"floor":13,"key":"Du-Vu Doll"},{"floor":26,"key":"Lantern"},{"floor":26,"key":"Dodecahedron"},{"floor":27,"key":"War Paint"},{"floor":43,"key":"Self Forming Clay"},{"floor":43,"key":"MawBank"},{"floor":45,"key":"Pantograph"}],"event_choices":[{"damage_healed":0,"gold_gain":0,"player_choice":"Got Potions","damage_taken":0,"max_hp_gain":0,"max_hp_loss":0,"event_name":"Lab","floor":2,"gold_loss":0},{"damage_healed":0,"gold_gain":0,"player_choice":"Success","damage_taken":7,"relics_obtained":["Dream Catcher"],"max_hp_gain":0,"max_hp_loss":0,"event_name":"Scrap Ooze","floor":4,"gold_loss":0},{"damage_healed":0,"gold_gain":0,"player_choice":"Ignored","damage_taken":0,"max_hp_gain":0,"max_hp_loss":0,"event_name":"Golden Wing","floor":10,"gold_loss":0},{"damage_healed":0,"gold_gain":0,"player_choice":"Paid Gold","damage_taken":0,"relics_obtained":["Vajra"],"max_hp_gain":0,"max_hp_loss":0,"event_name":"WeMeetAgain","floor":12,"gold_loss":116},{"damage_healed":0,"gold_gain":0,"player_choice":"Ignored","damage_taken":0,"max_hp_gain":0,"max_hp_loss":0,"event_name":"Vampires","floor":20,"gold_loss":0},{"damage_healed":0,"gold_gain":0,"player_choice":"1 cards matched","damage_taken":0,"max_hp_gain":0,"max_hp_loss":0,"event_name":"Match and Keep!","floor":22,"gold_loss":0,"cards_obtained":["Shrug It Off"]},{"damage_healed":0,"gold_gain":0,"player_choice":"Forge","damage_taken":0,"max_hp_gain":0,"max_hp_loss":0,"event_name":"Accursed Blacksmith","floor":36,"gold_loss":0,"cards_upgraded":["Demon Form"]},{"damage_healed":21,"gold_gain":0,"player_choice":"Writhe","damage_taken":0,"max_hp_gain":0,"max_hp_loss":0,"event_name":"Winding Halls","floor":46,"gold_loss":0,"cards_obtained":["Writhe"]},{"damage_healed":0,"gold_gain":0,"player_choice":"Copied","damage_taken":0,"max_hp_gain":0,"max_hp_loss":0,"event_name":"Duplicator","floor":48,"gold_loss":0,"cards_obtained":["Demon Form"]}],"is_beta":false,"boss_relics":[{"not_picked":["Black Star","Mark of Pain"],"picked":"Snecko Eye"},{"not_picked":["Cursed Key","Runic Pyramid"],"picked":"Fusion Hammer"}],"items_purged_floors":[25,31,39,47],"is_endless":false,"potions_floor_spawned":[7,11,13,16,18,19,24,27,35,41],"ascension_level":2}