{"gold_per_floor":[115,115,190,210,210,243,243,243,243,257,257],"floor_reached":11,"playtime":519,"items_purged":[],"score":73,"play_id":"59678191-6c3b-4a2f-a5ba-6d890b341da2","local_time":"20190219171524","is_ascension_mode":false,"campfire_choices":[{"floor":7,"key":"REST"}],"neow_cost":"NONE","seed_source_timestamp":255901193632630,"circlet_count":0,"master_deck":["Defend_G","Defend_G","Defend_G","Defend_G","Defend_G","Strike_G","Strike_G","Strike_G","Strike_G","Strike_G","Survivor","Neutralize","Slice+1","Sucker Punch","Poisoned Stab","Poisoned Stab"],"relics":["Velvet Choker","Ginger","Nunchaku"],"potions_floor_usage":[8,10],"damage_taken":[{"damage":2,"enemies":"Small Slimes","floor":1,"turns":4},{"damage":0,"enemies":"Jaw Worm","floor":4,"turns":3},{"damage":40,"enemies":"Gremlin Nob","floor":6,"turns":5},{"damage":0,"enemies":"Cultist","floor":8,"turns":1},{"damage":7,"enemies":"Exordium Thugs","floor":10,"turns":3},{"damage":31,"enemies":"3 Sentries","floor":11,"turns":6}],"seed_played":"-2015117270838108086","potions_obtained":[{"floor":5,"key":"SmokeBomb"},{"floor":5,"key":"Explosive Potion"},{"floor":5,"key":"Weak Potion"},{"floor":10,"key":"Block Potion"}],"is_trial":false,"path_per_floor":["M","?","?","M","?","E","R","M","T","M","E"],"character_chosen":"THE_SILENT","items_purchased":[],"campfire_rested":1,"item_purchase_floors":[],"current_hp_per_floor":[68,68,57,57,57,17,38,38,38,31,0],"gold":257,"neow_bonus":"BOSS_RELIC","is_prod":false,"is_daily":false,"chose_seed":false,"campfire_upgraded":0,"win_rate":0.0,"timestamp":1550618124,"path_taken":["M","?","?","M","?","E","R","M","T","?","E"],"build_version":"2019-01-23","purchased_purges":0,"victory":false,"max_hp_per_floor":[70,70,70,70,70,70,70,70,70,70,70],"card_choices":[{"not_picked":["Deflect","Quick Slash"],"picked":"Slice","floor":1},{"not_picked":["Acrobatics","Choke"],"picked":"Sucker Punch","floor":4},{"not_picked":["Flechettes","Riddle With Holes"],"picked":"Poisoned Stab","floor":6},{"not_picked":["Caltrops","Reflex"],"picked":"Poisoned Stab","floor":10}],"player_experience":46199,"relics_obtained":[{"floor":6,"key":"Ginger"},{"floor":9,"key":"Nunchaku"}],"event_choices":[{"damage_healed":0,"gold_gain":0,"player_choice":"Grow","damage_taken":0,"max_hp_gain":0,"max_hp_loss":0,"event_name":"Living Wall","floor":2,"gold_loss":0,"cards_upgraded":["Slice"]},{"damage_healed":0,"gold_gain":75,"player_choice":"Gather Gold","damage_taken":11,"max_hp_gain":0,"max_hp_loss":0,"event_name":"World of Goop","floor":3,"gold_loss":0},{"damage_healed":0,"gold_gain":0,"player_choice":"Got Potions","damage_taken":0,"max_hp_gain":0,"max_hp_loss":0,"event_name":"Lab","floor":5,"gold_loss":0}],"is_beta":false,"boss_relics":[],"items_purged_floors":[],"is_endless":false,"potions_floor_spawned":[8,10],"killed_by":"3 Sentries","ascension_level":0}