{"gold_per_floor":[118,193,209,60,73,108,126,126,149,149,149,177,196,211,211,313,313,324,343,343,199,215,215,228,228,253,168,196,240,269,312,324,336],"floor_reached":33,"playtime":2183,"items_purged":["Strike_G"],"score":304,"play_id":"92b49e35-27a9-4fbd-b395-b1043561d29a","local_time":"20190102170935","is_ascension_mode":false,"campfire_choices":[{"floor":8,"key":"REST"},{"floor":10,"key":"REST"},{"floor":15,"key":"REST"},{"floor":23,"key":"REST"},{"floor":25,"key":"RECALL"},{"floor":32,"key":"REST"}],"neow_cost":"NONE","seed_source_timestamp":14436842410090,"circlet_count":0,"master_deck":["Defend_G+1","Defend_G","Defend_G","Defend_G","Defend_G","Strike_G","Strike_G","Strike_G","Strike_G","Survivor","Neutralize","Poisoned Stab","Bane","Quick Slash","Footwork","Crippling Poison+1","Sucker Punch","Deadly Poison","Deadly Poison","Leg Sweep","Sucker Punch+1","Poisoned Stab+1","Sucker Punch+1","Deadly Poison","Poisoned Stab+1","Poisoned Stab+1","PiercingWail","Quick Slash+1","Dodge and Roll+1","Dagger Throw+1"],"relics":["Philosopher\u0027s Stone","Bronze Scales","Ancient Tea Set","Dream Catcher","War Paint","Velvet Choker","Molten Egg 2","MawBank","Dodecahedron","Red Mask"],"potions_floor_usage":[6,16,29,33,33],"damage_taken":[{"damage":0,"enemies":"Small Slimes","floor":1,"turns":4},{"damage":0,"enemies":"Jaw Worm","floor":3,"turns":4},{"damage":0,"enemies":"2 Louse","floor":5,"turns":2},{"damage":24,"enemies":"3 Sentries","floor":6,"turns":10},{"damage":7,"enemies":"2 Fungi Beasts","floor":7,"turns":3},{"damage":14,"enemies":"Gremlin Nob","floor":12,"turns":4},{"damage":1,"enemies":"Looter","floor":13,"turns":3},{"damage":10,"enemies":"Lots of Slimes","floor":14,"turns":3},{"damage":15,"enemies":"Hexaghost","floor":16,"turns":7},{"damage":3,"enemies":"Spheric Guardian","floor":18,"turns":5},{"damage":0,"enemies":"Chosen","floor":19,"turns":4},{"damage":19,"enemies":"Snake Plant","floor":22,"turns":4},{"damage":10,"enemies":"Centurion and Healer","floor":24,"turns":4},{"damage":8,"enemies":"Chosen and Byrds","floor":28,"turns":4},{"damage":2,"enemies":"Gremlin Leader","floor":29,"turns":5},{"damage":5,"enemies":"Snecko","floor":30,"turns":5},{"damage":8,"enemies":"Masked Bandits","floor":31,"turns":3},{"damage":76,"enemies":"Collector","floor":33,"turns":7}],"seed_played":"6397648320758144853","potions_obtained":[{"floor":1,"key":"Energy Potion"},{"floor":3,"key":"GamblersBrew"},{"floor":14,"key":"AttackPotion"},{"floor":19,"key":"Fire Potion"},{"floor":24,"key":"Fire Potion"},{"floor":28,"key":"Block Potion"}],"is_trial":false,"path_per_floor":["M","?","M","$","M","E","M","R","T","R","$","E","M","M","R","B",null,"M","M","?","$","M","R","M","R","T","?","M","E","M","?","R","B"],"character_chosen":"THE_SILENT","items_purchased":["Bronze Scales","Poisoned Stab+1","Sucker Punch+1"],"campfire_rested":5,"item_purchase_floors":[4,21,21],"current_hp_per_floor":[70,59,59,59,59,35,28,49,49,70,70,56,55,45,66,51,70,67,67,67,67,48,69,59,59,59,59,51,49,44,36,57,0],"gold":336,"neow_bonus":"BOSS_RELIC","is_prod":false,"is_daily":false,"chose_seed":false,"campfire_upgraded":0,"win_rate":0,"timestamp":1546466975,"path_taken":["M","?","M","$","M","E","M","R","T","R","?","E","M","M","R","BOSS","M","M","?","$","M","R","M","R","T","?","M","E","M","?","R","BOSS"],"build_version":"2018-12-20","purchased_purges":1,"victory":false,"max_hp_per_floor":[70,70,70,70,70,70,70,70,70,70,70,70,70,70,70,70,70,70,70,70,70,70,70,70,70,70,70,70,70,70,70,70,70],"card_choices":[{"not_picked":["Heel Hook","Dagger Throw"],"picked":"Poisoned Stab","floor":1},{"not_picked":["Cloak And Dagger","Finisher"],"picked":"Bane","floor":3},{"not_picked":["Reflex","Outmaneuver"],"picked":"Quick Slash","floor":5},{"not_picked":["Quick Slash","Cloak And Dagger"],"picked":"Footwork","floor":6},{"not_picked":["Masterful Stab","Acrobatics"],"picked":"Crippling Poison","floor":7},{"not_picked":["Concentrate","Deflect"],"picked":"Sucker Punch","floor":12},{"not_picked":["Quick Slash","Escape Plan"],"picked":"Deadly Poison","floor":13},{"not_picked":["After Image","Setup","Calculated Gamble"],"picked":"SKIP","floor":14},{"not_picked":["Riddle With Holes","Leg Sweep"],"picked":"Deadly Poison","floor":15},{"not_picked":["Deflect","Flechettes"],"picked":"Leg Sweep","floor":18},{"not_picked":["All Out Attack","Flying Knee"],"picked":"Sucker Punch+1","floor":19},{"not_picked":["Quick Slash+1","Deflect"],"picked":"Deadly Poison","floor":22},{"not_picked":["Underhanded Strike+1","Cloak And Dagger"],"picked":"Poisoned Stab+1","floor":23},{"not_picked":["Deflect","Acrobatics"],"picked":"Poisoned Stab+1","floor":24},{"not_picked":["Dagger Spray+1","Escape Plan"],"picked":"PiercingWail","floor":28},{"not_picked":["Phantasmal Killer","Escape Plan+1"],"picked":"Quick Slash+1","floor":29},{"not_picked":["Deflect","Prepared+1"],"picked":"Dodge and Roll+1","floor":30},{"not_picked":["Dodge and Roll","Prepared"],"picked":"Dagger Throw+1","floor":31}],"player_experience":101913,"relics_obtained":[{"floor":6,"key":"Ancient Tea Set"},{"floor":9,"key":"Dream Catcher"},{"floor":12,"key":"War Paint"},{"floor":29,"key":"Dodecahedron"},{"floor":31,"key":"Red Mask"}],"event_choices":[{"damage_healed":0,"gold_gain":75,"player_choice":"Gather Gold","damage_taken":11,"max_hp_gain":0,"max_hp_loss":0,"event_name":"World of Goop","floor":2,"gold_loss":0},{"damage_healed":0,"gold_gain":0,"player_choice":"Opened","damage_taken":0,"relics_obtained":["Molten Egg 2"],"max_hp_gain":0,"max_hp_loss":0,"event_name":"The Mausoleum","floor":20,"gold_loss":0},{"damage_healed":0,"gold_gain":0,"player_choice":"Obtained Relic","damage_taken":0,"relics_obtained":["MawBank"],"max_hp_gain":0,"max_hp_loss":0,"event_name":"Addict","floor":27,"gold_loss":85},{"damage_healed":0,"gold_gain":0,"player_choice":"Fought Bandits","damage_taken":0,"max_hp_gain":0,"max_hp_loss":0,"event_name":"Masked Bandits","floor":31,"gold_loss":0}],"is_beta":false,"boss_relics":[{"not_picked":["Runic Dome","WristBlade"],"picked":"Velvet Choker"}],"items_purged_floors":[21],"is_endless":false,"potions_floor_spawned":[1,3,14,19,24,28],"killed_by":"Collector","ascension_level":0}