{"gold_per_floor":[114,132,150,163,174,200,213,248,260,272,251,263,286,308,320,332],"floor_reached":16,"playtime":906,"items_purged":[],"score":195,"play_id":"027b0a0b-ac9a-4f7f-975d-6676265000d9","local_time":"20190513132645","is_ascension_mode":true,"campfire_choices":[{"floor":10,"key":"REST"},{"floor":12,"key":"REST"},{"floor":15,"key":"REST"}],"neow_cost":"NONE","seed_source_timestamp":3640058154690796,"circlet_count":0,"master_deck":["AscendersBane","Defend_G","Defend_G","Defend_G","Defend_G","Defend_G","Strike_G","Strike_G","Strike_G","Strike_G","Strike_G","Survivor","Neutralize","Dagger Spray","Dash","Bouncing Flask","Crippling Poison","Deflect","Underhanded Strike","Deadly Poison","Noxious Fumes"],"relics":["White Beast Statue","Blood Vial","MawBank","Nunchaku"],"potions_floor_usage":[3,4,5,6,6,7,8,14,16],"damage_taken":[{"damage":4,"enemies":"Cultist","floor":1,"turns":6},{"damage":0,"enemies":"Small Slimes","floor":2,"turns":4},{"damage":0,"enemies":"Jaw Worm","floor":3,"turns":4},{"damage":23,"enemies":"Exordium Thugs","floor":4,"turns":5},{"damage":6,"enemies":"2 Fungi Beasts","floor":5,"turns":3},{"damage":31,"enemies":"Gremlin Nob","floor":6,"turns":5},{"damage":1,"enemies":"Large Slime","floor":7,"turns":5},{"damage":21,"enemies":"3 Sentries","floor":8,"turns":11},{"damage":17,"enemies":"Exordium Thugs","floor":11,"turns":5},{"damage":12,"enemies":"Gremlin Gang","floor":13,"turns":4},{"damage":10,"enemies":"Blue Slaver","floor":14,"turns":4},{"damage":34,"enemies":"The Guardian","floor":16,"turns":6}],"seed_played":"-2733005449937451897","potions_obtained":[{"floor":1,"key":"Energy Potion"},{"floor":2,"key":"PowerPotion"},{"floor":3,"key":"Regen Potion"},{"floor":4,"key":"Regen Potion"},{"floor":5,"key":"AttackPotion"},{"floor":6,"key":"AttackPotion"},{"floor":7,"key":"Weak Potion"},{"floor":8,"key":"Ancient Potion"},{"floor":11,"key":"GamblersBrew"},{"floor":13,"key":"LiquidBronze"},{"floor":14,"key":"Energy Potion"}],"is_trial":false,"path_per_floor":["M","M","M","M","M","E","M","E","T","R","M","R","M","M","R","B"],"character_chosen":"THE_SILENT","items_purchased":[],"campfire_rested":3,"item_purchase_floors":[],"current_hp_per_floor":[59,59,59,36,39,20,21,2,2,23,8,29,19,11,32,0],"gold":332,"neow_bonus":"BOSS_RELIC","is_prod":false,"is_daily":false,"chose_seed":false,"campfire_upgraded":0,"win_rate":0,"timestamp":1557732405,"path_taken":["M","M","M","M","?","E","M","E","T","R","M","R","M","M","R","BOSS"],"build_version":"2019-01-23","purchased_purges":0,"victory":false,"max_hp_per_floor":[70,70,70,70,70,70,70,70,70,70,70,70,70,70,70,70],"card_choices":[{"not_picked":["Setup","Dagger Throw"],"picked":"Dagger Spray","floor":1},{"not_picked":["Dodge and Roll","Blade Dance"],"picked":"Dash","floor":2},{"not_picked":["Flying Knee","Slice"],"picked":"Bouncing Flask","floor":3},{"not_picked":["Expertise","Underhanded Strike"],"picked":"Crippling Poison","floor":4},{"not_picked":["Bane","Expertise"],"picked":"Deflect","floor":5},{"not_picked":["Tools of the Trade","Cloak And Dagger"],"picked":"Underhanded Strike","floor":6},{"not_picked":["Flying Knee","Outmaneuver","Dash"],"picked":"SKIP","floor":7},{"not_picked":["Underhanded Strike","Storm of Steel","Skewer"],"picked":"SKIP","floor":8},{"not_picked":["Dodge and Roll","Flechettes","Outmaneuver"],"picked":"SKIP","floor":11},{"not_picked":["Dagger Throw","Poisoned Stab"],"picked":"Deadly Poison","floor":13},{"not_picked":["Footwork","Slice"],"picked":"Noxious Fumes","floor":14}],"player_experience":1323085,"relics_obtained":[{"floor":6,"key":"Blood Vial"},{"floor":8,"key":"MawBank"},{"floor":9,"key":"Nunchaku"}],"event_choices":[],"is_beta":false,"boss_relics":[],"items_purged_floors":[],"is_endless":false,"potions_floor_spawned":[1,2,3,4,5,6,7,8,11,13,14],"killed_by":"The Guardian","ascension_level":13}