{"gold_per_floor":[214,214,33,33,43,43,54,82,82,95,110,110,110,186,186,315,315,333,333,348,363,363,396,396],"floor_reached":24,"playtime":1768,"items_purged":[],"score":313,"play_id":"7af30e5d-620a-4db9-a165-eb308aa63ca2","local_time":"20190424170404","is_ascension_mode":true,"campfire_choices":[{"data":"Noxious Fumes","floor":6.0,"key":"SMITH"},{"floor":12,"key":"REST"},{"data":"Footwork","floor":15,"key":"SMITH"}],"neow_cost":"NONE","seed_source_timestamp":2010579173333872,"circlet_count":0,"master_deck":["Defend_G+1","Defend_G+1","Defend_G+1","Defend_G+1","Strike_G+1","Strike_G+1","Strike_G+1","Strike_G+1","Strike_G+1","Survivor","Neutralize","Backflip","Die Die Die","Bouncing Flask","Noxious Fumes+1","Dodge and Roll","Footwork+1","Escape Plan","PiercingWail+1","PiercingWail"],"special_seed":0,"relics":["Ring of the Snake","Oddly Smooth Stone","Kunai","Dodecahedron","Golden Idol","Runic Pyramid","Matryoshka"],"potions_floor_usage":[8,20,21,21,21,21,23,23],"damage_taken":[{"damage":4.0,"enemies":"Small Slimes","floor":1.0,"turns":6.0},{"damage":0.0,"enemies":"Cultist","floor":5.0,"turns":3.0},{"damage":0,"enemies":"2 Louse","floor":7,"turns":3},{"damage":36,"enemies":"Gremlin Nob","floor":8,"turns":5},{"damage":5,"enemies":"Large Slime","floor":10,"turns":8},{"damage":5,"enemies":"Gremlin Gang","floor":11,"turns":3},{"damage":28,"enemies":"The Guardian","floor":16,"turns":10},{"damage":0,"enemies":"Spheric Guardian","floor":18,"turns":5},{"damage":9,"enemies":"3 Byrds","floor":20,"turns":6},{"damage":15,"enemies":"Snake Plant","floor":21,"turns":5},{"damage":25,"enemies":"Gremlin Leader","floor":23,"turns":9},{"damage":18,"enemies":"3 Cultists","floor":24,"turns":4}],"seed_played":"3747630294710490757","potions_obtained":[{"floor":5.0,"key":"Weak Potion"},{"floor":11,"key":"SmokeBomb"},{"floor":16,"key":"Poison Potion"},{"floor":18,"key":"Regen Potion"},{"floor":19,"key":"EntropicBrew"},{"floor":20,"key":"LiquidBronze"}],"is_trial":false,"path_per_floor":["M","?","$","T","M","R","M","E","T","M","M","R","?","?","R","B",null,"M","?","M","M","?","E","M"],"character_chosen":"THE_SILENT","items_purchased":["Die Die Die","Bouncing Flask"],"campfire_rested":1,"item_purchase_floors":[3,3],"current_hp_per_floor":[59,59,59,59,59,59,59,23,23,18,13,34,34,34,34,6,50,50,50,41,41,41,16,0],"gold":396,"neow_bonus":"HUNDRED_GOLD","is_prod":false,"is_daily":false,"chose_seed":false,"campfire_upgraded":2,"win_rate":0,"timestamp":1556103844,"path_taken":["M","?","$","?","?","R","M","E","T","M","M","R","?","?","R","BOSS","M","?","?","M","?","E","M"],"build_version":"2019-01-23","purchased_purges":0,"victory":false,"max_hp_per_floor":[70,70,70,70,70,70,70,70,70,70,70,70,65,65,65,65,65,65,65,65,65,65,65,65],"card_choices":[{"not_picked":["Slice","Tactician"],"picked":"Backflip","floor":1.0},{"not_picked":["Dagger Throw","Finisher"],"picked":"Noxious Fumes","floor":5.0},{"not_picked":["Prepared","Catalyst"],"picked":"Dodge and Roll","floor":7},{"not_picked":["Glass Knife","Backflip"],"picked":"Footwork","floor":8},{"not_picked":["Dagger Spray","Prepared","Predator"],"picked":"SKIP","floor":10},{"not_picked":["Terror","Tactician","Bane"],"picked":"SKIP","floor":11},{"not_picked":["Dagger Spray","Predator","Dagger Throw"],"picked":"SKIP","floor":18},{"not_picked":["Expertise","Footwork"],"picked":"Escape Plan","floor":20},{"not_picked":["Flying Knee","Prepared"],"picked":"PiercingWail+1","floor":21},{"not_picked":["Sucker Punch","Heel Hook+1"],"picked":"PiercingWail","floor":23}],"player_experience":1206058,"relics_obtained":[{"floor":4.0,"key":"Oddly Smooth Stone"},{"floor":8,"key":"Kunai"},{"floor":9,"key":"Dodecahedron"},{"floor":23,"key":"Matryoshka"}],"event_choices":[{"cards_removed":["Defend_G"],"damage_healed":0.0,"max_hp_gain":0.0,"max_hp_loss":0.0,"gold_gain":0.0,"event_name":"Bonfire Elementals","player_choice":"Offered Basic","floor":2.0,"gold_loss":0.0,"damage_taken":0.0},{"damage_healed":0,"gold_gain":0,"player_choice":"Lose Max HP","damage_taken":0,"relics_obtained":["Golden Idol"],"max_hp_gain":0,"max_hp_loss":5,"event_name":"Golden Idol","floor":13,"gold_loss":0},{"damage_healed":0,"gold_gain":76,"player_choice":"Gained Gold","damage_taken":0,"max_hp_gain":0,"max_hp_loss":0,"event_name":"Golden Wing","floor":14,"gold_loss":0},{"damage_healed":0,"gold_gain":0,"player_choice":"Got Potions","damage_taken":0,"max_hp_gain":0,"max_hp_loss":0,"event_name":"Lab","floor":19,"gold_loss":0},{"damage_healed":0,"gold_gain":0,"player_choice":"Simplicity","damage_taken":0,"max_hp_gain":0,"max_hp_loss":0,"event_name":"Back to Basics","floor":22,"gold_loss":0,"cards_upgraded":["Defend_G","Defend_G","Defend_G","Defend_G","Strike_G","Strike_G","Strike_G","Strike_G","Strike_G"]}],"is_beta":false,"boss_relics":[{"not_picked":["Fusion Hammer","Velvet Choker"],"picked":"Runic Pyramid"}],"items_purged_floors":[],"is_endless":false,"potions_floor_spawned":[5,11,16,18,20],"killed_by":"3 Cultists","ascension_level":9}