{"gold_per_floor":[113,113,125,125,125,152,152,5,29,58,15,47,63,63,63,63],"floor_reached":16,"playtime":604,"items_purged":["Strike_G"],"score":136,"play_id":"3bd8de6e-9200-42f2-815d-6bc0746ff489","local_time":"20190528223146","is_ascension_mode":true,"campfire_choices":[{"floor":7,"key":"REST"},{"floor":15,"key":"REST"}],"neow_cost":"NONE","seed_source_timestamp":1050760206486408,"circlet_count":0,"master_deck":["Defend_G","Defend_G","Defend_G","Defend_G","Strike_G","Strike_G","Strike_G","Survivor","Neutralize","Bouncing Flask","Burst","Noxious Fumes"],"relics":["Ring of the Snake","NeowsBlessing","Pen Nib","Oddly Smooth Stone","Bronze Scales","Letter Opener"],"potions_floor_usage":[10,13],"damage_taken":[{"damage":0,"enemies":"Small Slimes","floor":1,"turns":1},{"damage":0,"enemies":"2 Louse","floor":3,"turns":1},{"damage":0,"enemies":"Cultist","floor":5,"turns":1},{"damage":14,"enemies":"Gremlin Nob","floor":6,"turns":4},{"damage":12,"enemies":"Lagavulin","floor":10,"turns":6},{"damage":27,"enemies":"3 Sentries","floor":12,"turns":7},{"damage":13,"enemies":"Blue Slaver","floor":13,"turns":2},{"damage":39,"enemies":"Slime Boss","floor":16,"turns":11}],"seed_played":"-5824797433967243640","potions_obtained":[{"floor":1,"key":"PowerPotion"},{"floor":12,"key":"AttackPotion"}],"is_trial":false,"path_per_floor":["M","?","M","?","M","E","R","$","T","E","?","E","M","$","R","B"],"character_chosen":"THE_SILENT","items_purchased":["Noxious Fumes"],"campfire_rested":2,"item_purchase_floors":[8],"current_hp_per_floor":[70,63,63,63,63,49,70,70,70,58,58,31,18,18,39,0],"gold":63,"neow_bonus":"THREE_ENEMY_KILL","is_prod":false,"is_daily":false,"chose_seed":false,"campfire_upgraded":0,"win_rate":0,"timestamp":1559097106,"path_taken":["M","?","M","?","?","E","R","$","T","E","?","E","M","?","R","BOSS"],"build_version":"2019-01-23","purchased_purges":1,"victory":false,"max_hp_per_floor":[70,70,70,70,70,70,70,70,70,70,70,70,70,70,70,70],"card_choices":[{"not_picked":["Bane","Catalyst"],"picked":"Bouncing Flask","floor":1},{"not_picked":["Distraction","Calculated Gamble","Slice"],"picked":"SKIP","floor":3},{"not_picked":["Dodge and Roll","Blade Dance","Quick Slash"],"picked":"SKIP","floor":5},{"not_picked":["Flying Knee","Blur","Deflect"],"picked":"SKIP","floor":6},{"not_picked":["Deflect","Tools of the Trade","Slice"],"picked":"SKIP","floor":10},{"not_picked":["Slice","Sucker Punch","Endless Agony"],"picked":"SKIP","floor":12},{"not_picked":["Eviscerate","PiercingWail","Calculated Gamble"],"picked":"SKIP","floor":13}],"player_experience":327255,"relics_obtained":[{"floor":6,"key":"Pen Nib"},{"floor":9,"key":"Oddly Smooth Stone"},{"floor":10,"key":"Bronze Scales"},{"floor":12,"key":"Letter Opener"}],"event_choices":[{"cards_removed":["Strike_G"],"damage_healed":0,"gold_gain":0,"player_choice":"Card Removal","damage_taken":7,"max_hp_gain":0,"max_hp_loss":0,"event_name":"Golden Wing","floor":2,"gold_loss":0},{"damage_healed":0,"gold_gain":0,"cards_transformed":["Defend_G"],"player_choice":"Transformed","damage_taken":0,"max_hp_gain":0,"max_hp_loss":0,"event_name":"Transmorgrifier","floor":4,"gold_loss":0,"cards_obtained":["Burst"]},{"damage_healed":0,"gold_gain":0,"player_choice":"Left Gold","damage_taken":0,"max_hp_gain":0,"max_hp_loss":0,"event_name":"World of Goop","floor":11,"gold_loss":43}],"is_beta":false,"boss_relics":[],"items_purged_floors":[8],"is_endless":false,"potions_floor_spawned":[1,5,12],"killed_by":"Slime Boss","ascension_level":3}