{"gold_per_floor":[114,134,148,148,22,57,73,73,100,113,169,169,169,196,196,291,291,302,321,336,350,78,106,106,106,130,144,0,0,0,13,13,113,113,132,132,132,143,143,174,174,209,209,219,219,219,219,230,230,230],"floor_reached":51,"playtime":1643,"items_purged":["Regret","Strike_R"],"score":769,"play_id":"41a27a7c-82d4-4a30-bc20-6c0e53d0e3dc","local_time":"20190521130534","is_ascension_mode":true,"campfire_choices":[{"data":"Fiend Fire","floor":8,"key":"SMITH"},{"floor":12,"key":"REST"},{"data":"Havoc","floor":15,"key":"SMITH"},{"floor":24,"key":"REST"},{"data":"Searing Blow","floor":29,"key":"SMITH"},{"data":"Searing Blow+1","floor":32,"key":"SMITH"},{"data":"Searing Blow+2","floor":41,"key":"SMITH"},{"data":"Searing Blow+3","floor":46,"key":"SMITH"},{"data":"Searing Blow+4","floor":49,"key":"SMITH"}],"neow_cost":"NONE","seed_source_timestamp":4329247485812506,"circlet_count":0,"master_deck":["Strike_R+1","Defend_R","Defend_R","Defend_R","Defend_R","Bash","Cleave+1","Fiend Fire+1","Headbutt","Exhume","Havoc+1","Pommel Strike","Pommel Strike","Sentinel","Bludgeon","Searing Blow+5","Uppercut+1","Apotheosis","Reaper","Writhe","Feed","Shrug It Off+1","Intimidate+1","Armaments+1","Heavy Blade","Bludgeon","Doubt"],"relics":["Burning Blood","NeowsBlessing","Boot","Regal Pillow","Whetstone","Letter Opener","Sundial","Pantograph","Snecko Eye","Kunai","Lantern","Mercury Hourglass","Astrolabe","Juzu Bracelet","Red Skull","Dodecahedron","Bronze Scales"],"potions_floor_usage":[14,16,33,42,50,50],"damage_taken":[{"damage":0,"enemies":"2 Louse","floor":1,"turns":1},{"damage":0,"enemies":"Jaw Worm","floor":2,"turns":1},{"damage":0,"enemies":"Small Slimes","floor":3,"turns":1},{"damage":54,"enemies":"Lagavulin","floor":6,"turns":6},{"damage":5,"enemies":"Looter","floor":7,"turns":2},{"damage":19,"enemies":"Blue Slaver","floor":10,"turns":3},{"damage":14,"enemies":"Gremlin Nob","floor":11,"turns":3},{"damage":16,"enemies":"3 Sentries","floor":14,"turns":5},{"damage":55,"enemies":"The Guardian","floor":16,"turns":12},{"damage":0,"enemies":"Spheric Guardian","floor":18,"turns":1},{"damage":1,"enemies":"3 Byrds","floor":19,"turns":3},{"damage":0,"enemies":"Centurion and Healer","floor":20,"turns":3},{"damage":11,"enemies":"Snake Plant","floor":21,"turns":2},{"damage":31,"enemies":"Gremlin Leader","floor":23,"turns":4},{"damage":0,"enemies":"Snecko","floor":27,"turns":2},{"damage":6,"enemies":"3 Cultists","floor":31,"turns":3},{"damage":47,"enemies":"Collector","floor":33,"turns":5},{"damage":26,"enemies":"3 Darklings","floor":35,"turns":4},{"damage":5,"enemies":"3 Shapes","floor":38,"turns":2},{"damage":6,"enemies":"Nemesis","floor":40,"turns":3},{"damage":26,"enemies":"Reptomancer","floor":42,"turns":4},{"damage":16,"enemies":"Spire Growth","floor":44,"turns":3},{"damage":0,"enemies":"Sphere and 2 Shapes","floor":48,"turns":3},{"damage":75,"enemies":"Donu and Deca","floor":50,"turns":10}],"seed_played":"6901724738785807380","potions_obtained":[{"floor":1,"key":"Energy Potion"},{"floor":7,"key":"Explosive Potion"},{"floor":10,"key":"FearPotion"},{"floor":14,"key":"Poison Potion"},{"floor":16,"key":"Block Potion"},{"floor":18,"key":"Dexterity Potion"},{"floor":19,"key":"Energy Potion"},{"floor":35,"key":"FearPotion"},{"floor":48,"key":"SkillPotion"}],"is_trial":false,"path_per_floor":["M","M","M","?","$","E","M","R","T","M","?","R","?","E","R","B",null,"M","M","M","M","$","E","R","$","T","M","?","R","?","M","R","B",null,"M","?","?","M","?","E","R","E","T","M","T","R","?","M","R","B",null],"character_chosen":"IRONCLAD","items_purchased":["Headbutt","Apotheosis"],"campfire_rested":2,"item_purchase_floors":[5,22],"current_hp_per_floor":[80,80,80,80,80,32,33,33,33,20,12,51,51,41,41,17,80,80,80,80,75,75,50,80,80,80,80,80,80,80,80,80,39,80,73,73,73,74,74,76,76,70,70,67,67,67,76,76,76,19],"gold":230,"neow_bonus":"THREE_ENEMY_KILL","is_prod":false,"is_daily":false,"chose_seed":false,"campfire_upgraded":7,"win_rate":0,"timestamp":1558422334,"path_taken":["M","M","M","?","$","E","M","R","T","M","?","R","?","E","R","BOSS","M","M","M","M","$","E","R","$","T","?","?","R","?","M","R","BOSS","M","?","?","?","?","E","R","E","T","M","?","R","?","M","R","BOSS"],"build_version":"2019-01-23","purchased_purges":2,"victory":true,"max_hp_per_floor":[80,80,80,80,80,80,80,80,80,80,80,80,80,80,80,80,80,80,80,80,80,80,80,80,80,80,80,80,80,80,80,80,80,80,80,76,76,76,76,76,76,76,76,76,76,76,76,76,76,80],"card_choices":[{"not_picked":["Burning Pact","Shrug It Off"],"picked":"Cleave","floor":1},{"not_picked":["Cleave","True Grit"],"picked":"Fiend Fire","floor":2},{"not_picked":["Infernal Blade","Entrench","Wild Strike"],"picked":"SKIP","floor":3},{"not_picked":["Sword Boomerang","Clothesline"],"picked":"Exhume","floor":6},{"not_picked":["Entrench","Anger"],"picked":"Havoc","floor":7},{"not_picked":["Combust","Fire Breathing"],"picked":"Pommel Strike","floor":10},{"not_picked":["Clothesline","Iron Wave"],"picked":"Pommel Strike","floor":11},{"not_picked":["Fire Breathing","Dual Wield"],"picked":"Sentinel","floor":14},{"not_picked":["Juggernaut","Exhume"],"picked":"Bludgeon","floor":16},{"not_picked":["Body Slam+1","Shrug It Off","Warcry"],"picked":"SKIP","floor":18},{"not_picked":["Body Slam","Cleave+1"],"picked":"Searing Blow","floor":19},{"not_picked":["Disarm+1","Dual Wield","Sword Boomerang"],"picked":"SKIP","floor":20},{"not_picked":["Shrug It Off","Dual Wield"],"picked":"Uppercut+1","floor":21},{"not_picked":["Cleave","Armaments"],"picked":"Reaper","floor":23},{"not_picked":["Thunderclap","Metallicize","Anger+1"],"picked":"SKIP","floor":27},{"not_picked":["Thunderclap","Metallicize","Anger+1"],"picked":"SKIP","floor":27},{"not_picked":["Fire Breathing","Sword Boomerang+1","Pommel Strike"],"picked":"SKIP","floor":31},{"not_picked":["Brutality","Dark Embrace"],"picked":"Feed","floor":33},{"not_picked":["Clothesline","Metallicize"],"picked":"Heavy Blade","floor":35},{"not_picked":["Havoc","Iron Wave+1","Spot Weakness+1"],"picked":"SKIP","floor":38},{"not_picked":["Body Slam","Rampage+1","True Grit+1"],"picked":"SKIP","floor":40},{"not_picked":["Pommel Strike","Warcry+1","Burning Pact+1"],"picked":"SKIP","floor":42},{"not_picked":["Body Slam","Dual Wield","Rampage+1"],"picked":"SKIP","floor":44},{"not_picked":["Clash","Sword Boomerang+1","Flex+1"],"picked":"SKIP","floor":48}],"player_experience":1390546,"relics_obtained":[{"floor":6,"key":"Regal Pillow"},{"floor":9,"key":"Whetstone"},{"floor":11,"key":"Letter Opener"},{"floor":14,"key":"Pantograph"},{"floor":23,"key":"Kunai"},{"floor":26,"key":"Lantern"},{"floor":40,"key":"Juzu Bracelet"},{"floor":42,"key":"Red Skull"},{"floor":43,"key":"Dodecahedron"},{"floor":45,"key":"Bronze Scales"}],"event_choices":[{"damage_healed":0,"gold_gain":0,"player_choice":"Box","damage_taken":0,"relics_obtained":["Boot"],"max_hp_gain":0,"max_hp_loss":0,"event_name":"Big Fish","floor":4,"gold_loss":0,"cards_obtained":["Regret"]},{"damage_healed":0,"gold_gain":0,"player_choice":"Searched \u00271\u0027 times","damage_taken":0,"max_hp_gain":0,"max_hp_loss":0,"event_name":"Dead Adventurer","floor":11,"gold_loss":0},{"damage_healed":0,"gold_gain":0,"player_choice":"Gave Potion","damage_taken":0,"relics_obtained":["Sundial"],"max_hp_gain":0,"max_hp_loss":0,"event_name":"WeMeetAgain","floor":13,"gold_loss":0},{"damage_healed":0,"gold_gain":0,"player_choice":"Paid Fearfully","damage_taken":0,"max_hp_gain":0,"max_hp_loss":0,"event_name":"Masked Bandits","floor":28,"gold_loss":144},{"damage_healed":0,"gold_gain":0,"player_choice":"Opened","damage_taken":0,"relics_obtained":["Mercury Hourglass"],"max_hp_gain":0,"max_hp_loss":0,"event_name":"The Mausoleum","floor":30,"gold_loss":0,"cards_obtained":["Writhe"]},{"damage_healed":0,"gold_gain":0,"player_choice":"Max HP","damage_taken":0,"max_hp_gain":0,"max_hp_loss":4,"event_name":"Winding Halls","floor":36,"gold_loss":0},{"damage_healed":0,"gold_gain":0,"player_choice":"Copied","damage_taken":0,"max_hp_gain":0,"max_hp_loss":0,"event_name":"Duplicator","floor":37,"gold_loss":0,"cards_obtained":["Bludgeon"]},{"damage_healed":0,"gold_gain":0,"player_choice":"Memory 1","damage_taken":0,"max_hp_gain":0,"max_hp_loss":0,"event_name":"SensoryStone","floor":39,"gold_loss":0},{"damage_healed":9,"gold_gain":0,"player_choice":"Heal","damage_taken":0,"max_hp_gain":0,"max_hp_loss":0,"event_name":"MindBloom","floor":47,"gold_loss":0,"cards_obtained":["Doubt"]}],"is_beta":false,"boss_relics":[{"not_picked":["Lizard Tail","Runic Pyramid"],"picked":"Snecko Eye"},{"not_picked":["Calling Bell","Black Star"],"picked":"Astrolabe"}],"items_purged_floors":[5,22],"is_endless":false,"potions_floor_spawned":[1,7,10,14,16,18,19,23,35,40,48],"ascension_level":1}