{"gold_per_floor":[111,111,186,186,199,226,401,6,33,43,25,25,57,72,72,149,199,215,229,229,229,229,229,254,272,272,284,284,284,300,313,313,391,391,410,421,438,438,455,455,465,477,477,28,60,60,60,71,71,71],"floor_reached":51,"playtime":3344,"items_purged":["Doubt","Strike_R"],"score":1309,"play_id":"11cf1518-6e39-49bc-8961-2f3b7228199f","local_time":"20190425140134","is_ascension_mode":true,"campfire_choices":[{"data":"Heavy Blade","floor":15,"key":"SMITH"},{"data":"Corruption","floor":23,"key":"SMITH"},{"floor":32,"key":"REST"},{"floor":40,"key":"REST"},{"data":"Ghostly","floor":49,"key":"SMITH"}],"neow_cost":"NONE","seed_source_timestamp":2084477264716435,"circlet_count":0,"master_deck":["AscendersBane","Strike_R+1","Strike_R","Defend_R","Defend_R","Defend_R+1","Defend_R","Bash+1","Wild Strike","Sword Boomerang","Corruption+1","Flex","Heavy Blade+1","Warcry","Double Tap","Warcry+1","Immolate","Feel No Pain","Feel No Pain","Reckless Charge+1","Ghostly+1","Ghostly","Ghostly","Ghostly","Ghostly","Bloodletting+1","Pummel","Barricade","Carnage+1","Body Slam","Carnage+1","Flex","Impervious","Ghostly Armor","Shockwave+1","Writhe","Fiend Fire"],"relics":["Burning Blood","NeowsBlessing","Mercury Hourglass","ClockworkSouvenir","Red Skull","Bronze Scales","Tiny House","MutagenicStrength","Boot","Bag of Marbles","Ice Cream","Nilry\u0027s Codex","Snecko Eye","Centennial Puzzle","Juzu Bracelet","Unceasing Top"],"potions_floor_usage":[13,27,33,33,37,39,50],"damage_taken":[{"damage":0,"enemies":"Small Slimes","floor":1,"turns":1},{"damage":0,"enemies":"Jaw Worm","floor":5,"turns":1},{"damage":0,"enemies":"3 Sentries","floor":6,"turns":1},{"damage":7,"enemies":"2 Louse","floor":10,"turns":2},{"damage":28,"enemies":"Exordium Thugs","floor":11,"turns":5},{"damage":8,"enemies":"Gremlin Nob","floor":13,"turns":3},{"damage":9,"enemies":"3 Louse","floor":14,"turns":2},{"damage":25,"enemies":"The Guardian","floor":16,"turns":8},{"damage":33,"enemies":"Spheric Guardian","floor":18,"turns":4},{"damage":27,"enemies":"2 Thieves","floor":19,"turns":2},{"damage":4,"enemies":"Gremlin Leader","floor":24,"turns":7},{"damage":0,"enemies":"3 Cultists","floor":25,"turns":5},{"damage":0,"enemies":"Snecko","floor":27,"turns":2},{"damage":3,"enemies":"Snake Plant","floor":30,"turns":3},{"damage":1,"enemies":"Shelled Parasite and Fungi","floor":31,"turns":4},{"damage":29,"enemies":"Automaton","floor":33,"turns":10},{"damage":0,"enemies":"Orb Walker","floor":35,"turns":4},{"damage":0,"enemies":"3 Shapes","floor":36,"turns":2},{"damage":0,"enemies":"Jaw Worm Horde","floor":37,"turns":5},{"damage":35,"enemies":"Transient","floor":39,"turns":5},{"damage":11,"enemies":"4 Shapes","floor":41,"turns":3},{"damage":2,"enemies":"Spire Growth","floor":42,"turns":6},{"damage":3,"enemies":"Nemesis","floor":45,"turns":5},{"damage":0,"enemies":"Transient","floor":48,"turns":5},{"damage":4,"enemies":"Donu and Deca","floor":50,"turns":5}],"seed_played":"-4462949723638745866","potions_obtained":[{"floor":10,"key":"GamblersBrew"},{"floor":13,"key":"Energy Potion"},{"floor":14,"key":"Block Potion"},{"floor":16,"key":"FearPotion"},{"floor":30,"key":"FearPotion"},{"floor":33,"key":"Fire Potion"},{"floor":36,"key":"EntropicBrew"}],"is_trial":false,"path_per_floor":["M","?","?","?","M","E","?","$","T","M","M","?","E","M","R","B",null,"M","M","?","?","?","R","E","M","T","M","?","?","M","M","R","B",null,"M","M","M","?","M","R","M","M","T","$","E","?","?","M","R","B",null],"character_chosen":"IRONCLAD","items_purchased":["Corruption","ClockworkSouvenir","Flex","Impervious","Ghostly Armor","Juzu Bracelet","Energy Potion"],"campfire_rested":2,"item_purchase_floors":[8,8,8,44,44,44,44],"current_hp_per_floor":[74,59,48,48,54,60,60,60,60,59,37,37,35,32,32,13,65,38,17,17,17,17,17,19,25,25,31,31,15,18,23,35,12,33,39,40,40,40,11,23,18,22,22,22,25,35,35,40,40,40],"gold":71,"neow_bonus":"THREE_ENEMY_KILL","is_prod":false,"is_daily":false,"chose_seed":false,"campfire_upgraded":3,"win_rate":0,"timestamp":1556179294,"path_taken":["M","?","?","?","?","E","?","$","T","M","M","?","E","M","R","BOSS","M","M","?","?","?","R","E","M","T","M","?","?","M","?","R","BOSS","M","M","M","?","M","R","M","M","T","$","E","?","?","M","R","BOSS"],"build_version":"2019-01-23","purchased_purges":2,"victory":true,"max_hp_per_floor":[75,75,75,75,75,75,75,75,75,75,75,75,75,75,75,75,80,80,80,80,80,40,40,40,40,40,40,40,40,40,40,40,40,40,40,40,40,40,40,40,40,40,40,40,40,40,40,40,40,40],"card_choices":[{"not_picked":["Armaments","Burning Pact"],"picked":"Wild Strike","floor":1},{"not_picked":["Iron Wave","Warcry"],"picked":"Sword Boomerang","floor":5},{"not_picked":["Sword Boomerang","Juggernaut","Clothesline"],"picked":"SKIP","floor":6},{"not_picked":["Perfected Strike","Pommel Strike","Sword Boomerang"],"picked":"SKIP","floor":10},{"not_picked":["Headbutt","True Grit"],"picked":"Heavy Blade","floor":11},{"not_picked":["Entrench","True Grit"],"picked":"Double Tap","floor":13},{"not_picked":["Twin Strike","Entrench"],"picked":"Warcry","floor":14},{"not_picked":["Feed","Limit Break"],"picked":"Immolate","floor":16},{"not_picked":["True Grit","Inflame"],"picked":"Feel No Pain","floor":17},{"not_picked":["Disarm","Twin Strike"],"picked":"Feel No Pain","floor":18},{"not_picked":["Thunderclap","Rampage"],"picked":"Reckless Charge+1","floor":19},{"not_picked":["Heavy Blade","Iron Wave"],"picked":"Bloodletting+1","floor":24},{"not_picked":["Iron Wave","Infernal Blade"],"picked":"Pummel","floor":25},{"not_picked":["Bloodletting+1","Twin Strike+1","Body Slam"],"picked":"SKIP","floor":27},{"not_picked":["Dropkick","Armaments","Wild Strike"],"picked":"SKIP","floor":30},{"not_picked":["Heavy Blade","Flex","Wild Strike"],"picked":"SKIP","floor":31},{"not_picked":["Limit Break","Immolate"],"picked":"Barricade","floor":33},{"not_picked":["Uppercut","Sword Boomerang"],"picked":"Carnage+1","floor":35},{"not_picked":["Pommel Strike","Clothesline","Headbutt"],"picked":"SKIP","floor":36},{"not_picked":["Havoc","Iron Wave"],"picked":"Body Slam","floor":37},{"not_picked":["Rupture","Thunderclap"],"picked":"Carnage+1","floor":39},{"not_picked":["Dropkick","Intimidate"],"picked":"Flex","floor":41},{"not_picked":["Twin Strike+1","Body Slam+1","Havoc"],"picked":"SKIP","floor":42},{"not_picked":["True Grit","Intimidate"],"picked":"Shockwave+1","floor":45},{"not_picked":["Metallicize","Wild Strike+1"],"picked":"Fiend Fire","floor":48}],"player_experience":1208634,"relics_obtained":[{"floor":6,"key":"Mercury Hourglass"},{"floor":9,"key":"Red Skull"},{"floor":13,"key":"Bronze Scales"},{"floor":24,"key":"Bag of Marbles"},{"floor":26,"key":"Ice Cream"},{"floor":29,"key":"Nilry\u0027s Codex"},{"floor":43,"key":"Centennial Puzzle"},{"floor":45,"key":"Unceasing Top"}],"event_choices":[{"damage_healed":0,"gold_gain":0,"player_choice":"Entered Light","damage_taken":15,"max_hp_gain":0,"max_hp_loss":0,"event_name":"Shining Light","floor":2,"gold_loss":0,"cards_upgraded":["Defend_R","Strike_R"]},{"damage_healed":0,"gold_gain":75,"player_choice":"Gather Gold","damage_taken":11,"max_hp_gain":0,"max_hp_loss":0,"event_name":"World of Goop","floor":3,"gold_loss":0},{"damage_healed":0,"gold_gain":0,"player_choice":"Grow","damage_taken":0,"max_hp_gain":0,"max_hp_loss":0,"event_name":"Living Wall","floor":4,"gold_loss":0,"cards_upgraded":["Bash"]},{"damage_healed":0,"gold_gain":175,"player_choice":"AGREE","damage_taken":0,"max_hp_gain":0,"max_hp_loss":0,"event_name":"Liars Game","floor":7,"gold_loss":0,"cards_obtained":["Doubt"]},{"damage_healed":0,"gold_gain":0,"cards_transformed":["Strike_R"],"player_choice":"Transformed","damage_taken":0,"max_hp_gain":0,"max_hp_loss":0,"event_name":"Transmorgrifier","floor":12,"gold_loss":0,"cards_obtained":["Warcry"]},{"damage_healed":0,"gold_gain":0,"player_choice":"Inject Mutagens","damage_taken":0,"relics_obtained":["MutagenicStrength"],"max_hp_gain":0,"max_hp_loss":0,"event_name":"Drug Dealer","floor":20,"gold_loss":0},{"damage_healed":0,"gold_gain":0,"player_choice":"Opened","damage_taken":0,"relics_obtained":["Boot"],"max_hp_gain":0,"max_hp_loss":0,"event_name":"The Mausoleum","floor":21,"gold_loss":0},{"damage_healed":0,"gold_gain":0,"player_choice":"Became a Ghost","damage_taken":0,"max_hp_gain":0,"max_hp_loss":40,"event_name":"Ghosts","floor":22,"gold_loss":0,"cards_obtained":["Ghostly","Ghostly","Ghostly","Ghostly","Ghostly"]},{"damage_healed":0,"gold_gain":0,"player_choice":"Ignored","damage_taken":0,"max_hp_gain":0,"max_hp_loss":0,"event_name":"Vampires","floor":28,"gold_loss":0},{"damage_healed":0,"gold_gain":0,"player_choice":"Obtained Book","damage_taken":16,"max_hp_gain":0,"max_hp_loss":0,"event_name":"Cursed Tome","floor":29,"gold_loss":0},{"cards_removed":["Strike_R"],"damage_healed":0,"gold_gain":0,"player_choice":"Removed Attack","damage_taken":0,"max_hp_gain":0,"max_hp_loss":0,"event_name":"Falling","floor":38,"gold_loss":0},{"damage_healed":10,"gold_gain":0,"player_choice":"Writhe","damage_taken":0,"max_hp_gain":0,"max_hp_loss":0,"event_name":"Winding Halls","floor":46,"gold_loss":0,"cards_obtained":["Writhe"]},{"damage_healed":0,"gold_gain":0,"player_choice":"Ignored","damage_taken":0,"max_hp_gain":0,"max_hp_loss":0,"event_name":"Mysterious Sphere","floor":47,"gold_loss":0}],"is_beta":false,"boss_relics":[{"not_picked":["Pandora\u0027s Box","Philosopher\u0027s Stone"],"picked":"Tiny House"},{"not_picked":["White Beast Statue","Mark of Pain"],"picked":"Snecko Eye"}],"items_purged_floors":[8,44],"is_endless":false,"potions_floor_spawned":[10,13,14,16,18,25,30,33,36,42,45,48],"ascension_level":14}