{"gold_per_floor":[119,119,119,134,149,149,169,201,201,214,226,259,259,259,259,359,359,376,376,376,376],"floor_reached":21,"playtime":946,"items_purged":[],"score":280,"play_id":"bd66c504-2652-4afd-b119-60b85eec4ab5","local_time":"20190528200042","is_ascension_mode":true,"campfire_choices":[{"data":"Sweeping Beam","floor":6,"key":"SMITH"},{"data":"Go for the Eyes","floor":13,"key":"SMITH"},{"data":"Conserve Battery","floor":15,"key":"SMITH"}],"neow_cost":"NONE","seed_source_timestamp":253505531611300,"circlet_count":0,"master_deck":["Strike_B","Strike_B","Strike_B","Strike_B","Defend_B","Defend_B","Defend_B","Defend_B","Zap+1","Dualcast","Go for the Eyes+1","Cold Snap","Sweeping Beam+1","FTL","Conserve Battery+1","Gash","Gash","Multi-Cast","Melter","Ghostly","Ghostly","Ghostly","Ghostly","Ghostly"],"relics":["Cracked Core","Strawberry","Pear","Ginger","Thread and Needle","The Courier","NlothsMask","Sozu"],"potions_floor_usage":[12,12,16],"damage_taken":[{"damage":0,"enemies":"Small Slimes","floor":1,"turns":3},{"damage":7,"enemies":"2 Louse","floor":4,"turns":3},{"damage":2,"enemies":"Jaw Worm","floor":5,"turns":3},{"damage":0,"enemies":"Lots of Slimes","floor":7,"turns":2},{"damage":16,"enemies":"3 Sentries","floor":8,"turns":5},{"damage":0,"enemies":"Looter","floor":10,"turns":3},{"damage":4,"enemies":"Exordium Thugs","floor":11,"turns":4},{"damage":7,"enemies":"Gremlin Nob","floor":12,"turns":4},{"damage":12,"enemies":"Hexaghost","floor":16,"turns":9},{"damage":1,"enemies":"Shell Parasite","floor":18,"turns":6},{"damage":27,"enemies":"Colosseum Slavers","floor":19,"turns":4},{"damage":0,"enemies":"3 Byrds","floor":21,"turns":1}],"seed_played":"-3597180174510424801","potions_obtained":[{"floor":1,"key":"LiquidBronze"},{"floor":4,"key":"Block Potion"},{"floor":5,"key":"Ancient Potion"}],"is_trial":false,"path_per_floor":["M","?","?","M","M","R","M","E","T","M","M","E","R","?","R","B",null,"M","?","?","M"],"character_chosen":"DEFECT","items_purchased":[],"campfire_rested":0,"item_purchase_floors":[],"current_hp_per_floor":[75,52,52,45,43,43,43,27,27,27,23,16,16,16,16,4,70,69,42,42,42],"gold":376,"neow_bonus":"RANDOM_COMMON_RELIC","is_prod":false,"is_daily":false,"chose_seed":false,"campfire_upgraded":3,"win_rate":0,"timestamp":1559066442,"path_taken":["M","?","?","?","M","R","M","E","T","?","?","E","R","?","R","BOSS","M","?","?","M"],"build_version":"2019-01-23","purchased_purges":0,"victory":false,"max_hp_per_floor":[82,92,92,92,92,92,92,92,92,92,92,92,92,92,92,92,92,92,92,46,46],"card_choices":[{"not_picked":["Hello World","Conserve Battery"],"picked":"Go for the Eyes","floor":1},{"not_picked":["Skim","Turbo"],"picked":"Cold Snap","floor":4},{"not_picked":["Leap","Hello World"],"picked":"Sweeping Beam","floor":5},{"not_picked":["Turbo","Steam"],"picked":"FTL","floor":7},{"not_picked":["Rebound","Beam Cell"],"picked":"Conserve Battery","floor":8},{"not_picked":["Sweeping Beam","Rip and Tear"],"picked":"Gash","floor":10},{"not_picked":["Heatsinks","Hello World","Double Energy"],"picked":"SKIP","floor":11},{"not_picked":["Ball Lightning","Compile Driver"],"picked":"Gash","floor":12},{"not_picked":["Reboot","Meteor Strike"],"picked":"Multi-Cast","floor":16},{"not_picked":["Redo","Hologram"],"picked":"Melter","floor":18}],"player_experience":60035,"relics_obtained":[{"floor":8,"key":"Ginger"},{"floor":9,"key":"Thread and Needle"},{"floor":12,"key":"The Courier"}],"event_choices":[{"damage_healed":0,"gold_gain":0,"player_choice":"Success","damage_taken":33,"relics_obtained":["Pear"],"max_hp_gain":0,"max_hp_loss":0,"event_name":"Scrap Ooze","floor":2,"gold_loss":0},{"damage_healed":0,"gold_gain":0,"player_choice":"Grow","damage_taken":0,"max_hp_gain":0,"max_hp_loss":0,"event_name":"Living Wall","floor":3,"gold_loss":0,"cards_upgraded":["Zap"]},{"damage_healed":0,"gold_gain":0,"player_choice":"Trade","damage_taken":0,"relics_obtained":["NlothsMask"],"max_hp_gain":0,"max_hp_loss":0,"event_name":"FaceTrader","floor":14,"gold_loss":0},{"damage_healed":0,"gold_gain":0,"player_choice":"Fight","damage_taken":0,"max_hp_gain":0,"max_hp_loss":0,"event_name":"Colosseum","floor":19,"gold_loss":0},{"damage_healed":0,"gold_gain":0,"player_choice":"Fled From Nobs","damage_taken":0,"max_hp_gain":0,"max_hp_loss":0,"event_name":"Colosseum","floor":19,"gold_loss":0},{"damage_healed":0,"gold_gain":0,"player_choice":"Became a Ghost","damage_taken":0,"max_hp_gain":0,"max_hp_loss":46,"event_name":"Ghosts","floor":20,"gold_loss":0,"cards_obtained":["Ghostly","Ghostly","Ghostly","Ghostly","Ghostly"]}],"is_beta":false,"boss_relics":[{"not_picked":["Astrolabe","Eternal Feather"],"picked":"Sozu"}],"items_purged_floors":[],"is_endless":false,"potions_floor_spawned":[1,4,5,11,19],"killed_by":"3 Byrds","ascension_level":7}