{"gold_per_floor":[119,119,134,134,145,171,181,106,159,189,200,200,165,19,19,120,120,130,130,130,130,130,130,144,144,144,160,178,178,205,225,225,324,324,336,347,180,180,200,232,232,232,304,526,526,72,86,109,109,109],"floor_reached":51,"playtime":3337,"items_purged":["Defend_R","Fiend Fire","Writhe"],"score":698,"play_id":"a44df2f3-8d4e-4eed-9226-c2f5b34653d8","local_time":"20190529062406","is_ascension_mode":false,"campfire_choices":[{"data":"Hemokinesis","floor":12,"key":"SMITH"},{"floor":15,"key":"REST"},{"floor":23,"key":"REST"},{"data":"Armaments","floor":25,"key":"SMITH"},{"floor":29,"key":"REST"},{"floor":32,"key":"REST"},{"floor":41,"key":"REST"},{"floor":45,"key":"REST"},{"data":"Inflame","floor":49,"key":"SMITH"}],"neow_cost":"NONE","seed_source_timestamp":8125225838627600,"circlet_count":0,"master_deck":["Strike_R+1","Strike_R+1","Strike_R+1","Defend_R+1","Defend_R+1","Defend_R+1","Bash+1","Hemokinesis+1","Blood for Blood","Iron Wave+1","Pommel Strike+1","Armaments+1","Battle Trance","Inflame+1","Twin Strike+1","Thunderclap+1","Feed+1","Infernal Blade","RitualDagger+1","Clash+1","Spot Weakness","Shockwave+1","Inflame","Hemokinesis+1","Metallicize","Parasite","Cleave+1","Rupture"],"special_seed":0,"relics":["Black Blood","Molten Egg 2","Ancient Tea Set","Sozu","Nilry\u0027s Codex","Ginger","Red Mask","Red Skull","Meat on the Bone","Membership Card","Champion Belt","Whetstone"],"potions_floor_usage":[],"damage_taken":[{"damage":10.0,"enemies":"2 Louse","floor":1.0,"turns":3.0},{"damage":4.0,"enemies":"Cultist","floor":3.0,"turns":3.0},{"damage":8.0,"enemies":"Small Slimes","floor":5.0,"turns":5.0},{"damage":25.0,"enemies":"Gremlin Nob","floor":6.0,"turns":4.0},{"damage":14,"enemies":"3 Louse","floor":7,"turns":4},{"damage":11,"enemies":"Blue Slaver","floor":11,"turns":3},{"damage":47,"enemies":"The Guardian","floor":16,"turns":6},{"damage":12,"enemies":"Chosen","floor":18,"turns":3},{"damage":22,"enemies":"2 Thieves","floor":24,"turns":3},{"damage":10,"enemies":"Snecko","floor":27,"turns":3},{"damage":23,"enemies":"Shelled Parasite and Fungi","floor":28,"turns":4},{"damage":1,"enemies":"Masked Bandits","floor":30,"turns":3},{"damage":1,"enemies":"Chosen and Byrds","floor":31,"turns":4},{"damage":33,"enemies":"Champ","floor":33,"turns":8},{"damage":10,"enemies":"3 Shapes","floor":35,"turns":3},{"damage":43,"enemies":"3 Darklings","floor":36,"turns":5},{"damage":24,"enemies":"Writhing Mass","floor":39,"turns":4},{"damage":52,"enemies":"Reptomancer","floor":40,"turns":6},{"damage":12,"enemies":"Jaw Worm Horde","floor":47,"turns":4},{"damage":83,"enemies":"Donu and Deca","floor":50,"turns":7}],"seed_played":"-123455814959066412","potions_obtained":[{"floor":1.0,"key":"Block Potion"},{"floor":3.0,"key":"SteroidPotion"},{"floor":4.0,"key":"Weak Potion"},{"floor":4.0,"key":"Swift Potion"},{"floor":11,"key":"Regen Potion"}],"is_trial":false,"path_per_floor":["M","?","M","?","M","E","M","$","T","?","M","R","?","$","R","B",null,"M","?","?","?","?","R","M","R","T","M","M","R","?","M","R","B",null,"M","M","$","?","M","E","R","?","T","?","R","$","M","T","R","B",null],"character_chosen":"IRONCLAD","items_purchased":["Inflame","Twin Strike+1","Thunderclap+1","Metallicize","Membership Card","Champion Belt","Rupture"],"campfire_rested":6,"item_purchase_floors":[14,14,14,37,46,46,46],"current_hp_per_floor":[76,76,78,78,76,57,49,49,49,49,44,44,64,64,80,39,80,78,62,56,40,40,66,50,50,50,46,29,55,60,69,93,70,97,97,64,64,88,74,32,61,61,61,61,90,90,92,92,92,31],"gold":109,"neow_bonus":"TRANSFORM_CARD","is_prod":false,"is_daily":false,"chose_seed":false,"campfire_upgraded":3,"win_rate":0.0,"timestamp":1559125446,"path_taken":["M","?","M","?","M","E","?","$","T","?","M","R","?","?","R","BOSS","M","?","?","?","?","R","M","R","T","M","M","R","?","M","R","BOSS","M","M","$","?","M","E","R","?","T","?","R","$","?","?","R","BOSS"],"build_version":"2019-01-23","purchased_purges":3,"victory":true,"max_hp_per_floor":[80,80,80,80,80,80,80,80,80,80,80,80,80,80,80,80,80,84,89,89,89,89,89,89,89,89,89,89,89,89,93,93,97,97,97,97,97,97,97,97,97,97,97,97,97,97,101,101,101,101],"card_choices":[{"not_picked":["Perfected Strike","True Grit"],"picked":"Hemokinesis","floor":1.0},{"not_picked":["Body Slam","Flex"],"picked":"Blood for Blood","floor":3.0},{"not_picked":["Body Slam","Heavy Blade"],"picked":"Iron Wave","floor":5.0},{"not_picked":["Armaments","Anger"],"picked":"Pommel Strike","floor":6.0},{"not_picked":["Headbutt+1","True Grit"],"picked":"Armaments","floor":7},{"not_picked":["Flex","Blood for Blood+1"],"picked":"Battle Trance","floor":11},{"not_picked":["Bludgeon+1","Brutality"],"picked":"Feed+1","floor":16},{"not_picked":["Perfected Strike+1","Uppercut+1"],"picked":"Infernal Blade","floor":18},{"not_picked":["Pummel+1","Cleave+1"],"picked":"Clash+1","floor":24},{"not_picked":["Clash+1","Twin Strike+1"],"picked":"Spot Weakness","floor":27},{"not_picked":["Body Slam+1","Clothesline+1"],"picked":"Shockwave+1","floor":28},{"not_picked":["Shrug It Off","True Grit"],"picked":"Inflame","floor":31},{"not_picked":["Anger+1","Warcry+1","Headbutt+1"],"picked":"SKIP","floor":35},{"not_picked":["Corruption","Heavy Blade+1"],"picked":"Hemokinesis+1","floor":36},{"not_picked":["Clash+1","Dropkick+1","Body Slam+1"],"picked":"SKIP","floor":39},{"not_picked":["Barricade","Warcry+1"],"picked":"Cleave+1","floor":40},{"not_picked":["Clothesline+1","Warcry+1","Body Slam+1"],"picked":"SKIP","floor":47}],"player_experience":24103,"relics_obtained":[{"floor":6.0,"key":"Molten Egg 2"},{"floor":9,"key":"Ancient Tea Set"},{"floor":21,"key":"Nilry\u0027s Codex"},{"floor":26,"key":"Ginger"},{"floor":30,"key":"Red Mask"},{"floor":40,"key":"Red Skull"},{"floor":43,"key":"Meat on the Bone"},{"floor":48,"key":"Whetstone"}],"event_choices":[{"damage_healed":0.0,"max_hp_gain":0.0,"max_hp_loss":0.0,"gold_gain":0.0,"cards_transformed":["True Grit"],"event_name":"Living Wall","player_choice":"Change","floor":2.0,"gold_loss":0.0,"damage_taken":0.0,"cards_obtained":["Fiend Fire"]},{"damage_healed":0.0,"max_hp_gain":0.0,"max_hp_loss":0.0,"gold_gain":0.0,"event_name":"Lab","player_choice":"Got Potions","floor":4.0,"gold_loss":0.0,"damage_taken":0.0},{"damage_healed":0,"gold_gain":30,"player_choice":"Searched \u00271\u0027 times","damage_taken":0,"max_hp_gain":0,"max_hp_loss":0,"event_name":"Dead Adventurer","floor":10,"gold_loss":0},{"damage_healed":20,"gold_gain":0,"player_choice":"Healed","damage_taken":0,"max_hp_gain":0,"max_hp_loss":0,"event_name":"The Cleric","floor":13,"gold_loss":35},{"damage_healed":0,"gold_gain":0,"player_choice":"Shed Blood","damage_taken":21,"max_hp_gain":5,"max_hp_loss":0,"event_name":"Forgotten Altar","floor":19,"gold_loss":0},{"damage_healed":0,"gold_gain":0,"player_choice":"Joined the Cult","damage_taken":6,"max_hp_gain":0,"max_hp_loss":0,"event_name":"Nest","floor":20,"gold_loss":0,"cards_obtained":["RitualDagger"]},{"damage_healed":0,"gold_gain":0,"player_choice":"Obtained Book","damage_taken":16,"max_hp_gain":0,"max_hp_loss":0,"event_name":"Cursed Tome","floor":21,"gold_loss":0},{"damage_healed":0,"gold_gain":0,"player_choice":"Simplicity","damage_taken":0,"max_hp_gain":0,"max_hp_loss":0,"event_name":"Back to Basics","floor":22,"gold_loss":0,"cards_upgraded":["Strike_R","Strike_R","Strike_R","Strike_R","Defend_R","Defend_R","Defend_R"]},{"damage_healed":0,"gold_gain":0,"player_choice":"Fought Bandits","damage_taken":0,"max_hp_gain":0,"max_hp_loss":0,"event_name":"Masked Bandits","floor":30,"gold_loss":0},{"damage_healed":24,"gold_gain":0,"player_choice":"Writhe","damage_taken":0,"max_hp_gain":0,"max_hp_loss":0,"event_name":"Winding Halls","floor":38,"gold_loss":0,"cards_obtained":["Writhe"]},{"cards_removed":["Strike_R"],"damage_healed":0,"gold_gain":0,"player_choice":"Removed Attack","damage_taken":0,"max_hp_gain":0,"max_hp_loss":0,"event_name":"Falling","floor":42,"gold_loss":0},{"damage_healed":0,"gold_gain":222,"player_choice":"Wore Mask","damage_taken":0,"max_hp_gain":0,"max_hp_loss":0,"event_name":"Tomb of Lord Red Mask","floor":44,"gold_loss":0}],"is_beta":false,"boss_relics":[{"not_picked":["Cursed Key","White Beast Statue"],"picked":"Sozu"},{"not_picked":["Lizard Tail","Runic Pyramid"],"picked":"Black Blood"}],"items_purged_floors":[8,37,46],"is_endless":false,"potions_floor_spawned":[1,3,5,6,11,18,24,27,31,35,36],"ascension_level":0}