{"gold_per_floor":[128,1,31,61,73,111,123,145,157,244,256,31,31,48,48,152,152,164,181,192,204,105,105,139,155,179,179,190,222,222],"floor_reached":30,"playtime":4162,"items_purged":["Strike_G"],"score":419,"play_id":"2cfa2ad5-bf21-4f53-8a6d-6175bea36be2","local_time":"20190426150323","is_ascension_mode":true,"campfire_choices":[{"floor":7,"key":"REST"},{"floor":11,"key":"REST"},{"data":"Leg Sweep","floor":15,"key":"SMITH"},{"floor":23,"key":"REST"}],"neow_cost":"NONE","seed_source_timestamp":2173774095746523,"circlet_count":0,"master_deck":["Defend_G","Defend_G","Defend_G","Defend_G+1","Defend_G","Strike_G","Survivor","Neutralize","Deadly Poison","Cloak And Dagger","Leg Sweep+1","Prepared+1","Well Laid Plans","Noxious Fumes","Cloak And Dagger","Venomology+1","Doppelganger+1","Dagger Spray+1","Skewer+1","Noxious Fumes+1","Dodge and Roll+1","Dodge and Roll+1","Caltrops","Dodge and Roll+1","Prepared+1","Dodge and Roll+1","Leg Sweep+1"],"relics":["Ring of the Snake","MawBank","StoneCalendar","Unceasing Top","Turnip","Toxic Egg 2","Astrolabe","War Paint","Omamori","Prayer Wheel"],"potions_floor_usage":[14,14,19,20,20,21,21,24,24,29,29,29,30,30],"damage_taken":[{"damage":1,"enemies":"Small Slimes","floor":1,"turns":3},{"damage":0,"enemies":"Cultist","floor":3,"turns":4},{"damage":7,"enemies":"Jaw Worm","floor":4,"turns":6},{"damage":53,"enemies":"Gremlin Nob","floor":6,"turns":6},{"damage":5,"enemies":"Exordium Wildlife","floor":8,"turns":7},{"damage":7,"enemies":"Lots of Slimes","floor":14,"turns":7},{"damage":9,"enemies":"Hexaghost","floor":16,"turns":11},{"damage":16,"enemies":"3 Byrds","floor":18,"turns":5},{"damage":6,"enemies":"Shell Parasite","floor":19,"turns":5},{"damage":0,"enemies":"Centurion and Healer","floor":20,"turns":5},{"damage":0,"enemies":"Chosen and Byrds","floor":21,"turns":7},{"damage":22,"enemies":"Gremlin Leader","floor":24,"turns":7},{"damage":4,"enemies":"Snake Plant","floor":25,"turns":6},{"damage":3,"enemies":"Snecko","floor":28,"turns":6},{"damage":34,"enemies":"Slavers","floor":29,"turns":6},{"damage":7,"enemies":"Shelled Parasite and Fungi","floor":30,"turns":3}],"seed_played":"-5196315963830110302","potions_obtained":[{"floor":4,"key":"Dexterity Potion"},{"floor":8,"key":"Swift Potion"},{"floor":16,"key":"Dexterity Potion"},{"floor":19,"key":"Explosive Potion"},{"floor":21,"key":"EssenceOfSteel"},{"floor":25,"key":"GamblersBrew"},{"floor":29,"key":"Block Potion"}],"is_trial":false,"path_per_floor":["M","?","M","M","$","E","R","M","T","?","R","$","T","M","R","B",null,"M","M","M","M","$","R","E","M","T","?","M","E","M"],"character_chosen":"THE_SILENT","items_purchased":["Noxious Fumes","Cloak And Dagger","Regen Potion","Caltrops","Dodge and Roll+1"],"campfire_rested":3,"item_purchase_floors":[12,12,12,22,22],"current_hp_per_floor":[62,62,62,55,55,2,23,18,18,7,28,28,28,21,21,12,56,40,34,49,49,49,70,48,44,44,44,41,7,0],"gold":222,"neow_bonus":"RANDOM_COMMON_RELIC","is_prod":false,"is_daily":false,"chose_seed":false,"campfire_upgraded":1,"win_rate":0,"timestamp":1556269403,"path_taken":["M","?","?","M","?","E","R","M","T","?","R","$","?","M","R","BOSS","M","M","M","M","$","R","E","M","T","?","M","E","M"],"build_version":"2019-01-23","purchased_purges":1,"victory":false,"max_hp_per_floor":[70,70,70,70,70,70,70,70,70,70,70,70,70,70,70,70,70,70,70,70,70,70,70,70,70,70,70,70,70,70],"card_choices":[{"not_picked":["Backstab","Dagger Throw"],"picked":"Deadly Poison","floor":1},{"not_picked":["Backstab","Slice"],"picked":"Cloak And Dagger","floor":3},{"not_picked":["Backstab","Dagger Spray"],"picked":"Leg Sweep","floor":4},{"not_picked":["Flechettes","Setup"],"picked":"Prepared","floor":6},{"not_picked":["Catalyst","Slice"],"picked":"Well Laid Plans","floor":8},{"not_picked":["All Out Attack","Dash","Slice"],"picked":"SKIP","floor":14},{"not_picked":["Storm of Steel+1","Wraith Form v2"],"picked":"Venomology+1","floor":16},{"not_picked":["Eviscerate+1","Outmaneuver+1","Well Laid Plans+1"],"picked":"SKIP","floor":18},{"not_picked":["Eviscerate+1","Outmaneuver+1","Well Laid Plans+1"],"picked":"SKIP","floor":18},{"not_picked":["Distraction+1","Deadly Poison+1"],"picked":"Noxious Fumes+1","floor":19},{"not_picked":["Deflect+1","Flying Knee"],"picked":"Dodge and Roll+1","floor":20},{"not_picked":["Cloak And Dagger+1","Dagger Spray"],"picked":"Dodge and Roll+1","floor":21},{"not_picked":["PiercingWail+1","Wraith Form v2"],"picked":"Prepared+1","floor":24},{"not_picked":["Terror+1","PiercingWail+1"],"picked":"Dodge and Roll+1","floor":25},{"not_picked":["Dodge and Roll+1","Deflect+1","Flying Knee"],"picked":"SKIP","floor":28},{"not_picked":["Dodge and Roll+1","Bouncing Flask+1","Terror+1"],"picked":"SKIP","floor":29}],"player_experience":1232804,"relics_obtained":[{"floor":6,"key":"Unceasing Top"},{"floor":9,"key":"Turnip"},{"floor":13,"key":"Toxic Egg 2"},{"floor":24,"key":"War Paint"},{"floor":26,"key":"Omamori"},{"floor":29,"key":"Prayer Wheel"}],"event_choices":[{"damage_healed":0,"gold_gain":0,"player_choice":"Paid Gold","damage_taken":0,"relics_obtained":["StoneCalendar"],"max_hp_gain":0,"max_hp_loss":0,"event_name":"WeMeetAgain","floor":2,"gold_loss":139},{"damage_healed":0,"gold_gain":75,"player_choice":"Gather Gold","damage_taken":11,"max_hp_gain":0,"max_hp_loss":0,"event_name":"World of Goop","floor":10,"gold_loss":0},{"damage_healed":0,"gold_gain":0,"player_choice":"Copied","damage_taken":0,"max_hp_gain":0,"max_hp_loss":0,"event_name":"Duplicator","floor":27,"gold_loss":0,"cards_obtained":["Leg Sweep"]}],"is_beta":false,"boss_relics":[{"not_picked":["Fusion Hammer","Tiny House"],"picked":"Astrolabe"}],"items_purged_floors":[12],"is_endless":false,"potions_floor_spawned":[4,8,16,19,21,25,28,29],"killed_by":"Shelled Parasite and Fungi","ascension_level":9}