{"gold_per_floor":[16,35,35,52,62,91,91,106,183,183,183,258,258,183,183,284,284,301,58,58,75,93,124,144,156,229,256,269,269,269,26,26,26],"floor_reached":33,"playtime":2931,"items_purged":["Strike_R","Defend_R"],"score":287,"play_id":"885caecf-c20b-4768-873e-f849870f3fae","local_time":"20190308022539","is_ascension_mode":false,"campfire_choices":[{"floor":7,"key":"REST"},{"floor":13,"key":"REST"},{"floor":15,"key":"REST"},{"floor":30,"key":"REST"},{"floor":32,"key":"RECALL"}],"neow_cost":"NO_GOLD","seed_source_timestamp":49682236369309,"circlet_count":0,"master_deck":["Strike_R","Defend_R","Defend_R","Bash","Burning Pact","Combust","Clothesline","Shrug It Off","Armaments","True Grit","Clothesline","Clothesline","Shrug It Off","Reaper+1","Cleave+1","Feed+1","Ghostly Armor","Armaments","Iron Wave+1","Heavy Blade+1","True Grit+1","Disarm","Metallicize","Trip"],"relics":["Burning Blood","Self Forming Clay","Tiny Chest","Molten Egg 2","Philosopher\u0027s Stone","Kunai","Shuriken","PreservedInsect","Bronze Scales"],"potions_floor_usage":[16,23,27,33,33],"damage_taken":[{"damage":9,"enemies":"Jaw Worm","floor":1,"turns":3},{"damage":2,"enemies":"Small Slimes","floor":2,"turns":3},{"damage":3,"enemies":"Cultist","floor":4,"turns":3},{"damage":19,"enemies":"Lots of Slimes","floor":5,"turns":3},{"damage":64,"enemies":"3 Sentries","floor":6,"turns":14},{"damage":11,"enemies":"2 Fungi Beasts","floor":8,"turns":3},{"damage":40,"enemies":"The Guardian","floor":16,"turns":13},{"damage":8,"enemies":"Spheric Guardian","floor":18,"turns":6},{"damage":24,"enemies":"2 Thieves","floor":21,"turns":4},{"damage":10,"enemies":"3 Cultists","floor":22,"turns":5},{"damage":31,"enemies":"Slavers","floor":23,"turns":5},{"damage":21,"enemies":"Centurion and Healer","floor":24,"turns":10},{"damage":27,"enemies":"Snake Plant","floor":25,"turns":6},{"damage":30,"enemies":"Book of Stabbing","floor":27,"turns":9},{"damage":3,"enemies":"Snecko","floor":28,"turns":5},{"damage":69,"enemies":"Collector","floor":33,"turns":16}],"seed_played":"8198209690313577753","potions_obtained":[{"floor":4,"key":"AttackPotion"},{"floor":5,"key":"LiquidBronze"},{"floor":21,"key":"GamblersBrew"},{"floor":23,"key":"Strength Potion"},{"floor":25,"key":"Dexterity Potion"}],"is_trial":false,"path_per_floor":["M","M","$","M","M","E","R","M","T","?","T","?","R","$","R","B",null,"M","$","?","M","M","E","M","M","T","E","M","?","R","$","R","B"],"character_chosen":"IRONCLAD","items_purchased":["Feed+1","Bronze Scales","Trip"],"campfire_rested":4,"item_purchase_floors":[19,31,31],"current_hp_per_floor":[77,80,80,80,67,9,33,28,28,28,28,17,41,41,65,31,80,80,80,80,73,79,58,53,36,36,12,22,22,49,49,49,4],"gold":26,"neow_bonus":"TRANSFORM_TWO_CARDS","is_prod":false,"is_daily":false,"chose_seed":false,"campfire_upgraded":0,"win_rate":0,"timestamp":1552011939,"path_taken":["M","M","$","M","M","E","R","M","T","?","?","?","R","?","R","BOSS","M","$","?","M","M","E","M","M","T","E","M","?","R","?","R","BOSS"],"build_version":"2019-01-23","purchased_purges":2,"victory":false,"max_hp_per_floor":[80,80,80,80,80,80,80,80,80,80,80,80,80,80,80,80,80,80,80,80,84,84,88,88,92,92,92,92,92,92,92,92,92],"card_choices":[{"not_picked":["Perfected Strike","Iron Wave"],"picked":"Clothesline","floor":1},{"not_picked":["Whirlwind","Disarm"],"picked":"Shrug It Off","floor":2},{"not_picked":["Perfected Strike","Headbutt"],"picked":"Armaments","floor":4},{"not_picked":["Clash","Corruption"],"picked":"True Grit","floor":5},{"not_picked":["Wild Strike","Corruption"],"picked":"Clothesline","floor":6},{"not_picked":["Cleave","Flex"],"picked":"Clothesline","floor":8},{"not_picked":["Bludgeon+1","Exhume"],"picked":"Reaper+1","floor":16},{"not_picked":["True Grit","Thunderclap+1"],"picked":"Cleave+1","floor":18},{"not_picked":["True Grit","Havoc"],"picked":"Ghostly Armor","floor":21},{"not_picked":["Sword Boomerang+1","Blood for Blood+1"],"picked":"Armaments","floor":22},{"not_picked":["Shockwave","Combust"],"picked":"Iron Wave+1","floor":23},{"not_picked":["Headbutt+1","Fire Breathing"],"picked":"Heavy Blade+1","floor":24},{"not_picked":["Sword Boomerang+1","Flex"],"picked":"True Grit+1","floor":25},{"not_picked":["Double Tap","Pummel+1"],"picked":"Disarm","floor":27},{"not_picked":["Armaments","True Grit"],"picked":"Metallicize","floor":28}],"player_experience":725461,"relics_obtained":[{"floor":6,"key":"Self Forming Clay"},{"floor":9,"key":"Tiny Chest"},{"floor":11,"key":"Molten Egg 2"},{"floor":23,"key":"Kunai"},{"floor":26,"key":"Shuriken"},{"floor":27,"key":"PreservedInsect"}],"event_choices":[{"damage_healed":0,"gold_gain":0,"cards_transformed":["Strike_R"],"player_choice":"Change","damage_taken":0,"max_hp_gain":0,"max_hp_loss":0,"event_name":"Living Wall","floor":10,"gold_loss":0,"cards_obtained":["Shrug It Off"]},{"damage_healed":0,"gold_gain":75,"player_choice":"Gather Gold","damage_taken":11,"max_hp_gain":0,"max_hp_loss":0,"event_name":"World of Goop","floor":12,"gold_loss":0},{"damage_healed":0,"gold_gain":0,"player_choice":"Ignored","damage_taken":0,"max_hp_gain":0,"max_hp_loss":0,"event_name":"Vampires","floor":20,"gold_loss":0},{"cards_removed":["Strike_R"],"damage_healed":0,"gold_gain":0,"player_choice":"Elegance","damage_taken":0,"max_hp_gain":0,"max_hp_loss":0,"event_name":"Back to Basics","floor":29,"gold_loss":0}],"is_beta":false,"boss_relics":[{"not_picked":["Eternal Feather","Astrolabe"],"picked":"Philosopher\u0027s Stone"}],"items_purged_floors":[14,19],"is_endless":false,"potions_floor_spawned":[4,5,21,23,25],"killed_by":"Collector","ascension_level":0}