{"gold_per_floor":[360,371,390,402,413,413,442,73,125,125,159,19,19,29,29,133,133,151,151,251,269,287,287,350,350,350,380,391,67,67,79,79,179,179,192,192,1191,1191,1207,1207,648,660,660,660,674,674,694,709,709,709],"floor_reached":51,"playtime":4738,"items_purged":["Defend_G","Strike_G","Normality"],"score":949,"play_id":"b8e3b12d-a731-49ed-865d-a65703a641a9","local_time":"20190530174335","is_ascension_mode":false,"campfire_choices":[{"data":"Prepared","floor":6.0,"key":"SMITH"},{"data":"Cloak And Dagger","floor":10.0,"key":"SMITH"},{"data":"Caltrops","floor":13.0,"key":"SMITH"},{"floor":15.0,"key":"REST"},{"floor":23.0,"key":"REST"},{"data":"Neutralize","floor":25.0,"key":"SMITH"},{"floor":32.0,"key":"REST"},{"data":"Normality","floor":40.0,"key":"PURGE"},{"floor":44.0,"key":"REST"},{"floor":46.0,"key":"REST"},{"floor":49.0,"key":"REST"}],"neow_cost":"CURSE","seed_source_timestamp":0,"circlet_count":0,"master_deck":["Defend_G","Defend_G","Defend_G","Defend_G","Strike_G","Strike_G","Strike_G","Survivor","Neutralize+1","Injury","Backflip","Deflect","Well Laid Plans","Cloak And Dagger+1","Prepared+1","Dagger Spray","Footwork","Caltrops+1","Malaise","Slice+1","Quick Slash+1","Sucker Punch","Prepared","Slice","Footwork+1","Calculated Gamble+1","A Thousand Cuts+1","Slice","Expertise+1","Deadly Poison","Dagger Spray+1","Venomology","Infinite Blades+1","Caltrops+1","Leg Sweep","Crippling Poison"],"special_seed":0,"relics":["Ring of the Snake","Regal Pillow","Sling","Anchor","Bottled Lightning","Busted Crown","Peace Pipe","Shuriken","Tiny Chest","Frozen Egg 2","Whetstone","Paper Crane","Orrery","TheAbacus","Pantograph"],"potions_floor_usage":[50,50,50],"damage_taken":[{"damage":1.0,"enemies":"Cultist","floor":1.0,"turns":4.0},{"damage":2.0,"enemies":"Small Slimes","floor":2.0,"turns":5.0},{"damage":0.0,"enemies":"Jaw Worm","floor":3.0,"turns":6.0},{"damage":3.0,"enemies":"Lots of Slimes","floor":4.0,"turns":8.0},{"damage":0.0,"enemies":"2 Fungi Beasts","floor":5.0,"turns":4.0},{"damage":16.0,"enemies":"3 Sentries","floor":7.0,"turns":13.0},{"damage":0.0,"enemies":"Lagavulin","floor":11.0,"turns":6.0},{"damage":0.0,"enemies":"3 Louse","floor":14.0,"turns":3.0},{"damage":18.0,"enemies":"Hexaghost","floor":16.0,"turns":11.0},{"damage":4.0,"enemies":"2 Thieves","floor":18.0,"turns":4.0},{"damage":6.0,"enemies":"Colosseum Slavers","floor":20.0,"turns":6.0},{"damage":23.0,"enemies":"Colosseum Nobs","floor":20.0,"turns":6.0},{"damage":13.0,"enemies":"Spheric Guardian","floor":21.0,"turns":4.0},{"damage":24.0,"enemies":"Cultist and Chosen","floor":22.0,"turns":6.0},{"damage":3.0,"enemies":"Book of Stabbing","floor":24.0,"turns":5.0},{"damage":36.0,"enemies":"Slavers","floor":27.0,"turns":6.0},{"damage":2.0,"enemies":"3 Cultists","floor":28.0,"turns":6.0},{"damage":3.0,"enemies":"Snecko","floor":31.0,"turns":8.0},{"damage":39.0,"enemies":"Automaton","floor":33.0,"turns":11.0},{"damage":16.0,"enemies":"3 Darklings","floor":35.0,"turns":4.0},{"damage":8.0,"enemies":"3 Shapes","floor":39.0,"turns":4.0},{"damage":49.0,"enemies":"3 Darklings","floor":42.0,"turns":6.0},{"damage":25.0,"enemies":"Jaw Worm Horde","floor":45.0,"turns":4.0},{"damage":26.0,"enemies":"Sphere and 2 Shapes","floor":47.0,"turns":5.0},{"damage":0.0,"enemies":"Maw","floor":48.0,"turns":7.0},{"damage":68,"enemies":"Donu and Deca","floor":50,"turns":10}],"seed_played":"-7202670913883834851","potions_obtained":[{"floor":1.0,"key":"EntropicBrew"},{"floor":7.0,"key":"GamblersBrew"},{"floor":11.0,"key":"FearPotion"},{"floor":20.0,"key":"AttackPotion"},{"floor":24.0,"key":"Regen Potion"},{"floor":27.0,"key":"Regen Potion"},{"floor":28.0,"key":"Fruit Juice"},{"floor":31.0,"key":"Explosive Potion"},{"floor":35.0,"key":"EssenceOfSteel"},{"floor":42.0,"key":"SteroidPotion"},{"floor":48.0,"key":"Ancient Potion"}],"is_trial":false,"path_per_floor":["M","M","M","M","M","R","E","$","T","R","E","$","R","M","R","B",null,"M","?","?","M","M","R","E","R","T","E","M","$","$","M","R","B",null,"M","?","?","?","M","R","$","M","T","R","M","R","M","M","R","B",null],"character_chosen":"THE_SILENT","items_purchased":["FairyPotion","Sling","Caltrops","Footwork+1","Paper Crane","Venomology","Infinite Blades+1","Strength Potion","TheAbacus"],"campfire_rested":6,"item_purchase_floors":[8,8,12,29,29,41,41,41,41],"current_hp_per_floor":[69,67,67,64,64,64,48,48,48,48,48,48,48,48,70,52,70,66,66,37,24,7,43,40,40,40,19,37,37,37,34,71,32,75,59,59,59,59,51,51,51,2,2,39,14,51,25,25,62,7],"gold":709,"neow_bonus":"TWO_FIFTY_GOLD","is_prod":false,"is_daily":false,"chose_seed":false,"campfire_upgraded":4,"win_rate":0,"timestamp":1559234615,"path_taken":["M","M","M","M","M","R","E","$","T","R","E","$","R","M","R","BOSS","M","?","?","?","M","R","E","R","T","E","M","?","$","M","R","BOSS","M","?","?","?","M","R","$","M","T","R","M","R","M","M","R","BOSS"],"build_version":"2019-01-23","purchased_purges":3,"victory":true,"max_hp_per_floor":[70,70,70,70,70,70,70,70,70,70,70,70,70,70,70,70,70,70,70,70,70,70,70,70,70,70,70,75,75,75,75,75,75,75,75,75,75,75,75,75,75,75,75,75,75,75,75,75,75,75],"card_choices":[{"not_picked":["Cloak And Dagger","Masterful Stab"],"picked":"Backflip","floor":1.0},{"not_picked":["Setup","Cloak And Dagger"],"picked":"Deflect","floor":2.0},{"not_picked":["Tactician","Catalyst"],"picked":"Well Laid Plans","floor":3.0},{"not_picked":["Sucker Punch","Distraction"],"picked":"Cloak And Dagger","floor":4.0},{"not_picked":["Heel Hook","Skewer"],"picked":"Prepared","floor":5.0},{"not_picked":["Dagger Throw","Quick Slash"],"picked":"Dagger Spray","floor":7.0},{"not_picked":["Die Die Die","All Out Attack"],"picked":"Footwork","floor":11.0},{"not_picked":["Acrobatics","Quick Slash","Reflex"],"picked":"SKIP","floor":14.0},{"not_picked":["Doppelganger","Unload"],"picked":"Malaise","floor":16.0},{"not_picked":[],"picked":"Slice","floor":18.0},{"not_picked":[],"picked":"Quick Slash","floor":20.0},{"not_picked":["Bane"],"picked":"SKIP","floor":21.0},{"not_picked":[],"picked":"Sucker Punch","floor":22.0},{"not_picked":[],"picked":"Prepared","floor":24.0},{"not_picked":["Blade Dance"],"picked":"SKIP","floor":27.0},{"not_picked":[],"picked":"Slice","floor":28.0},{"not_picked":[],"picked":"Calculated Gamble+1","floor":31.0},{"not_picked":[],"picked":"A Thousand Cuts+1","floor":33.0},{"not_picked":[],"picked":"Slice","floor":34.0},{"not_picked":[],"picked":"Expertise+1","floor":34.0},{"not_picked":[],"picked":"Deadly Poison","floor":34.0},{"not_picked":["Dagger Throw"],"picked":"SKIP","floor":35.0},{"not_picked":[],"picked":"Dagger Spray+1","floor":39.0},{"not_picked":[],"picked":"Caltrops+1","floor":42.0},{"not_picked":[],"picked":"Leg Sweep","floor":45.0},{"not_picked":[],"picked":"Crippling Poison","floor":47.0},{"not_picked":["Eviscerate+1"],"picked":"SKIP","floor":48.0}],"player_experience":728392,"relics_obtained":[{"floor":7.0,"key":"Regal Pillow"},{"floor":9.0,"key":"Anchor"},{"floor":11.0,"key":"Bottled Lightning"},{"floor":20.0,"key":"Peace Pipe"},{"floor":20.0,"key":"Shuriken"},{"floor":24.0,"key":"Tiny Chest"},{"floor":26.0,"key":"Frozen Egg 2"},{"floor":27.0,"key":"Whetstone"},{"floor":43.0,"key":"Pantograph"}],"event_choices":[{"damage_healed":0.0,"max_hp_gain":0.0,"max_hp_loss":0.0,"gold_gain":0.0,"event_name":"Cursed Tome","player_choice":"Ignored","floor":19.0,"gold_loss":0.0,"damage_taken":0.0},{"damage_healed":0.0,"max_hp_gain":0.0,"max_hp_loss":0.0,"gold_gain":0.0,"event_name":"Colosseum","player_choice":"Fight","floor":20.0,"gold_loss":0.0,"damage_taken":0.0},{"damage_healed":0.0,"max_hp_gain":0.0,"max_hp_loss":0.0,"gold_gain":0.0,"event_name":"Colosseum","player_choice":"Fought Nobs","floor":20.0,"gold_loss":0.0,"damage_taken":0.0},{"cards_removed":["Strike_G"],"damage_healed":0.0,"max_hp_gain":0.0,"max_hp_loss":0.0,"gold_gain":0.0,"event_name":"Falling","player_choice":"Removed Attack","floor":36.0,"gold_loss":0.0,"damage_taken":0.0},{"damage_healed":0.0,"max_hp_gain":0.0,"max_hp_loss":0.0,"gold_gain":999.0,"event_name":"MindBloom","player_choice":"Gold","floor":37.0,"gold_loss":0.0,"damage_taken":0.0,"cards_obtained":["Normality","Normality"]},{"damage_healed":0.0,"max_hp_gain":0.0,"max_hp_loss":0.0,"gold_gain":0.0,"event_name":"Mysterious Sphere","player_choice":"Ignored","floor":38.0,"gold_loss":0.0,"damage_taken":0.0}],"is_beta":false,"boss_relics":[{"not_picked":["Runic Dome","Velvet Choker"],"picked":"Busted Crown"},{"not_picked":["HoveringKite","Calling Bell"],"picked":"Orrery"}],"items_purged_floors":[8,12,41],"is_endless":false,"potions_floor_spawned":[1,7,11,20,24,27,28,31,35,42,45,48],"ascension_level":0}