{"gold_per_floor":[118,118,136,146,159,185,185,197,251,251,270,270,280,280,280,379,379,399,417,82,97,97,132,132,132,159,159,175,186,205,223,223,320,320,333,333,347,347,358,358,378,378,426,439,458,476,489,41,41,41],"floor_reached":50,"playtime":3920,"items_purged":["Strike_G"],"score":499,"play_id":"c6d1ad0c-0e09-4fd2-8858-86093741891a","local_time":"20190529172036","is_ascension_mode":false,"campfire_choices":[{"floor":7.0,"key":"REST"},{"floor":10.0,"key":"REST"},{"floor":12.0,"key":"REST"},{"floor":15.0,"key":"REST"},{"floor":24.0,"key":"REST"},{"floor":27.0,"key":"REST"},{"floor":32.0,"key":"REST"},{"data":"After Image","floor":40,"key":"SMITH"},{"data":"After Image","floor":42,"key":"SMITH"},{"floor":49,"key":"REST"}],"neow_cost":"NONE","seed_source_timestamp":8163753618522400,"circlet_count":0,"master_deck":["Defend_G","Defend_G","Defend_G","Defend_G","Strike_G","Strike_G","Survivor","Neutralize","Acrobatics","Cloak And Dagger","Finisher","Accuracy","Finisher","Blade Dance","After Image+1","Slice+1","Slice","Deadly Poison+1","Slice","Backflip+1","Backstab+1","Slice","Noxious Fumes","After Image+1","Prepared+1","Crippling Poison","Accuracy","Caltrops+1","Parasite","Blade Dance+1"],"special_seed":0,"relics":["Ring of the Snake","Ice Cream","Bronze Scales","Paper Crane","Lizard Tail","Toy Ornithopter","Boot","Vajra","Eternal Feather","Bag of Marbles","Ancient Tea Set","Incense Burner"],"potions_floor_usage":[33,45],"damage_taken":[{"damage":0.0,"enemies":"Small Slimes","floor":1.0,"turns":3.0},{"damage":8.0,"enemies":"Jaw Worm","floor":3.0,"turns":5.0},{"damage":0.0,"enemies":"Cultist","floor":4.0,"turns":4.0},{"damage":3.0,"enemies":"3 Louse","floor":5.0,"turns":4.0},{"damage":48.0,"enemies":"Gremlin Nob","floor":6.0,"turns":5.0},{"damage":7.0,"enemies":"Blue Slaver","floor":8.0,"turns":5.0},{"damage":2.0,"enemies":"Gremlin Gang","floor":11.0,"turns":5.0},{"damage":0.0,"enemies":"2 Fungi Beasts","floor":13.0,"turns":4.0},{"damage":52.0,"enemies":"Slime Boss","floor":16.0,"turns":13.0},{"damage":2.0,"enemies":"3 Byrds","floor":18.0,"turns":4.0},{"damage":17.0,"enemies":"Chosen","floor":19.0,"turns":5.0},{"damage":10.0,"enemies":"3 Cultists","floor":21.0,"turns":6.0},{"damage":50.0,"enemies":"Slavers","floor":23.0,"turns":7.0},{"damage":3.0,"enemies":"Sentry and Sphere","floor":28.0,"turns":4.0},{"damage":7.0,"enemies":"Snake Plant","floor":29.0,"turns":2.0},{"damage":4.0,"enemies":"Shelled Parasite and Fungi","floor":30.0,"turns":3.0},{"damage":11.0,"enemies":"Snecko","floor":31.0,"turns":6.0},{"damage":61,"enemies":"Automaton","floor":33,"turns":10},{"damage":14,"enemies":"3 Darklings","floor":35,"turns":7},{"damage":13,"enemies":"Orb Walker","floor":37,"turns":3},{"damage":3,"enemies":"4 Shapes","floor":39,"turns":7},{"damage":10,"enemies":"Writhing Mass","floor":41,"turns":6},{"damage":46,"enemies":"Transient","floor":44,"turns":5},{"damage":14,"enemies":"Maw","floor":45,"turns":8},{"damage":13,"enemies":"Writhing Mass","floor":46,"turns":6},{"damage":14,"enemies":"Jaw Worm Horde","floor":47,"turns":5},{"damage":81,"enemies":"Donu and Deca","floor":50,"turns":10}],"seed_played":"4149048260285710593","potions_obtained":[{"floor":1.0,"key":"Dexterity Potion"},{"floor":4.0,"key":"GamblersBrew"},{"floor":6.0,"key":"EntropicBrew"},{"floor":8.0,"key":"EssenceOfSteel"},{"floor":11.0,"key":"Weak Potion"},{"floor":33,"key":"Block Potion"},{"floor":35,"key":"SkillPotion"},{"floor":39,"key":"Poison Potion"},{"floor":46,"key":"SkillPotion"},{"floor":47,"key":"LiquidBronze"}],"is_trial":false,"path_per_floor":["M","?","M","M","M","E","R","M","T","R","M","R","M","?","R","B",null,"M","M","$","M","?","E","R","?","T","R","M","M","M","M","R","B",null,"M","?","M","?","M","R","M","R","T","M","M","M","M","$","R","B"],"character_chosen":"THE_SILENT","items_purchased":["Toy Ornithopter","Slice","Ancient Tea Set","Incense Burner"],"campfire_rested":8,"item_purchase_floors":[20,20,48,48],"current_hp_per_floor":[77,70,62,62,59,11,34,27,27,50,48,71,71,59,77,25,77,75,58,58,58,58,8,31,31,31,54,56,54,50,44,67,11,77,63,63,50,50,47,62,52,67,67,21,12,38,24,24,65,0],"gold":41,"neow_bonus":"TEN_PERCENT_HP_BONUS","is_prod":false,"is_daily":false,"chose_seed":false,"campfire_upgraded":2,"win_rate":0.0,"timestamp":1559164836,"path_taken":["M","?","M","M","M","E","R","M","T","R","M","R","M","?","R","BOSS","M","M","$","M","?","E","R","?","T","R","?","M","M","M","R","BOSS","M","?","M","?","M","R","?","R","T","M","M","M","M","$","R","BOSS"],"build_version":"2019-01-23","purchased_purges":1,"victory":false,"max_hp_per_floor":[77,77,77,77,77,77,77,77,77,77,77,77,77,77,77,77,77,77,77,77,77,77,77,77,77,77,77,77,77,77,77,77,77,77,77,77,77,77,77,77,77,77,77,77,77,77,77,77,77,77],"card_choices":[{"not_picked":["Catalyst","Leg Sweep"],"picked":"Acrobatics","floor":1.0},{"not_picked":["Underhanded Strike","Tactician"],"picked":"Cloak And Dagger","floor":3.0},{"not_picked":["PiercingWail","Expertise"],"picked":"Finisher","floor":4.0},{"not_picked":["Skewer","Reflex"],"picked":"Accuracy","floor":5.0},{"not_picked":["Predator","Bane"],"picked":"Finisher","floor":6.0},{"not_picked":["Dagger Spray","Unload"],"picked":"Blade Dance","floor":8.0},{"not_picked":["Deflect","Slice","Distraction"],"picked":"SKIP","floor":11.0},{"not_picked":["Underhanded Strike","Finisher","Slice"],"picked":"SKIP","floor":13.0},{"not_picked":["Venomology","Die Die Die"],"picked":"After Image","floor":16.0},{"not_picked":["Flying Knee","Bane"],"picked":"Slice+1","floor":18.0},{"not_picked":["Heel Hook+1","Blur","All Out Attack"],"picked":"SKIP","floor":19.0},{"not_picked":["Escape Plan+1","Footwork"],"picked":"Deadly Poison+1","floor":21.0},{"not_picked":["Skewer","Poisoned Stab"],"picked":"Backflip+1","floor":23.0},{"not_picked":["Dagger Spray","Sucker Punch+1"],"picked":"Backstab+1","floor":28.0},{"not_picked":["Expertise+1","Dash+1"],"picked":"Slice","floor":29.0},{"not_picked":["Dagger Spray","All Out Attack","Choke"],"picked":"SKIP","floor":30.0},{"not_picked":["Sucker Punch","Backflip+1"],"picked":"Noxious Fumes","floor":31.0},{"not_picked":["Phantasmal Killer","Die Die Die"],"picked":"After Image","floor":33},{"not_picked":["Flying Knee+1","Bane+1","Sucker Punch+1"],"picked":"SKIP","floor":35},{"not_picked":["Distraction","Dodge and Roll+1"],"picked":"Prepared+1","floor":37},{"not_picked":["Underhanded Strike+1","Acrobatics+1","Flechettes+1"],"picked":"SKIP","floor":39},{"not_picked":["Leg Sweep+1","Outmaneuver+1"],"picked":"Crippling Poison","floor":41},{"not_picked":["PiercingWail","Bane+1"],"picked":"Accuracy","floor":44},{"not_picked":["Infinite Blades+1","Glass Knife"],"picked":"Caltrops+1","floor":45},{"not_picked":["Backflip","Escape Plan","Underhanded Strike+1"],"picked":"SKIP","floor":46},{"not_picked":["Flechettes+1","Noxious Fumes+1"],"picked":"Blade Dance+1","floor":47}],"player_experience":32267,"relics_obtained":[{"floor":6.0,"key":"Ice Cream"},{"floor":9.0,"key":"Bronze Scales"},{"floor":23.0,"key":"Boot"},{"floor":26.0,"key":"Vajra"},{"floor":43,"key":"Bag of Marbles"}],"event_choices":[{"cards_removed":["Defend_G"],"damage_healed":0.0,"max_hp_gain":0.0,"max_hp_loss":0.0,"gold_gain":0.0,"event_name":"Golden Wing","player_choice":"Card Removal","floor":2.0,"gold_loss":0.0,"damage_taken":7.0},{"damage_healed":0.0,"max_hp_gain":0.0,"max_hp_loss":0.0,"gold_gain":0.0,"event_name":"Scrap Ooze","player_choice":"Success","floor":14.0,"gold_loss":0.0,"damage_taken":12.0,"relics_obtained":["Paper Crane"]},{"damage_healed":0.0,"max_hp_gain":0.0,"max_hp_loss":0.0,"gold_gain":0.0,"event_name":"The Library","player_choice":"Read","floor":22.0,"gold_loss":0.0,"damage_taken":0.0,"cards_obtained":["Slice"]},{"cards_removed":["Strike_G"],"damage_healed":0.0,"max_hp_gain":0.0,"max_hp_loss":0.0,"gold_gain":0.0,"event_name":"Bonfire Elementals","player_choice":"Offered Basic","floor":25.0,"gold_loss":0.0,"damage_taken":0.0},{"damage_healed":0,"gold_gain":0,"player_choice":"Ignored","damage_taken":0,"max_hp_gain":0,"max_hp_loss":0,"event_name":"Tomb of Lord Red Mask","floor":36,"gold_loss":0},{"cards_removed":["Strike_G"],"damage_healed":0,"gold_gain":0,"player_choice":"Purged","damage_taken":0,"max_hp_gain":0,"max_hp_loss":0,"event_name":"Purifier","floor":38,"gold_loss":0}],"is_beta":false,"boss_relics":[{"not_picked":["Ectoplasm","Runic Pyramid"],"picked":"Lizard Tail"},{"not_picked":["Empty Cage","Orrery"],"picked":"Eternal Feather"}],"items_purged_floors":[20],"is_endless":false,"potions_floor_spawned":[1,4,6,8,11,16,19,28,33,35,39,46,47],"killed_by":"Donu and Deca","ascension_level":0}