{"gold_per_floor":[115,115,129,54,65,90,90,103,103,103,129,129],"floor_reached":12,"playtime":311,"items_purged":[],"score":148,"play_id":"ee00abbf-86aa-452b-af57-32ac9d5ec682","local_time":"20190513164020","is_ascension_mode":true,"campfire_choices":[{"floor":7,"key":"REST"},{"data":"Defend_R","floor":10,"key":"SMITH"}],"neow_cost":"NONE","seed_source_timestamp":3652199286652115,"circlet_count":0,"master_deck":["AscendersBane","Strike_R","Strike_R","Strike_R","Strike_R","Defend_R","Defend_R","Defend_R","Defend_R+1","Bash","Corruption","Burning Pact","Inflame"],"special_seed":0,"relics":["Burning Blood","NeowsBlessing","The Courier","Letter Opener","Smiling Mask"],"potions_floor_usage":[6,12],"damage_taken":[{"damage":0.0,"enemies":"Jaw Worm","floor":1.0,"turns":1.0},{"damage":0.0,"enemies":"Cultist","floor":3.0,"turns":1.0},{"damage":0.0,"enemies":"2 Louse","floor":5.0,"turns":1.0},{"damage":64,"enemies":"Lagavulin","floor":6,"turns":9},{"damage":18,"enemies":"Exordium Wildlife","floor":8,"turns":5},{"damage":32,"enemies":"Gremlin Nob","floor":12,"turns":3}],"seed_played":"5423043840582327851","potions_obtained":[{"floor":1.0,"key":"GamblersBrew"},{"floor":3.0,"key":"Ancient Potion"},{"floor":5.0,"key":"SteroidPotion"}],"is_trial":false,"path_per_floor":["M","?","M","?","M","E","R","M","T","R","T","E"],"character_chosen":"IRONCLAD","items_purchased":[],"campfire_rested":1,"item_purchase_floors":[],"current_hp_per_floor":[74,75,75,75,75,17,39,27,27,27,27,0],"gold":129,"neow_bonus":"THREE_ENEMY_KILL","is_prod":false,"is_daily":false,"chose_seed":false,"campfire_upgraded":1,"win_rate":0,"timestamp":1557744020,"path_taken":["M","?","?","?","M","E","R","M","T","R","?","E"],"build_version":"2019-01-23","purchased_purges":0,"victory":false,"max_hp_per_floor":[75,75,75,75,75,75,75,75,75,75,75,75],"card_choices":[{"not_picked":["Reckless Charge","Clothesline"],"picked":"Corruption","floor":1.0},{"not_picked":["Body Slam","Havoc"],"picked":"Burning Pact","floor":3.0},{"not_picked":["Fire Breathing","True Grit","Second Wind"],"picked":"SKIP","floor":5.0},{"not_picked":["Warcry","Hemokinesis"],"picked":"Inflame","floor":6},{"not_picked":["Sword Boomerang","Iron Wave","Corruption"],"picked":"SKIP","floor":8}],"player_experience":1330016,"relics_obtained":[{"floor":6,"key":"The Courier"},{"floor":9,"key":"Letter Opener"},{"floor":11,"key":"Smiling Mask"}],"event_choices":[{"damage_healed":1.0,"max_hp_gain":0.0,"max_hp_loss":0.0,"gold_gain":0.0,"event_name":"Wheel of Change","player_choice":"Full Heal","floor":2.0,"gold_loss":0.0,"damage_taken":0.0},{"cards_removed":["Strike_R"],"damage_healed":0.0,"max_hp_gain":0.0,"max_hp_loss":0.0,"gold_gain":0.0,"event_name":"The Cleric","player_choice":"Card Removal","floor":4.0,"gold_loss":75.0,"damage_taken":0.0}],"is_beta":false,"boss_relics":[],"items_purged_floors":[],"is_endless":false,"potions_floor_spawned":[1,3,5],"killed_by":"Gremlin Nob","ascension_level":18}