{"gold_per_floor":[115,19,19,32,32,63,63,63,63,97,112,112,130,159,159,159],"floor_reached":16,"playtime":884,"items_purged":[],"score":200,"play_id":"91699439-6b11-400d-98c9-92dcd1d0744c","local_time":"20190313133133","is_ascension_mode":true,"campfire_choices":[{"data":"Well Laid Plans","floor":7,"key":"SMITH"},{"data":"Poisoned Stab","floor":15,"key":"SMITH"}],"neow_cost":"NONE","seed_source_timestamp":2224658308952713,"circlet_count":0,"master_deck":["Defend_G","Defend_G","Defend_G","Defend_G","Defend_G","Strike_G","Strike_G","Survivor","Neutralize","Dagger Spray","Trip","Well Laid Plans+1","Poisoned Stab+1","Underhanded Strike","Poisoned Stab","Catalyst"],"relics":["Ring of the Snake","NeowsBlessing","Ornamental Fan","The Courier","Dream Catcher","Anchor"],"potions_floor_usage":[],"damage_taken":[{"damage":0,"enemies":"Jaw Worm","floor":1,"turns":1},{"damage":0,"enemies":"Small Slimes","floor":4,"turns":1},{"damage":0,"enemies":"Gremlin Nob","floor":6,"turns":1},{"damage":21,"enemies":"3 Sentries","floor":10,"turns":10},{"damage":0,"enemies":"Cultist","floor":11,"turns":3},{"damage":8,"enemies":"Blue Slaver","floor":13,"turns":4},{"damage":12,"enemies":"Lagavulin","floor":14,"turns":6},{"damage":15,"enemies":"The Guardian","floor":16,"turns":8}],"seed_played":"622837403044049030","potions_obtained":[{"floor":4,"key":"FearPotion"},{"floor":10,"key":"Ancient Potion"},{"floor":13,"key":"Explosive Potion"}],"is_trial":false,"path_per_floor":["M","$","?","M","$","E","R","?","T","E","M","?","M","E","R","B"],"character_chosen":"THE_SILENT","items_purchased":["Trip"],"campfire_rested":0,"item_purchase_floors":[2],"current_hp_per_floor":[63,63,56,56,56,56,56,56,56,35,35,35,27,15,15,0],"gold":159,"neow_bonus":"THREE_ENEMY_KILL","is_prod":false,"is_daily":false,"chose_seed":false,"campfire_upgraded":2,"win_rate":0,"timestamp":1552462293,"path_taken":["M","$","?","M","$","E","R","?","T","E","?","?","M","E","R","BOSS"],"build_version":"2019-01-23","purchased_purges":0,"victory":false,"max_hp_per_floor":[70,70,70,70,70,70,70,70,70,70,70,70,70,70,70,70],"card_choices":[{"not_picked":["Blade Dance","Quick Slash"],"picked":"Dagger Spray","floor":1},{"not_picked":["Footwork","Crippling Poison"],"picked":"Well Laid Plans","floor":4},{"not_picked":["Flying Knee","Deadly Poison"],"picked":"Poisoned Stab","floor":6},{"not_picked":["Expertise","Deflect"],"picked":"Underhanded Strike","floor":10},{"not_picked":["Finisher","Outmaneuver","Poisoned Stab"],"picked":"SKIP","floor":11},{"not_picked":["Caltrops","Deadly Poison"],"picked":"Poisoned Stab","floor":13},{"not_picked":["Finisher","Deadly Poison"],"picked":"Catalyst","floor":14}],"player_experience":988030,"relics_obtained":[{"floor":6,"key":"Ornamental Fan"},{"floor":9,"key":"The Courier"},{"floor":10,"key":"Dream Catcher"},{"floor":14,"key":"Anchor"}],"event_choices":[{"cards_removed":["Strike_G"],"damage_healed":0,"gold_gain":0,"player_choice":"Card Removal","damage_taken":7,"max_hp_gain":0,"max_hp_loss":0,"event_name":"Golden Wing","floor":3,"gold_loss":0},{"cards_removed":["Strike_G"],"damage_healed":0,"gold_gain":0,"player_choice":"Purged","damage_taken":0,"max_hp_gain":0,"max_hp_loss":0,"event_name":"Purifier","floor":8,"gold_loss":0},{"cards_removed":["Strike_G"],"damage_healed":0,"gold_gain":0,"player_choice":"Forget","damage_taken":0,"max_hp_gain":0,"max_hp_loss":0,"event_name":"Living Wall","floor":12,"gold_loss":0}],"is_beta":false,"boss_relics":[],"items_purged_floors":[],"is_endless":false,"potions_floor_spawned":[4,10,13],"killed_by":"The Guardian","ascension_level":8}