{"gold_per_floor":[365,365,365,365,384,394,429,429,429,439,439,467,467,480,480,480],"floor_reached":16,"playtime":702,"items_purged":[],"score":220,"play_id":"97b3a0af-f81c-4b6b-92ad-1ff4893aaa76","local_time":"20190513163337","is_ascension_mode":true,"campfire_choices":[{"floor":8,"key":"REST"},{"floor":11,"key":"REST"},{"floor":13,"key":"REST"},{"data":"Go for the Eyes","floor":15,"key":"SMITH"}],"neow_cost":"PERCENT_DAMAGE","seed_source_timestamp":3651473421472182,"circlet_count":0,"master_deck":["AscendersBane","Strike_B","Strike_B","Defend_B","Defend_B","Defend_B","Defend_B","Zap","Dualcast","Go for the Eyes+1","Sweeping Beam","Undo","Cold Snap","Gash"],"relics":["Cracked Core","Bottled Flame","Letter Opener","Strawberry"],"potions_floor_usage":[7],"damage_taken":[{"damage":7,"enemies":"Small Slimes","floor":1,"turns":3},{"damage":2,"enemies":"2 Louse","floor":5,"turns":2},{"damage":4,"enemies":"Jaw Worm","floor":6,"turns":4},{"damage":42,"enemies":"Gremlin Nob","floor":7,"turns":6},{"damage":12,"enemies":"Looter","floor":10,"turns":4},{"damage":19,"enemies":"3 Sentries","floor":12,"turns":7},{"damage":6,"enemies":"3 Louse","floor":14,"turns":3},{"damage":58,"enemies":"Slime Boss","floor":16,"turns":9}],"seed_played":"5326009015425104396","potions_obtained":[{"floor":5,"key":"Ancient Potion"},{"floor":6,"key":"SteroidPotion"},{"floor":14,"key":"FocusPotion"}],"is_trial":false,"path_per_floor":["M","?","?","?","M","M","E","R","T","M","R","E","R","M","R","B"],"character_chosen":"DEFECT","items_purchased":[],"campfire_rested":3,"item_purchase_floors":[],"current_hp_per_floor":[39,39,62,55,53,49,7,28,28,16,37,25,48,42,42,0],"gold":480,"neow_bonus":"TWO_FIFTY_GOLD","is_prod":false,"is_daily":false,"chose_seed":false,"campfire_upgraded":1,"win_rate":0,"timestamp":1557743617,"path_taken":["M","?","?","?","?","M","E","R","T","M","R","E","R","M","R","BOSS"],"build_version":"2019-01-23","purchased_purges":0,"victory":false,"max_hp_per_floor":[71,71,71,71,71,71,71,71,71,71,71,78,78,78,78,78],"card_choices":[{"not_picked":["Beam Cell","Hologram"],"picked":"Go for the Eyes","floor":1},{"not_picked":["Stack","Conserve Battery","Beam Cell"],"picked":"SKIP","floor":5},{"not_picked":["Consume","BootSequence"],"picked":"Undo","floor":6},{"not_picked":["Reinforced Body","Coolheaded"],"picked":"Cold Snap","floor":7},{"not_picked":["Double Energy","Ball Lightning"],"picked":"Gash","floor":10},{"not_picked":["Beam Cell","Multi-Cast","Undo"],"picked":"SKIP","floor":12},{"not_picked":["Beam Cell","Consume","Barrage"],"picked":"SKIP","floor":14}],"player_experience":1329314,"relics_obtained":[{"floor":7,"key":"Bottled Flame"},{"floor":9,"key":"Letter Opener"},{"floor":12,"key":"Strawberry"}],"event_choices":[{"damage_healed":0,"gold_gain":0,"cards_transformed":["Strike_B"],"player_choice":"Change","damage_taken":0,"max_hp_gain":0,"max_hp_loss":0,"event_name":"Living Wall","floor":2,"gold_loss":0,"cards_obtained":["Sweeping Beam"]},{"damage_healed":23,"gold_gain":0,"player_choice":"Banana","damage_taken":0,"max_hp_gain":0,"max_hp_loss":0,"event_name":"Big Fish","floor":3,"gold_loss":0},{"cards_removed":["Strike_B"],"damage_healed":0,"gold_gain":0,"player_choice":"Card Removal","damage_taken":7,"max_hp_gain":0,"max_hp_loss":0,"event_name":"Golden Wing","floor":4,"gold_loss":0}],"is_beta":false,"boss_relics":[],"items_purged_floors":[],"is_endless":false,"potions_floor_spawned":[5,6,14],"killed_by":"Slime Boss","ascension_level":20}