{"gold_per_floor":[113,113,128,128,128,158,122,152,152,170,204,204,218,233,233,332,332,298,298,314,35,45,56,75,87,87,87,8,8,27,57,57,162,162,173,187,167,178,198,198,198,226,226,226,326,326,326,353,365,377],"floor_reached":51,"playtime":4120,"items_purged":[],"score":692,"play_id":"3830bee4-6199-4cfb-9c00-7744ece49dd1","local_time":"20181123014535","is_ascension_mode":false,"campfire_choices":[{"floor":12,"key":"REST"},{"floor":15,"key":"REST"},{"data":"Noxious Fumes","floor":29,"key":"SMITH"},{"data":"Noxious Fumes","floor":32,"key":"SMITH"},{"data":"Malaise","floor":40,"key":"SMITH"},{"data":"Footwork","floor":44,"key":"SMITH"},{"data":"Caltrops","floor":47,"key":"SMITH"},{"data":"Footwork","floor":49,"key":"SMITH"}],"neow_cost":"NONE","seed_source_timestamp":0,"circlet_count":0,"master_deck":["Defend_G","Defend_G","Defend_G","Strike_G","Survivor","Neutralize+1","Distraction","Backstab","Backstab","Leg Sweep","Footwork+1","Dodge and Roll","Blur","Deadly Poison","Sucker Punch","Sucker Punch","Malaise+1","After Image+1","Underhanded Strike+1","Adrenaline+1","Bouncing Flask+1","Adrenaline+1","Footwork","Footwork+1","Caltrops+1","Noxious Fumes+1","Noxious Fumes+1","PiercingWail","Quick Slash","Well Laid Plans","Glass Knife"],"special_seed":0,"relics":["Ring of the Snake","Bird Faced Urn","Mummified Hand","The Courier","Singing Bowl","Astrolabe","Membership Card","Smiling Mask","TwistedFunnel","Darkstone Periapt","Busted Crown","Incense Burner","Toxic Egg 2","Dead Branch","MawBank"],"potions_floor_usage":[8,8,11,18,22,31,37,42,50,50],"damage_taken":[{"damage":0.0,"enemies":"2 Louse","floor":1.0,"turns":4.0},{"damage":0.0,"enemies":"Small Slimes","floor":3.0,"turns":2.0},{"damage":29.0,"enemies":"3 Sentries","floor":6.0,"turns":14.0},{"damage":28,"enemies":"Gremlin Nob","floor":8,"turns":5},{"damage":0,"enemies":"Jaw Worm","floor":10,"turns":3},{"damage":17,"enemies":"Lagavulin","floor":11,"turns":14},{"damage":4,"enemies":"Exordium Wildlife","floor":13,"turns":8},{"damage":12,"enemies":"Gremlin Gang","floor":14,"turns":6},{"damage":21,"enemies":"Hexaghost","floor":16,"turns":10},{"damage":2,"enemies":"2 Thieves","floor":18,"turns":5},{"damage":0,"enemies":"3 Byrds","floor":20,"turns":6},{"damage":0,"enemies":"Snecko","floor":22,"turns":5},{"damage":0,"enemies":"Centurion and Healer","floor":23,"turns":8},{"damage":3,"enemies":"Cultist and Chosen","floor":24,"turns":6},{"damage":1,"enemies":"Snake Plant","floor":25,"turns":3},{"damage":2,"enemies":"Shelled Parasite and Fungi","floor":30,"turns":4},{"damage":14,"enemies":"Slavers","floor":31,"turns":5},{"damage":6,"enemies":"Collector","floor":33,"turns":7},{"damage":2,"enemies":"3 Darklings","floor":35,"turns":4},{"damage":1,"enemies":"Orb Walker","floor":36,"turns":3},{"damage":0,"enemies":"Writhing Mass","floor":38,"turns":6},{"damage":0,"enemies":"3 Darklings","floor":39,"turns":4},{"damage":25,"enemies":"Reptomancer","floor":42,"turns":6},{"damage":3,"enemies":"Mind Bloom Boss Battle","floor":45,"turns":8},{"damage":57,"enemies":"Awakened One","floor":50,"turns":16}],"seed_played":"-7699643902205179306","potions_obtained":[{"floor":1.0,"key":"Explosive Potion"},{"floor":3.0,"key":"LiquidBronze"},{"floor":10,"key":"GamblersBrew"},{"floor":16,"key":"Explosive Potion"},{"floor":20,"key":"Swift Potion"},{"floor":25,"key":"Swift Potion"},{"floor":30,"key":"Weak Potion"},{"floor":31,"key":"Fire Potion"},{"floor":37,"key":"Fruit Juice"},{"floor":39,"key":"SkillPotion"},{"floor":45,"key":"Ancient Potion"}],"is_trial":false,"path_per_floor":["M","?","M","?","?","E","E","$","E","T","M","E","R","M","M","R","B",null,"M","?","M","$","M","M","M","M","T","?","$","R","M","E","R","B",null,"M","M","?","M","M","R","?","E","T","R","?","?","R","T","R","B",null],"character_chosen":"THE_SILENT","items_purchased":["Footwork","Membership Card","Footwork","Caltrops","Noxious Fumes","Noxious Fumes","TwistedFunnel"],"campfire_rested":2,"item_purchase_floors":[7,21,21,21,21,21,28],"current_hp_per_floor":[70,75,75,75,75,46,46,20,20,22,7,29,27,17,39,20,75,75,75,75,75,77,79,80,83,83,83,83,83,85,81,81,85,85,87,89,94,96,98,98,93,82,82,82,94,94,94,94,94,56],"gold":389,"neow_bonus":"UPGRADE_CARD","is_prod":false,"is_daily":false,"chose_seed":false,"campfire_upgraded":6,"win_rate":0,"timestamp":1542937535,"path_taken":["M","?","M","?","?","E","?","E","T","M","E","R","M","M","R","BOSS","M","?","M","$","M","M","?","M","T","?","$","R","M","E","R","BOSS","M","M","?","?","M","R","?","E","T","R","?","?","R","?","R","BOSS"],"build_version":"2018-11-15","purchased_purges":0,"victory":true,"max_hp_per_floor":[70,75,75,75,75,75,75,75,75,75,75,75,75,75,75,75,75,75,75,75,75,77,79,81,83,83,83,83,83,85,85,85,85,85,87,89,94,96,98,98,93,95,95,95,97,97,97,97,97,97],"card_choices":[{"not_picked":["Masterful Stab","Choke"],"picked":"Distraction","floor":1.0},{"not_picked":["Acrobatics","Flying Knee"],"picked":"Backstab","floor":3.0},{"not_picked":["Outmaneuver","Concentrate"],"picked":"Leg Sweep","floor":6},{"not_picked":["Deadly Poison","Quick Slash"],"picked":"Dodge and Roll","floor":8},{"not_picked":["Expertise","Slice"],"picked":"Blur","floor":10},{"not_picked":["PiercingWail","Poisoned Stab"],"picked":"Deadly Poison","floor":11},{"not_picked":["Slice","Endless Agony"],"picked":"Sucker Punch","floor":13},{"not_picked":["All Out Attack","Quick Slash"],"picked":"Sucker Punch","floor":14},{"not_picked":["Die Die Die","Storm of Steel"],"picked":"Malaise","floor":16},{"not_picked":["Bane+1","Blade Dance+1"],"picked":"Bouncing Flask+1","floor":18},{"not_picked":["Flying Knee","Outmaneuver"],"picked":"Footwork","floor":20},{"not_picked":["Dodge and Roll+1","Dagger Spray","Sucker Punch+1"],"picked":"Singing Bowl","floor":22},{"not_picked":["Deadly Poison","Prepared+1","Poisoned Stab+1"],"picked":"Singing Bowl","floor":23},{"not_picked":["Bouncing Flask+1","Blade Dance+1","Concentrate"],"picked":"Singing Bowl","floor":24},{"not_picked":["Cloak And Dagger","Blade Dance+1","All Out Attack"],"picked":"Singing Bowl","floor":25},{"not_picked":["Choke","Terror","Catalyst"],"picked":"Singing Bowl","floor":30},{"not_picked":["Outmaneuver","Storm of Steel"],"picked":"Well Laid Plans","floor":31},{"not_picked":["Night Terror","Doppelganger"],"picked":"Glass Knife","floor":33},{"not_picked":["Underhanded Strike+1"],"picked":"Singing Bowl","floor":35},{"not_picked":["Blade Dance+1"],"picked":"Singing Bowl","floor":36},{"not_picked":["Concentrate"],"picked":"Singing Bowl","floor":38},{"not_picked":["Flechettes+1"],"picked":"Singing Bowl","floor":39},{"not_picked":["PiercingWail+1"],"picked":"Singing Bowl","floor":42},{"not_picked":["Deflect+1"],"picked":"Singing Bowl","floor":45}],"player_experience":626846,"relics_obtained":[{"floor":6,"key":"Bird Faced Urn"},{"floor":8,"key":"Mummified Hand"},{"floor":9,"key":"The Courier"},{"floor":11,"key":"Singing Bowl"},{"floor":26,"key":"Smiling Mask"},{"floor":31,"key":"Darkstone Periapt"},{"floor":42,"key":"Incense Burner"},{"floor":43,"key":"Toxic Egg 2"},{"floor":45,"key":"Dead Branch"},{"floor":48,"key":"MawBank"}],"event_choices":[{"damage_healed":0.0,"max_hp_gain":5.0,"max_hp_loss":0.0,"gold_gain":0.0,"event_name":"Big Fish","player_choice":"Donut","floor":2.0,"gold_loss":0.0,"damage_taken":0.0},{"damage_healed":0.0,"max_hp_gain":0.0,"max_hp_loss":0.0,"gold_gain":0.0,"event_name":"Liars Game","player_choice":"Ignored","floor":4.0,"gold_loss":0.0,"damage_taken":0.0},{"damage_healed":0.0,"max_hp_gain":0.0,"max_hp_loss":0.0,"gold_gain":0.0,"cards_transformed":["Strike_G"],"event_name":"Living Wall","player_choice":"Change","floor":5.0,"gold_loss":0.0,"damage_taken":0.0,"cards_obtained":["Backstab"]},{"damage_healed":0,"gold_gain":0,"player_choice":"Copied","damage_taken":0,"max_hp_gain":0,"max_hp_loss":0,"event_name":"Duplicator","floor":19,"gold_loss":0,"cards_obtained":["Adrenaline"]},{"damage_healed":0,"gold_gain":0,"cards_transformed":["Defend_G","Strike_G"],"player_choice":"Became Test Subject","damage_taken":0,"max_hp_gain":0,"max_hp_loss":0,"event_name":"Drug Dealer","floor":27,"gold_loss":0,"cards_obtained":["PiercingWail","Quick Slash"]},{"damage_healed":0,"gold_gain":0,"player_choice":"Bought 1 Potion","damage_taken":0,"max_hp_gain":0,"max_hp_loss":0,"event_name":"The Woman in Blue","floor":37,"gold_loss":0},{"damage_healed":0,"gold_gain":0,"player_choice":"Max HP","damage_taken":0,"max_hp_gain":0,"max_hp_loss":5,"event_name":"Winding Halls","floor":41,"gold_loss":0},{"damage_healed":0,"gold_gain":0,"player_choice":"Fight","damage_taken":0,"max_hp_gain":0,"max_hp_loss":0,"event_name":"MindBloom","floor":45,"gold_loss":0},{"damage_healed":0,"gold_gain":0,"player_choice":"Ignored","damage_taken":0,"max_hp_gain":0,"max_hp_loss":0,"event_name":"Mysterious Sphere","floor":46,"gold_loss":0}],"is_beta":false,"boss_relics":[{"not_picked":["Orrery","Eternal Feather"],"picked":"Astrolabe"},{"not_picked":["Cursed Key","Tiny House"],"picked":"Busted Crown"}],"items_purged_floors":[],"is_endless":false,"potions_floor_spawned":[1,3,10,16,20,25,30,31,39,45],"ascension_level":0}