{"gold_per_floor":[119,119,137,101,26,60,89,122,122,49,49,82,99,99,99,198,198,214,214,314,324,17,17],"floor_reached":23,"playtime":1042,"items_purged":["Strike_B"],"score":347,"play_id":"4b30a667-d66b-4299-aef0-768e6726b33d","local_time":"20190529134530","is_ascension_mode":true,"campfire_choices":[{"data":"Darkness","floor":11.0,"key":"SMITH"},{"floor":15.0,"key":"REST"}],"neow_cost":"NONE","seed_source_timestamp":0,"circlet_count":0,"master_deck":["Defend_B","Defend_B","Defend_B","Defend_B","Zap+1","Dualcast","Compile Driver","Sweeping Beam","Darkness+1","Conserve Battery","Undo","Heatsinks","Creative AI","Biased Cognition","Capacitor+1","Double Energy+1","Sunder+1","Coolheaded+1","Hologram+1","Hologram+1"],"special_seed":0,"relics":["Cracked Core","NeowsBlessing","Strawberry","Odd Mushroom","Dodecahedron","Mummified Hand","Toxic Egg 2","Astrolabe","Bird Faced Urn","Ornamental Fan","Pocketwatch"],"potions_floor_usage":[20,20],"damage_taken":[{"damage":0.0,"enemies":"2 Louse","floor":1.0,"turns":1.0},{"damage":0.0,"enemies":"Cultist","floor":3.0,"turns":1.0},{"damage":0.0,"enemies":"Gremlin Nob","floor":6.0,"turns":1.0},{"damage":23.0,"enemies":"The Mushroom Lair","floor":7.0,"turns":4.0},{"damage":20.0,"enemies":"Lagavulin","floor":8.0,"turns":7.0},{"damage":22.0,"enemies":"3 Sentries","floor":12.0,"turns":6.0},{"damage":0.0,"enemies":"Jaw Worm","floor":13.0,"turns":5.0},{"damage":0.0,"enemies":"Exordium Wildlife","floor":14.0,"turns":1.0},{"damage":28.0,"enemies":"The Guardian","floor":16.0,"turns":11.0},{"damage":0,"enemies":"Chosen","floor":18,"turns":4},{"damage":26,"enemies":"Colosseum Slavers","floor":20,"turns":4},{"damage":0,"enemies":"Colosseum Nobs","floor":20,"turns":3},{"damage":3,"enemies":"Shell Parasite","floor":21,"turns":9},{"damage":51,"enemies":"Book of Stabbing","floor":23,"turns":5}],"seed_played":"7988051599994075878","potions_obtained":[{"floor":7.0,"key":"SkillPotion"},{"floor":8.0,"key":"Dexterity Potion"},{"floor":12.0,"key":"SmokeBomb"},{"floor":16.0,"key":"SkillPotion"},{"floor":18,"key":"PowerPotion"}],"is_trial":false,"path_per_floor":["M","?","M","$","$","E","?","E","T","$","R","E","M","M","R","B",null,"M","?","?","M","$","E"],"character_chosen":"DEFECT","items_purchased":["Darkness","Heatsinks","Pocketwatch"],"campfire_rested":1,"item_purchase_floors":[4,10,22],"current_hp_per_floor":[68,68,68,68,68,75,52,32,32,32,32,10,10,10,34,6,63,63,47,21,42,42,0],"gold":17,"neow_bonus":"THREE_ENEMY_KILL","is_prod":false,"is_daily":false,"chose_seed":false,"campfire_upgraded":1,"win_rate":0,"timestamp":1559130330,"path_taken":["M","?","?","?","$","E","?","E","T","?","R","E","M","M","R","BOSS","M","?","?","M","$","E"],"build_version":"2019-01-23","purchased_purges":1,"victory":false,"max_hp_per_floor":[75,75,75,75,75,82,82,82,82,82,82,82,82,82,82,82,82,82,87,87,87,87,87],"card_choices":[{"not_picked":["Barrage","Steam"],"picked":"Compile Driver","floor":1.0},{"not_picked":["Melter","Conserve Battery"],"picked":"Sweeping Beam","floor":3.0},{"not_picked":["Double Energy","Static Discharge"],"picked":"Conserve Battery","floor":6.0},{"not_picked":["Barrage","Beam Cell"],"picked":"Undo","floor":8.0},{"not_picked":["Hologram","Turbo"],"picked":"Creative AI","floor":12.0},{"not_picked":["Go for the Eyes","Beam Cell","Scrape"],"picked":"SKIP","floor":13.0},{"not_picked":["Thunder Strike","Fission+1"],"picked":"Biased Cognition","floor":16.0},{"not_picked":["Conserve Battery+1","Stack+1"],"picked":"Coolheaded+1","floor":18},{"not_picked":["Go for the Eyes","Leap+1"],"picked":"Hologram+1","floor":20},{"not_picked":["Redo+1","Gash+1"],"picked":"Hologram+1","floor":21}],"player_experience":67942,"relics_obtained":[{"floor":6.0,"key":"Strawberry"},{"floor":7.0,"key":"Odd Mushroom"},{"floor":8.0,"key":"Dodecahedron"},{"floor":9.0,"key":"Mummified Hand"},{"floor":12.0,"key":"Toxic Egg 2"},{"floor":20,"key":"Bird Faced Urn"},{"floor":20,"key":"Ornamental Fan"}],"event_choices":[{"damage_healed":0.0,"max_hp_gain":0.0,"max_hp_loss":0.0,"gold_gain":0.0,"event_name":"Upgrade Shrine","player_choice":"Upgraded","floor":2.0,"gold_loss":0.0,"damage_taken":0.0,"cards_upgraded":["Zap"]},{"damage_healed":0.0,"max_hp_gain":0.0,"max_hp_loss":0.0,"gold_gain":0.0,"event_name":"Mushrooms","player_choice":"Fought Mushrooms","floor":7.0,"gold_loss":0.0,"damage_taken":0.0},{"damage_healed":0,"gold_gain":0,"player_choice":"Shed Blood","damage_taken":21,"max_hp_gain":5,"max_hp_loss":0,"event_name":"Forgotten Altar","floor":19,"gold_loss":0},{"damage_healed":0,"gold_gain":0,"player_choice":"Fight","damage_taken":0,"max_hp_gain":0,"max_hp_loss":0,"event_name":"Colosseum","floor":20,"gold_loss":0},{"damage_healed":0,"gold_gain":0,"player_choice":"Fought Nobs","damage_taken":0,"max_hp_gain":0,"max_hp_loss":0,"event_name":"Colosseum","floor":20,"gold_loss":0}],"is_beta":false,"boss_relics":[{"not_picked":["Velvet Choker","Calling Bell"],"picked":"Astrolabe"}],"items_purged_floors":[5],"is_endless":false,"potions_floor_spawned":[7,8,12,16,18,20],"killed_by":"Book of Stabbing","ascension_level":7}