{"gold_per_floor":[110,121,121,22,22,22,50,73,167,179,204,216,228,255,267,384,396,418,9,22,37,37,67,84,111,111,111,131,131,131,143,143,143],"floor_reached":33,"playtime":1658,"items_purged":["Strike_B"],"score":431,"play_id":"e27f4938-928e-4008-8103-b5deea5022ea","local_time":"20190520213247","is_ascension_mode":true,"campfire_choices":[{"data":"1","floor":6.0,"key":"LIFT"},{"floor":10.0,"key":"REST"},{"data":"2","floor":12.0,"key":"LIFT"},{"floor":15.0,"key":"REST"},{"floor":27,"key":"REST"},{"data":"3","floor":29,"key":"LIFT"},{"floor":32,"key":"REST"}],"neow_cost":"TEN_PERCENT_HP_LOSS","seed_source_timestamp":0,"circlet_count":0,"master_deck":["AscendersBane","Strike_B","Strike_B","Strike_B","Defend_B","Defend_B","Defend_B","Defend_B+1","Zap+1","Dualcast","Gash","FTL","Rebound+1","Cold Snap","Self Repair","Gash","Defragment","Streamline","Electrodynamics","Leap","Static Discharge","Core Surge","Compile Driver","Loop+1","Seek","Hologram","Impatience","Impatience","Hologram"],"special_seed":0,"relics":["Cracked Core","Girya","MawBank","Matryoshka","FaceOfCleric","Runic Pyramid","Centennial Puzzle","Pen Nib","Frozen Egg 2","Cables","Emotion Chip"],"potions_floor_usage":[25,25,33,33,33],"damage_taken":[{"damage":4.0,"enemies":"2 Louse","floor":1.0,"turns":4.0},{"damage":7.0,"enemies":"Jaw Worm","floor":2.0,"turns":3.0},{"damage":24.0,"enemies":"Gremlin Nob","floor":7.0,"turns":4.0},{"damage":5.0,"enemies":"Small Slimes","floor":8.0,"turns":2.0},{"damage":15.0,"enemies":"Gremlin Gang","floor":11.0,"turns":3.0},{"damage":0.0,"enemies":"2 Fungi Beasts","floor":14.0,"turns":2.0},{"damage":42.0,"enemies":"The Guardian","floor":16.0,"turns":13.0},{"damage":0.0,"enemies":"Spheric Guardian","floor":18.0,"turns":3.0},{"damage":16.0,"enemies":"3 Byrds","floor":20.0,"turns":4.0},{"damage":37,"enemies":"Snake Plant","floor":21,"turns":5},{"damage":30,"enemies":"Gremlin Leader","floor":23,"turns":5},{"damage":18,"enemies":"Snecko","floor":24,"turns":5},{"damage":26,"enemies":"Slavers","floor":25,"turns":6},{"damage":3,"enemies":"3 Cultists","floor":28,"turns":3},{"damage":17,"enemies":"Centurion and Healer","floor":31,"turns":4},{"damage":37,"enemies":"Automaton","floor":33,"turns":6}],"seed_played":"6707940191380994359","potions_obtained":[{"floor":7.0,"key":"PowerPotion"},{"floor":8.0,"key":"Poison Potion"},{"floor":16.0,"key":"Block Potion"},{"floor":24,"key":"SpeedPotion"},{"floor":28,"key":"Block Potion"},{"floor":31,"key":"Block Potion"}],"is_trial":false,"path_per_floor":["M","M","?","$","?","R","E","M","T","R","M","R","?","M","R","B",null,"M","$","M","M","?","E","M","E","T","R","M","R","?","M","R","B"],"character_chosen":"DEFECT","items_purchased":["Rebound","Cold Snap","Centennial Puzzle","Static Discharge","Core Surge"],"campfire_rested":4,"item_purchase_floors":[4,4,19,19,19],"current_hp_per_floor":[64,57,57,57,43,43,19,21,21,41,33,33,33,34,54,20,58,59,59,51,22,73,51,41,23,23,45,50,50,29,13,36,0],"gold":143,"neow_bonus":"ONE_RARE_RELIC","is_prod":false,"is_daily":false,"chose_seed":false,"campfire_upgraded":0,"win_rate":0,"timestamp":1558402367,"path_taken":["M","M","?","?","?","R","E","M","T","R","?","R","?","M","R","BOSS","M","$","M","?","?","E","?","E","T","R","M","R","?","M","R","BOSS"],"build_version":"2019-01-23","purchased_purges":1,"victory":false,"max_hp_per_floor":[68,68,68,68,68,68,68,68,68,68,68,68,68,69,69,70,70,71,71,72,73,73,74,75,76,76,76,77,77,77,78,78,78],"card_choices":[{"not_picked":["Hologram","Conserve Battery"],"picked":"Gash","floor":1.0},{"not_picked":["Conserve Battery","Hologram"],"picked":"FTL","floor":2.0},{"not_picked":["Storm","Conserve Battery"],"picked":"Self Repair","floor":7.0},{"not_picked":["Compile Driver","Tempest"],"picked":"Gash","floor":8.0},{"not_picked":["Hologram","Cold Snap"],"picked":"Defragment","floor":11.0},{"not_picked":["Reboot","Melter"],"picked":"Streamline","floor":14.0},{"not_picked":["Rainbow","Fission"],"picked":"Electrodynamics","floor":16.0},{"not_picked":["Tempest","Gash"],"picked":"Leap","floor":18.0},{"not_picked":["Barrage","Conserve Battery"],"picked":"Compile Driver","floor":20},{"not_picked":["Streamline","Undo","Skim+1"],"picked":"SKIP","floor":21},{"not_picked":["Gash","Recycle"],"picked":"Loop+1","floor":23},{"not_picked":["Ball Lightning","Streamline+1"],"picked":"Seek","floor":24},{"not_picked":["Conserve Battery","Doom and Gloom","Lockon"],"picked":"SKIP","floor":25},{"not_picked":["Stack","Leap"],"picked":"Hologram","floor":28},{"not_picked":["Beam Cell","Genetic Algorithm+1"],"picked":"Hologram","floor":31}],"player_experience":511460,"relics_obtained":[{"floor":7.0,"key":"MawBank"},{"floor":9.0,"key":"Matryoshka"},{"floor":23,"key":"Pen Nib"},{"floor":25,"key":"Frozen Egg 2"},{"floor":26,"key":"Cables"},{"floor":26,"key":"Emotion Chip"}],"event_choices":[{"damage_healed":0.0,"max_hp_gain":0.0,"max_hp_loss":0.0,"gold_gain":0.0,"event_name":"Living Wall","player_choice":"Grow","floor":3.0,"gold_loss":0.0,"damage_taken":0.0,"cards_upgraded":["Zap"]},{"damage_healed":0.0,"max_hp_gain":0.0,"max_hp_loss":0.0,"gold_gain":0.0,"event_name":"Shining Light","player_choice":"Entered Light","floor":5.0,"gold_loss":0.0,"damage_taken":14.0,"cards_upgraded":["Rebound","Defend_B"]},{"damage_healed":0.0,"max_hp_gain":0.0,"max_hp_loss":0.0,"gold_gain":0.0,"event_name":"FaceTrader","player_choice":"Trade","floor":13.0,"gold_loss":0.0,"damage_taken":0.0,"relics_obtained":["FaceOfCleric"]},{"damage_healed":51,"gold_gain":0,"player_choice":"Full Heal","damage_taken":0,"max_hp_gain":0,"max_hp_loss":0,"event_name":"Wheel of Change","floor":22,"gold_loss":0},{"damage_healed":0,"gold_gain":0,"player_choice":"CARD CARD ","damage_taken":21,"max_hp_gain":0,"max_hp_loss":0,"event_name":"Knowing Skull","floor":30,"potions_obtained":[],"gold_loss":0,"cards_obtained":["Impatience","Impatience"]}],"is_beta":false,"boss_relics":[{"not_picked":["Inserter","Lizard Tail"],"picked":"Runic Pyramid"}],"items_purged_floors":[19],"is_endless":false,"potions_floor_spawned":[7,8,16,24,28,31],"killed_by":"Automaton","ascension_level":10}