{"gold_per_floor":[114,114,139,139,158,189,189,189,189,220,220],"floor_reached":11,"playtime":922,"items_purged":[],"score":113,"play_id":"935ea776-d8d9-4adc-8211-849bfbb9acaf","local_time":"20190530125700","is_ascension_mode":true,"campfire_choices":[{"floor":7,"key":"REST"}],"neow_cost":"NONE","seed_source_timestamp":0,"circlet_count":0,"master_deck":["Defend_G","Defend_G","Defend_G","Defend_G","Defend_G","Strike_G","Strike_G","Strike_G","Strike_G","Survivor","Neutralize","Quick Slash","Deflect","Quick Slash","Blur"],"special_seed":0,"relics":["Ring of the Snake","Golden Idol","Bottled Flame","Art of War","Singing Bowl","The Courier"],"potions_floor_usage":[10],"damage_taken":[{"damage":1.0,"enemies":"2 Louse","floor":1.0,"turns":3.0},{"damage":2,"enemies":"Jaw Worm","floor":3,"turns":7},{"damage":3,"enemies":"Cultist","floor":5,"turns":4},{"damage":55,"enemies":"Lagavulin","floor":6,"turns":11},{"damage":22,"enemies":"Gremlin Nob","floor":10,"turns":4},{"damage":10,"enemies":"Exordium Thugs","floor":11,"turns":3}],"seed_played":"4075190149518435500","potions_obtained":[{"floor":6,"key":"FearPotion"}],"is_trial":false,"path_per_floor":["M","?","M","?","M","E","R","T","T","E","M"],"character_chosen":"THE_SILENT","items_purchased":[],"campfire_rested":1,"item_purchase_floors":[],"current_hp_per_floor":[69,69,67,67,64,9,30,30,30,8,0],"gold":220,"neow_bonus":"TEN_PERCENT_HP_BONUS","is_prod":false,"is_daily":false,"chose_seed":false,"campfire_upgraded":0,"win_rate":0,"timestamp":1559213820,"path_taken":["M","?","M","?","?","E","R","?","T","E","?"],"build_version":"2019-01-23","purchased_purges":0,"victory":false,"max_hp_per_floor":[77,71,71,71,71,71,71,71,71,71,71],"card_choices":[{"not_picked":["Dagger Spray","Leg Sweep"],"picked":"Quick Slash","floor":1.0},{"not_picked":["Expertise","Bane"],"picked":"Deflect","floor":3},{"not_picked":["Catalyst","Caltrops"],"picked":"Quick Slash","floor":5},{"not_picked":["Sucker Punch","Finisher","Accuracy"],"picked":"SKIP","floor":6},{"not_picked":["Dodge and Roll","Bullet Time"],"picked":"Blur","floor":10}],"player_experience":71696,"relics_obtained":[{"floor":6,"key":"Bottled Flame"},{"floor":8,"key":"Art of War"},{"floor":9,"key":"Singing Bowl"},{"floor":10,"key":"The Courier"}],"event_choices":[{"damage_healed":0.0,"max_hp_gain":0.0,"max_hp_loss":6.0,"gold_gain":0.0,"event_name":"Golden Idol","player_choice":"Lose Max HP","floor":2.0,"gold_loss":0.0,"damage_taken":0.0,"relics_obtained":["Golden Idol"]},{"cards_removed":["Strike_G"],"damage_healed":0,"gold_gain":0,"player_choice":"Offered Basic","damage_taken":0,"max_hp_gain":0,"max_hp_loss":0,"event_name":"Bonfire Elementals","floor":4,"gold_loss":0}],"is_beta":false,"boss_relics":[],"items_purged_floors":[],"is_endless":false,"potions_floor_spawned":[6],"killed_by":"Exordium Thugs","ascension_level":8}