{"gold_per_floor":[111,131,148,166,166,166,196,196,196,29,29,29,104,121,121,199,199,216,236,236,236,54,54,85,85],"floor_reached":25,"playtime":1200,"items_purged":["Strike_B"],"score":438,"play_id":"b803f874-c8fc-4395-bbfd-1f9e0afd91bb","local_time":"20190513134710","is_ascension_mode":true,"campfire_choices":[{"data":"Defragment","floor":6,"key":"SMITH"},{"floor":8,"key":"REST"},{"floor":11,"key":"REST"},{"data":"Coolheaded","floor":15,"key":"SMITH"},{"floor":23,"key":"REST"}],"neow_cost":"NONE","seed_source_timestamp":3640987853516653,"circlet_count":0,"master_deck":["AscendersBane","Strike_B","Strike_B","Defend_B+1","Defend_B","Defend_B","Defend_B","Zap","Dualcast+1","Genetic Algorithm","Ball Lightning","Defragment+1","Coolheaded+1","Defragment","Cold Snap","Darkness","Echo Form","Doom and Gloom+1","Hologram","Hologram"],"relics":["Cracked Core","NeowsBlessing","Ginger","Letter Opener","Nuclear Battery","Centennial Puzzle","Bottled Flame"],"potions_floor_usage":[4,4,7,16,24,24,25],"damage_taken":[{"damage":0,"enemies":"Jaw Worm","floor":1,"turns":1},{"damage":0,"enemies":"Small Slimes","floor":2,"turns":1},{"damage":0,"enemies":"Cultist","floor":3,"turns":1},{"damage":25,"enemies":"Lots of Slimes","floor":4,"turns":4},{"damage":29,"enemies":"3 Sentries","floor":7,"turns":6},{"damage":3,"enemies":"Blue Slaver","floor":14,"turns":4},{"damage":18,"enemies":"The Guardian","floor":16,"turns":12},{"damage":16,"enemies":"Chosen","floor":18,"turns":5},{"damage":8,"enemies":"Shell Parasite","floor":19,"turns":7},{"damage":48,"enemies":"Book of Stabbing","floor":24,"turns":7},{"damage":14,"enemies":"Cultist and Chosen","floor":25,"turns":3}],"seed_played":"-525835123795813709","potions_obtained":[{"floor":2,"key":"Weak Potion"},{"floor":3,"key":"EntropicBrew"},{"floor":4,"key":"Weak Potion"},{"floor":18,"key":"SteroidPotion"},{"floor":19,"key":"SteroidPotion"},{"floor":24,"key":"Fire Potion"}],"is_trial":false,"path_per_floor":["M","M","M","M","?","R","E","R","T","$","R","$","?","M","R","B",null,"M","M","?","?","$","R","E","M"],"character_chosen":"DEFECT","items_purchased":["Defragment","Cold Snap","Centennial Puzzle","Hologram"],"campfire_rested":3,"item_purchase_floors":[10,10,22,22],"current_hp_per_floor":[64,64,64,39,18,18,4,25,25,25,46,46,35,32,32,14,57,41,33,33,33,33,54,6,0],"gold":85,"neow_bonus":"THREE_ENEMY_KILL","is_prod":false,"is_daily":false,"chose_seed":false,"campfire_upgraded":2,"win_rate":0,"timestamp":1557733630,"path_taken":["M","M","M","M","?","R","E","R","T","$","R","$","?","M","R","BOSS","M","M","?","?","?","R","E","M"],"build_version":"2019-01-23","purchased_purges":1,"victory":false,"max_hp_per_floor":[71,71,71,71,71,71,71,71,71,71,71,71,71,71,71,71,71,71,71,71,71,71,71,71,71],"card_choices":[{"not_picked":["Steam","Rebound"],"picked":"Genetic Algorithm","floor":1},{"not_picked":["Streamline","Beam Cell"],"picked":"Ball Lightning","floor":2},{"not_picked":["Steam Power","Steam","Scrape"],"picked":"SKIP","floor":3},{"not_picked":["Rebound","Fusion"],"picked":"Defragment","floor":4},{"not_picked":["Turbo","Redo"],"picked":"Coolheaded","floor":7},{"not_picked":["Hologram","Turbo"],"picked":"Darkness","floor":14},{"not_picked":["Buffer","Machine Learning"],"picked":"Echo Form","floor":16},{"not_picked":["Stack","Rebound","Steam"],"picked":"SKIP","floor":18},{"not_picked":["Machine Learning","Streamline"],"picked":"Doom and Gloom+1","floor":19},{"not_picked":["Sweeping Beam","Coolheaded"],"picked":"Hologram","floor":24}],"player_experience":1323991,"relics_obtained":[{"floor":7,"key":"Ginger"},{"floor":9,"key":"Letter Opener"},{"floor":24,"key":"Bottled Flame"}],"event_choices":[{"damage_healed":0,"gold_gain":0,"player_choice":"Entered Light","damage_taken":21,"max_hp_gain":0,"max_hp_loss":0,"event_name":"Shining Light","floor":5,"gold_loss":0,"cards_upgraded":["Defend_B","Dualcast"]},{"damage_healed":0,"gold_gain":75,"player_choice":"Gather Gold","damage_taken":11,"max_hp_gain":0,"max_hp_loss":0,"event_name":"World of Goop","floor":13,"gold_loss":0},{"damage_healed":0,"gold_gain":0,"player_choice":"Ignored","damage_taken":0,"max_hp_gain":0,"max_hp_loss":0,"event_name":"Vampires","floor":20,"gold_loss":0},{"cards_removed":["Strike_B"],"damage_healed":0,"gold_gain":0,"player_choice":"Elegance","damage_taken":0,"max_hp_gain":0,"max_hp_loss":0,"event_name":"Back to Basics","floor":21,"gold_loss":0}],"is_beta":false,"boss_relics":[{"not_picked":["Philosopher\u0027s Stone","Runic Dome"],"picked":"Nuclear Battery"}],"items_purged_floors":[10],"is_endless":false,"potions_floor_spawned":[2,3,4,18,19,24],"killed_by":"Cultist and Chosen","ascension_level":20}