{"gold_per_floor":[114,189,203,214,139,139,169,169,169,169,179,214,228,245,245,320,320,334,334,345,11,11,11],"floor_reached":23,"playtime":1372,"items_purged":["Strike_B"],"score":402,"play_id":"d55afcd8-7c7a-4b25-9b43-5e73ff250728","local_time":"20190513150247","is_ascension_mode":true,"campfire_choices":[{"data":"Consume","floor":6.0,"key":"SMITH"},{"floor":10.0,"key":"REST"},{"data":"Capacitor","floor":15.0,"key":"SMITH"}],"neow_cost":"NONE","seed_source_timestamp":3645287528011579,"circlet_count":0,"master_deck":["AscendersBane","Strike_B","Strike_B","Strike_B","Defend_B","Defend_B","Defend_B","Defend_B","Zap","Dualcast","Ball Lightning","Consume+1","Cold Snap","Self Repair+1","BootSequence","Capacitor+1","Hologram","Electrodynamics","Conserve Battery","Shame","Hologram"],"special_seed":0,"relics":["Cracked Core","Bird Faced Urn","Question Card","Pantograph","Inserter","Boot","PreservedInsect","Orichalcum"],"potions_floor_usage":[],"damage_taken":[{"damage":3.0,"enemies":"2 Louse","floor":1.0,"turns":2.0},{"damage":4.0,"enemies":"Jaw Worm","floor":3.0,"turns":4.0},{"damage":1.0,"enemies":"Cultist","floor":4.0,"turns":3.0},{"damage":47.0,"enemies":"Gremlin Nob","floor":7.0,"turns":5.0},{"damage":11.0,"enemies":"Blue Slaver","floor":11.0,"turns":3.0},{"damage":25.0,"enemies":"3 Sentries","floor":12.0,"turns":7.0},{"damage":2.0,"enemies":"Looter","floor":13.0,"turns":3.0},{"damage":7.0,"enemies":"3 Louse","floor":14.0,"turns":4.0},{"damage":37.0,"enemies":"Slime Boss","floor":16.0,"turns":9.0},{"damage":20.0,"enemies":"3 Byrds","floor":18.0,"turns":4.0},{"damage":44.0,"enemies":"2 Thieves","floor":20.0,"turns":5.0},{"damage":39,"enemies":"Book of Stabbing","floor":23,"turns":4}],"seed_played":"3473180667654142389","potions_obtained":[{"floor":4.0,"key":"PowerPotion"},{"floor":7.0,"key":"Poison Potion"},{"floor":13.0,"key":"Dexterity Potion"},{"floor":14.0,"key":"FearPotion"}],"is_trial":false,"path_per_floor":["M","?","M","M","$","R","E","?","T","R","M","E","M","M","R","B",null,"M","?","M","$","?","E"],"character_chosen":"DEFECT","items_purchased":["PreservedInsect","Orichalcum"],"campfire_rested":1,"item_purchase_floors":[21,21],"current_hp_per_floor":[68,57,53,52,52,52,5,5,5,28,29,16,26,31,31,33,67,61,61,31,31,31,0],"gold":11,"neow_bonus":"TEN_PERCENT_HP_BONUS","is_prod":false,"is_daily":false,"chose_seed":false,"campfire_upgraded":2,"win_rate":0,"timestamp":1557738167,"path_taken":["M","?","M","M","$","R","E","?","T","R","M","E","M","M","R","BOSS","M","?","M","$","?","E"],"build_version":"2019-01-23","purchased_purges":1,"victory":false,"max_hp_per_floor":[78,78,78,78,78,78,78,78,78,78,78,78,78,78,78,78,78,78,78,78,78,78,78],"card_choices":[{"not_picked":["Double Energy","Barrage"],"picked":"Ball Lightning","floor":1.0},{"not_picked":["Leap","Melter"],"picked":"Consume","floor":3.0},{"not_picked":["Ball Lightning","Undo"],"picked":"Cold Snap","floor":4.0},{"not_picked":["Ball Lightning","Barrage"],"picked":"Self Repair","floor":7.0},{"not_picked":["Heatsinks","Blizzard","Force Field","Sweeping Beam"],"picked":"SKIP","floor":11.0},{"not_picked":["Beam Cell","Scrape","Streamline"],"picked":"BootSequence","floor":12.0},{"not_picked":["Compile Driver","Barrage","Recycle"],"picked":"Capacitor","floor":13.0},{"not_picked":["Melter","Go for the Eyes","Beam Cell"],"picked":"Hologram","floor":14.0},{"not_picked":["Rainbow","Amplify","Reboot"],"picked":"Electrodynamics","floor":16.0},{"not_picked":["Storm","Turbo","Streamline"],"picked":"Conserve Battery","floor":18.0},{"not_picked":["Turbo","Chaos","Static Discharge"],"picked":"Hologram","floor":20.0}],"player_experience":1327942,"relics_obtained":[{"floor":7.0,"key":"Bird Faced Urn"},{"floor":9.0,"key":"Question Card"},{"floor":12.0,"key":"Pantograph"}],"event_choices":[{"damage_healed":0.0,"max_hp_gain":0.0,"max_hp_loss":0.0,"gold_gain":75.0,"event_name":"World of Goop","player_choice":"Gather Gold","floor":2.0,"gold_loss":0.0,"damage_taken":11.0},{"damage_healed":0.0,"max_hp_gain":0.0,"max_hp_loss":0.0,"gold_gain":0.0,"event_name":"Living Wall","player_choice":"Grow","floor":8.0,"gold_loss":0.0,"damage_taken":0.0,"cards_upgraded":["Self Repair"]},{"damage_healed":0.0,"max_hp_gain":0.0,"max_hp_loss":0.0,"gold_gain":0.0,"event_name":"Addict","player_choice":"Stole Relic","floor":19.0,"gold_loss":0.0,"damage_taken":0.0,"relics_obtained":["Boot"],"cards_obtained":["Shame"]},{"damage_healed":0.0,"max_hp_gain":0.0,"max_hp_loss":0.0,"gold_gain":0.0,"event_name":"WeMeetAgain","player_choice":"Ignored","floor":22.0,"gold_loss":0.0,"damage_taken":0.0}],"is_beta":false,"boss_relics":[{"not_picked":["Calling Bell","Eternal Feather"],"picked":"Inserter"}],"items_purged_floors":[5],"is_endless":false,"potions_floor_spawned":[4,7,13,14],"killed_by":"Book of Stabbing","ascension_level":20}