{"gold_per_floor":[112,132,132,282,282,282,613,629,629,94,135,56,21,36,36,129,129,142,142],"floor_reached":19,"playtime":1014,"items_purged":["Strike_B"],"score":341,"play_id":"3e3274c3-853f-489a-95c9-16c867ed022a","local_time":"20190506160750","is_ascension_mode":true,"campfire_choices":[{"data":"Doom and Gloom","floor":6.0,"key":"SMITH"},{"data":"Coolheaded","floor":15.0,"key":"SMITH"}],"neow_cost":"NONE","seed_source_timestamp":3044640450709875,"circlet_count":0,"master_deck":["AscendersBane","Strike_B","Strike_B","Strike_B","Defend_B","Defend_B","Defend_B","Defend_B","Zap","Dualcast","Doom and Gloom+1","Auto Shields","Coolheaded+1","Compile Driver","Consume","Redo","Undo","Steam","Seek","Hologram"],"special_seed":0,"relics":["Cracked Core","Golden Idol","Old Coin","Girya","PreservedInsect","Bag of Preparation","Frozen Egg 2","Nuclear Battery"],"potions_floor_usage":[19,19],"damage_taken":[{"damage":4.0,"enemies":"Small Slimes","floor":1.0,"turns":3.0},{"damage":0.0,"enemies":"2 Louse","floor":2.0,"turns":2.0},{"damage":20.0,"enemies":"3 Sentries","floor":7.0,"turns":7.0},{"damage":7.0,"enemies":"Jaw Worm","floor":8.0,"turns":3.0},{"damage":2.0,"enemies":"Lagavulin","floor":11.0,"turns":5.0},{"damage":0.0,"enemies":"Lots of Slimes","floor":14.0,"turns":1.0},{"damage":54,"enemies":"Slime Boss","floor":16,"turns":13},{"damage":18,"enemies":"Chosen","floor":18,"turns":6},{"damage":11,"enemies":"Colosseum Slavers","floor":19,"turns":4},{"damage":33,"enemies":"Colosseum Nobs","floor":19,"turns":3}],"seed_played":"-4293055518312795006","potions_obtained":[{"floor":0.0,"key":"SteroidPotion"},{"floor":0.0,"key":"EntropicBrew"},{"floor":7.0,"key":"Energy Potion"},{"floor":8.0,"key":"LiquidBronze"}],"is_trial":false,"path_per_floor":["M","M","?","?","?","R","E","M","T","$","E","$","?","M","R","B",null,"M","?"],"character_chosen":"DEFECT","items_purchased":["PreservedInsect","Bag of Preparation","Compile Driver","Consume","Undo"],"campfire_rested":0,"item_purchase_floors":[10,10,10,10,12],"current_hp_per_floor":[60,60,60,60,60,60,54,47,47,47,45,45,61,61,61,7,50,32,0],"gold":142,"neow_bonus":"THREE_SMALL_POTIONS","is_prod":false,"is_daily":false,"chose_seed":false,"campfire_upgraded":2,"win_rate":0,"timestamp":1557137270,"path_taken":["M","M","?","?","?","R","E","?","T","$","E","$","?","M","R","BOSS","M","?"],"build_version":"2019-01-23","purchased_purges":1,"victory":false,"max_hp_per_floor":[71,71,64,64,64,64,64,64,64,64,64,64,64,64,64,64,64,64,64],"card_choices":[{"not_picked":["Darkness","Beam Cell"],"picked":"Doom and Gloom","floor":1.0},{"not_picked":["Ball Lightning","White Noise"],"picked":"Auto Shields","floor":2.0},{"not_picked":["Streamline","Steam Power","Sunder"],"picked":"SKIP","floor":7.0},{"not_picked":["Auto Shields","Hello World"],"picked":"Coolheaded","floor":8.0},{"not_picked":["FTL","Coolheaded"],"picked":"Redo","floor":11.0},{"not_picked":["Doom and Gloom","Redo"],"picked":"Steam","floor":14.0},{"not_picked":["Buffer+1","All For One"],"picked":"Seek","floor":16},{"not_picked":["Stack","Leap"],"picked":"Hologram","floor":18}],"player_experience":1299688,"relics_obtained":[{"floor":7.0,"key":"Old Coin"},{"floor":9.0,"key":"Girya"},{"floor":11.0,"key":"Frozen Egg 2"}],"event_choices":[{"damage_healed":0.0,"max_hp_gain":0.0,"max_hp_loss":7.0,"gold_gain":0.0,"event_name":"Golden Idol","player_choice":"Lose Max HP","floor":3.0,"gold_loss":0.0,"damage_taken":0.0,"relics_obtained":["Golden Idol"]},{"damage_healed":0.0,"max_hp_gain":0.0,"max_hp_loss":0.0,"gold_gain":150.0,"event_name":"Liars Game","player_choice":"AGREE","floor":4.0,"gold_loss":0.0,"damage_taken":0.0,"cards_obtained":["Doubt"]},{"cards_removed":["Doubt"],"damage_healed":0.0,"max_hp_gain":0.0,"max_hp_loss":0.0,"gold_gain":0.0,"event_name":"Fountain of Cleansing","player_choice":"Removed Curses","floor":5.0,"gold_loss":0.0,"damage_taken":0.0},{"damage_healed":16.0,"max_hp_gain":0.0,"max_hp_loss":0.0,"gold_gain":0.0,"event_name":"The Cleric","player_choice":"Healed","floor":13.0,"gold_loss":35.0,"damage_taken":0.0},{"damage_healed":0,"gold_gain":0,"player_choice":"Fight","damage_taken":0,"max_hp_gain":0,"max_hp_loss":0,"event_name":"Colosseum","floor":19,"gold_loss":0},{"damage_healed":0,"gold_gain":0,"player_choice":"Fought Nobs","damage_taken":0,"max_hp_gain":0,"max_hp_loss":0,"event_name":"Colosseum","floor":19,"gold_loss":0}],"is_beta":false,"boss_relics":[{"not_picked":["Ectoplasm","Fusion Hammer"],"picked":"Nuclear Battery"}],"items_purged_floors":[10],"is_endless":false,"potions_floor_spawned":[7,8,11,18,19],"killed_by":"Colosseum Nobs","ascension_level":19}