{"gold_per_floor":[115,128,138,155,165,165,200,200,282,282,310,310,344,344,344,442,442,425,425,439,29,29,29,5,32,32,32,32,46,78,98,98,200,200,218,21,31,48,48,48,58,58,58,58,76,176,176,202,202,202],"floor_reached":51,"playtime":5620,"items_purged":[],"score":1248,"play_id":"cf7c0285-64f4-4717-9e8a-c522b3ea7d7b","local_time":"20190508192457","is_ascension_mode":true,"campfire_choices":[{"data":"Neutralize","floor":6.0,"key":"SMITH"},{"floor":8.0,"key":"REST"},{"floor":10.0,"key":"REST"},{"floor":12.0,"key":"REST"},{"floor":15.0,"key":"REST"},{"data":"A Thousand Cuts","floor":23.0,"key":"SMITH"},{"floor":27.0,"key":"REST"},{"floor":32.0,"key":"REST"},{"data":"Blade Dance","floor":40.0,"key":"SMITH"},{"data":"All Out Attack","floor":44.0,"key":"SMITH"},{"data":"Finisher","floor":49.0,"key":"SMITH"}],"neow_cost":"TEN_PERCENT_HP_LOSS","seed_source_timestamp":3223645393788593,"circlet_count":0,"master_deck":["AscendersBane","Defend_G","Defend_G","Defend_G","Defend_G","Defend_G","Strike_G","Strike_G","Survivor","Neutralize+1","Quick Slash","Well Laid Plans+1","Blade Dance+1","Dagger Throw","Backflip","All Out Attack+1","Storm of Steel+1","Acrobatics+1","A Thousand Cuts+1","Venomology+1","Leg Sweep+1","Well Laid Plans+1","Blade Dance+1","Writhe","Crippling Poison+1","Dodge and Roll+1","Bandage Up+1","Calculated Gamble+1","Ghostly+1","Ghostly+1","Ghostly+1","Ghostly+1","Ghostly+1","Cloak And Dagger+1","Deflect+1","Deflect+1","Burst+1","Backflip+1","Deflect+1","Distraction+1","Parasite","Deflect+1","Deadly Poison+1","Finisher+1","Deadly Poison+1"],"special_seed":0,"relics":["Ring of the Snake","Nunchaku","Bag of Preparation","Toxic Egg 2","Torii","Juzu Bracelet","Astrolabe","WingedGreaves","Kunai","Bottled Lightning","Dodecahedron","Blood Vial","Strawberry","Mummified Hand","Thread and Needle","Snake Skull"],"potions_floor_usage":[50,50,50],"damage_taken":[{"damage":0.0,"enemies":"Small Slimes","floor":1.0,"turns":7.0},{"damage":19.0,"enemies":"Jaw Worm","floor":2.0,"turns":7.0},{"damage":0.0,"enemies":"Cultist","floor":3.0,"turns":3.0},{"damage":5.0,"enemies":"Red Slaver","floor":4.0,"turns":5.0},{"damage":1.0,"enemies":"Looter","floor":5.0,"turns":4.0},{"damage":23.0,"enemies":"3 Sentries","floor":7.0,"turns":10.0},{"damage":35.0,"enemies":"Lagavulin","floor":11.0,"turns":9.0},{"damage":7.0,"enemies":"3 Sentries","floor":13.0,"turns":3.0},{"damage":43.0,"enemies":"Hexaghost","floor":16.0,"turns":15.0},{"damage":23.0,"enemies":"2 Thieves","floor":18.0,"turns":4.0},{"damage":7.0,"enemies":"3 Byrds","floor":20.0,"turns":5.0},{"damage":14.0,"enemies":"Gremlin Leader","floor":25.0,"turns":7.0},{"damage":12.0,"enemies":"Centurion and Healer","floor":29.0,"turns":8.0},{"damage":18.0,"enemies":"Book of Stabbing","floor":30.0,"turns":8.0},{"damage":1.0,"enemies":"Chosen and Byrds","floor":31.0,"turns":7.0},{"damage":30.0,"enemies":"Champ","floor":33.0,"turns":18.0},{"damage":2.0,"enemies":"3 Shapes","floor":35.0,"turns":6.0},{"damage":3.0,"enemies":"3 Darklings","floor":37.0,"turns":8.0},{"damage":3.0,"enemies":"Transient","floor":38.0,"turns":5.0},{"damage":2.0,"enemies":"Writhing Mass","floor":41.0,"turns":10.0},{"damage":2.0,"enemies":"Jaw Worm Horde","floor":45.0,"turns":6.0},{"damage":0.0,"enemies":"Mind Bloom Boss Battle","floor":46.0,"turns":8.0},{"damage":0.0,"enemies":"Nemesis","floor":48.0,"turns":9.0},{"damage":34,"enemies":"Time Eater","floor":50,"turns":17}],"seed_played":"-676764959838323474","potions_obtained":[{"floor":3.0,"key":"SkillPotion"},{"floor":4.0,"key":"SmokeBomb"},{"floor":11.0,"key":"Explosive Potion"},{"floor":30.0,"key":"Poison Potion"},{"floor":31.0,"key":"AttackPotion"},{"floor":33.0,"key":"Weak Potion"},{"floor":46.0,"key":"Strength Potion"},{"floor":47.0,"key":"PowerPotion"},{"floor":48.0,"key":"SteroidPotion"}],"is_trial":false,"path_per_floor":["M","M","M","M","M","R","E","R","T","R","E","R","E","?","R","B",null,"M","?","M","$","?","R","$","E","T","R","?","M","E","M","R","B",null,"M","$","M","M","?","R","M","?","T","R","M","?","?","E","R","B",null],"character_chosen":"THE_SILENT","items_purchased":["Kunai","Dodge and Roll+1","Bandage Up+1","Calculated Gamble+1","Cloak And Dagger+1","Strawberry","Deflect+1"],"campfire_rested":6,"item_purchase_floors":[21,21,21,21,24,36,36],"current_hp_per_floor":[63,44,44,39,38,38,15,33,33,51,16,34,27,32,52,9,53,30,30,35,35,34,34,34,20,20,30,30,24,12,19,29,17,30,34,41,41,41,41,41,41,41,41,41,39,41,41,41,41,9],"gold":202,"neow_bonus":"ONE_RARE_RELIC","is_prod":false,"is_daily":false,"chose_seed":false,"campfire_upgraded":5,"win_rate":0,"timestamp":1557321897,"path_taken":["M","M","M","M","M","R","E","R","T","R","E","R","E","?","R","BOSS","M","?","M","$","?","R","?","E","T","R","?","M","E","M","R","BOSS","M","$","M","M","?","R","M","?","T","R","M","?","?","E","R","BOSS"],"build_version":"2019-01-23","purchased_purges":0,"victory":true,"max_hp_per_floor":[63,63,63,63,63,63,63,63,63,63,63,63,63,68,68,68,68,68,68,68,68,34,34,34,34,34,34,34,34,34,34,34,34,34,34,41,41,41,41,41,41,41,41,41,41,41,41,41,41,41],"card_choices":[{"not_picked":["Blur","Dodge and Roll"],"picked":"Quick Slash","floor":1.0},{"not_picked":["Deflect","Acrobatics"],"picked":"Well Laid Plans","floor":2.0},{"not_picked":["Setup","Tactician"],"picked":"Blade Dance","floor":3.0},{"not_picked":["Dodge and Roll","Sucker Punch"],"picked":"Dagger Throw","floor":4.0},{"not_picked":["Riddle With Holes","Slice"],"picked":"Backflip","floor":5.0},{"not_picked":["Setup","Flying Knee"],"picked":"All Out Attack","floor":7.0},{"not_picked":["Setup+1","Heel Hook"],"picked":"Storm of Steel+1","floor":11.0},{"not_picked":["Dagger Throw","Sucker Punch"],"picked":"Acrobatics+1","floor":13.0},{"not_picked":["Doppelganger+1","Unload"],"picked":"A Thousand Cuts","floor":16.0},{"not_picked":["Slice","Backflip+1"],"picked":"Blade Dance+1","floor":18.0},{"not_picked":["Dagger Throw","Underhanded Strike"],"picked":"Crippling Poison+1","floor":20.0},{"not_picked":["Terror+1","All Out Attack+1"],"picked":"Grand Finale","floor":25.0},{"not_picked":["Sucker Punch","Acrobatics+1","Poisoned Stab"],"picked":"SKIP","floor":29.0},{"not_picked":["Dash","Storm of Steel+1"],"picked":"Deflect+1","floor":30.0},{"not_picked":["Outmaneuver+1","Deadly Poison+1"],"picked":"Deflect+1","floor":31.0},{"not_picked":["Unload","Tools of the Trade"],"picked":"Burst+1","floor":33.0},{"not_picked":["Acrobatics+1","Flying Knee"],"picked":"Backflip+1","floor":35.0},{"not_picked":["All Out Attack","Slice","Riddle With Holes"],"picked":"SKIP","floor":37.0},{"not_picked":["Tactician+1","Deadly Poison+1"],"picked":"Distraction+1","floor":38.0},{"not_picked":["Deadly Poison+1","Dagger Throw"],"picked":"Deflect+1","floor":41.0},{"not_picked":["Bullet Time+1","Quick Slash"],"picked":"Deadly Poison+1","floor":45.0},{"not_picked":["Sucker Punch","Underhanded Strike+1"],"picked":"Finisher","floor":46.0},{"not_picked":["Finisher","Accuracy+1"],"picked":"Deadly Poison+1","floor":48.0}],"player_experience":1316977,"relics_obtained":[{"floor":7.0,"key":"Bag of Preparation"},{"floor":9.0,"key":"Toxic Egg 2"},{"floor":11.0,"key":"Torii"},{"floor":13.0,"key":"Juzu Bracelet"},{"floor":25.0,"key":"Bottled Lightning"},{"floor":26.0,"key":"Dodecahedron"},{"floor":30.0,"key":"Blood Vial"},{"floor":43.0,"key":"Mummified Hand"},{"floor":46.0,"key":"Thread and Needle"},{"floor":48.0,"key":"Snake Skull"}],"event_choices":[{"damage_healed":0.0,"max_hp_gain":5.0,"max_hp_loss":0.0,"gold_gain":0.0,"event_name":"Big Fish","player_choice":"Donut","floor":14.0,"gold_loss":0.0,"damage_taken":0.0},{"damage_healed":0.0,"max_hp_gain":0.0,"max_hp_loss":0.0,"gold_gain":0.0,"event_name":"The Mausoleum","player_choice":"Opened","floor":19.0,"gold_loss":0.0,"damage_taken":0.0,"relics_obtained":["WingedGreaves"],"cards_obtained":["Writhe"]},{"damage_healed":0.0,"max_hp_gain":0.0,"max_hp_loss":34.0,"gold_gain":0.0,"event_name":"Ghosts","player_choice":"Became a Ghost","floor":22.0,"gold_loss":0.0,"damage_taken":0.0,"cards_obtained":["Ghostly","Ghostly","Ghostly","Ghostly","Ghostly"]},{"damage_healed":0.0,"max_hp_gain":0.0,"max_hp_loss":0.0,"gold_gain":0.0,"event_name":"Upgrade Shrine","player_choice":"Upgraded","floor":28.0,"gold_loss":0.0,"damage_taken":0.0,"cards_upgraded":["Well Laid Plans"]},{"damage_healed":0.0,"max_hp_gain":0.0,"max_hp_loss":0.0,"gold_gain":0.0,"event_name":"Mysterious Sphere","player_choice":"Ignored","floor":39.0,"gold_loss":0.0,"damage_taken":0.0},{"cards_removed":["Grand Finale"],"damage_healed":0.0,"max_hp_gain":0.0,"max_hp_loss":0.0,"gold_gain":0.0,"event_name":"Falling","player_choice":"Removed Attack","floor":42.0,"gold_loss":0.0,"damage_taken":0.0},{"damage_healed":0.0,"max_hp_gain":0.0,"max_hp_loss":0.0,"gold_gain":0.0,"event_name":"MindBloom","player_choice":"Fight","floor":46.0,"gold_loss":0.0,"damage_taken":0.0},{"damage_healed":0.0,"max_hp_gain":0.0,"max_hp_loss":0.0,"gold_gain":0.0,"event_name":"Lab","player_choice":"Got Potions","floor":47.0,"gold_loss":0.0,"damage_taken":0.0}],"is_beta":false,"boss_relics":[{"not_picked":["Velvet Choker","Fusion Hammer"],"picked":"Astrolabe"},{"not_picked":["Eternal Feather","Philosopher\u0027s Stone","Calling Bell"]}],"items_purged_floors":[],"is_endless":false,"potions_floor_spawned":[3,4,11,30,31,33,35,46,48],"ascension_level":12}