{"gold_per_floor":[364,237,251,251,263,275,301,347,359,390,436,133,83,97,97,199,199,213,213,19,36,70,96,96,96,148,148,183,183,212,231,231,327,327,346,99,118,118,171,232,232,260,310,321,333,358,358,378,378,378],"floor_reached":51,"playtime":1982,"items_purged":["Strike_R","Strike_R","Strike_R","Strike_R"],"score":929,"play_id":"d7ffcc42-c629-494e-8fd7-e6798bf4e935","local_time":"20190526131835","is_ascension_mode":true,"campfire_choices":[{"data":"Bash","floor":6.0,"key":"SMITH"},{"data":"Spot Weakness","floor":15.0,"key":"SMITH"},{"floor":24.0,"key":"REST"},{"floor":29.0,"key":"REST"},{"floor":32.0,"key":"REST"},{"floor":41.0,"key":"REST"},{"floor":47,"key":"RECALL"},{"floor":49,"key":"REST"}],"neow_cost":"PERCENT_DAMAGE","seed_source_timestamp":55451725826100,"circlet_count":0,"master_deck":["Defend_R","Defend_R","Defend_R","Defend_R","Bash+1","Clothesline","Sword Boomerang","Rage","Thunderclap","Disarm","Pummel","Spot Weakness+1","Limit Break+1","Spot Weakness","Dropkick+1","Reaper","Disarm","Whirlwind","Fiend Fire","Evolve+1","Disarm+1","Battle Trance","Sword Boomerang+1","Heavy Blade+1","Limit Break"],"special_seed":0,"relics":["Burning Blood","MawBank","Smiling Mask","Lantern","Bottled Flame","Champion Belt","Chemical X","Fusion Hammer","Blood Vial","Red Mask","Bag of Marbles","Omamori","Turnip","Oddly Smooth Stone","Mark of Pain","Anchor","Du-Vu Doll","Tiny Chest","Pen Nib","Bronze Scales","Bag of Preparation"],"potions_floor_usage":[48],"damage_taken":[{"damage":5.0,"enemies":"Small Slimes","floor":1.0,"turns":5.0},{"damage":4.0,"enemies":"Jaw Worm","floor":3.0,"turns":5.0},{"damage":0.0,"enemies":"Cultist","floor":7.0,"turns":3.0},{"damage":24.0,"enemies":"3 Sentries","floor":8.0,"turns":11.0},{"damage":15.0,"enemies":"2 Fungi Beasts","floor":10.0,"turns":4.0},{"damage":23.0,"enemies":"Lagavulin","floor":11.0,"turns":6.0},{"damage":0.0,"enemies":"Looter","floor":14.0,"turns":2.0},{"damage":15.0,"enemies":"Hexaghost","floor":16.0,"turns":11.0},{"damage":0.0,"enemies":"3 Byrds","floor":18.0,"turns":5.0},{"damage":0.0,"enemies":"Chosen","floor":21.0,"turns":4.0},{"damage":17.0,"enemies":"Masked Bandits","floor":22.0,"turns":4.0},{"damage":26.0,"enemies":"Book of Stabbing","floor":23.0,"turns":5.0},{"damage":15.0,"enemies":"Slavers","floor":28.0,"turns":3.0},{"damage":13.0,"enemies":"Book of Stabbing","floor":30.0,"turns":4.0},{"damage":10.0,"enemies":"Snecko","floor":31.0,"turns":4.0},{"damage":20.0,"enemies":"Automaton","floor":33.0,"turns":5.0},{"damage":14.0,"enemies":"3 Darklings","floor":35.0,"turns":3.0},{"damage":13.0,"enemies":"Orb Walker","floor":37.0,"turns":4.0},{"damage":0.0,"enemies":"2 Orb Walkers","floor":39.0,"turns":2.0},{"damage":34.0,"enemies":"Reptomancer","floor":40.0,"turns":5.0},{"damage":11.0,"enemies":"Nemesis","floor":42.0,"turns":5.0},{"damage":12.0,"enemies":"Transient","floor":44.0,"turns":5.0},{"damage":3.0,"enemies":"Writhing Mass","floor":45.0,"turns":3.0},{"damage":5,"enemies":"Reptomancer","floor":46,"turns":4},{"damage":93,"enemies":"4 Shapes","floor":48,"turns":11},{"damage":43,"enemies":"Time Eater","floor":50,"turns":10}],"seed_played":"-327661877794471109","potions_obtained":[{"floor":1.0,"key":"Weak Potion"},{"floor":7.0,"key":"BloodPotion"},{"floor":10.0,"key":"Regen Potion"},{"floor":11.0,"key":"Ancient Potion"},{"floor":22.0,"key":"Block Potion"},{"floor":28.0,"key":"EntropicBrew"},{"floor":44.0,"key":"Explosive Potion"},{"floor":46,"key":"SpeedPotion"},{"floor":48,"key":"SpeedPotion"}],"is_trial":false,"path_per_floor":["M","$","M","?","T","R","M","E","T","M","E","$","?","M","R","B",null,"M","?","$","M","?","E","R","?","T","?","E","R","E","M","R","B",null,"M","$","M","?","?","E","R","E","T","M","M","E","R","M","R","B",null],"character_chosen":"IRONCLAD","items_purchased":["Sword Boomerang","Spot Weakness","Chemical X","Blood Vial","Anchor","SteroidPotion"],"campfire_rested":5,"item_purchase_floors":[2,12,12,20,36,36],"current_hp_per_floor":[57,57,59,47,47,47,53,35,35,26,24,24,24,30,30,21,80,80,80,80,80,69,51,75,60,60,85,76,85,78,76,85,71,85,77,77,72,72,81,71,81,76,76,81,81,81,81,22,46,35],"gold":378,"neow_bonus":"TWO_FIFTY_GOLD","is_prod":false,"is_daily":false,"chose_seed":false,"campfire_upgraded":2,"win_rate":0,"timestamp":1558869515,"path_taken":["M","$","M","?","?","R","?","E","T","M","E","$","?","M","R","BOSS","M","?","?","?","?","E","R","?","T","?","E","R","E","?","R","BOSS","M","$","M","?","?","E","R","E","T","M","M","E","R","M","R","BOSS"],"build_version":"2019-01-23","purchased_purges":4,"victory":true,"max_hp_per_floor":[80,80,80,80,80,80,80,80,80,80,80,80,80,80,80,80,80,80,80,80,80,80,80,80,85,85,85,85,85,85,85,85,85,85,85,85,85,81,81,81,81,81,81,81,81,81,81,81,81,81],"card_choices":[{"not_picked":["Evolve","Corruption"],"picked":"Clothesline","floor":1.0},{"not_picked":["True Grit","Burning Pact"],"picked":"Rage","floor":3.0},{"not_picked":["Sentinel","Rupture"],"picked":"Thunderclap","floor":7.0},{"not_picked":["Heavy Blade","Burning Pact"],"picked":"Disarm","floor":8.0},{"not_picked":["Seeing Red","Heavy Blade"],"picked":"Dropkick","floor":10.0},{"not_picked":["Armaments","Corruption"],"picked":"Pummel","floor":11.0},{"not_picked":["Pommel Strike","Havoc","Sword Boomerang"],"picked":"SKIP","floor":14.0},{"not_picked":["Exhume","Bludgeon"],"picked":"Limit Break","floor":16.0},{"not_picked":["Inflame","True Grit","Clothesline+1"],"picked":"SKIP","floor":18.0},{"not_picked":["Power Through","Wild Strike+1","Iron Wave"],"picked":"SKIP","floor":21.0},{"not_picked":["Wild Strike+1","Corruption+1"],"picked":"Spot Weakness","floor":22.0},{"not_picked":["Twin Strike+1","Armaments"],"picked":"Dropkick+1","floor":23.0},{"not_picked":["Ghostly Armor","Sword Boomerang"],"picked":"Reaper","floor":28.0},{"not_picked":["Intimidate+1","Warcry"],"picked":"Disarm","floor":30.0},{"not_picked":["Pommel Strike","Body Slam+1"],"picked":"Whirlwind","floor":31.0},{"not_picked":["Impervious","Brutality"],"picked":"Fiend Fire","floor":33.0},{"not_picked":["True Grit+1","Combust"],"picked":"Evolve+1","floor":35.0},{"not_picked":["Warcry","Carnage"],"picked":"Disarm+1","floor":37.0},{"not_picked":["Iron Wave","Clothesline+1"],"picked":"Battle Trance","floor":39.0},{"not_picked":["Blood for Blood","Dropkick"],"picked":"Sword Boomerang+1","floor":40.0},{"not_picked":["Iron Wave","Rampage+1","Clash+1"],"picked":"SKIP","floor":42.0},{"not_picked":["Pummel","Pommel Strike"],"picked":"Heavy Blade+1","floor":44.0},{"not_picked":["Armaments","Wild Strike+1","Havoc"],"picked":"SKIP","floor":45.0},{"not_picked":["Warcry","Searing Blow+1","Havoc"],"picked":"SKIP","floor":46},{"not_picked":["Clash","Pommel Strike+1"],"picked":"Limit Break","floor":48}],"player_experience":19376,"relics_obtained":[{"floor":5.0,"key":"Smiling Mask"},{"floor":8.0,"key":"Lantern"},{"floor":9.0,"key":"Bottled Flame"},{"floor":11.0,"key":"Champion Belt"},{"floor":22.0,"key":"Red Mask"},{"floor":23.0,"key":"Bag of Marbles"},{"floor":26.0,"key":"Omamori"},{"floor":28.0,"key":"Turnip"},{"floor":30.0,"key":"Oddly Smooth Stone"},{"floor":39.0,"key":"Du-Vu Doll"},{"floor":40.0,"key":"Tiny Chest"},{"floor":42.0,"key":"Pen Nib"},{"floor":43.0,"key":"Bronze Scales"},{"floor":46,"key":"Bag of Preparation"}],"event_choices":[{"damage_healed":0.0,"max_hp_gain":0.0,"max_hp_loss":0.0,"gold_gain":0.0,"event_name":"Scrap Ooze","player_choice":"Success","floor":4.0,"gold_loss":0.0,"damage_taken":12.0,"relics_obtained":["MawBank"]},{"cards_removed":["Strike_R"],"damage_healed":0.0,"max_hp_gain":0.0,"max_hp_loss":0.0,"gold_gain":0.0,"event_name":"The Cleric","player_choice":"Card Removal","floor":13.0,"gold_loss":50.0,"damage_taken":0.0},{"damage_healed":0.0,"max_hp_gain":0.0,"max_hp_loss":0.0,"gold_gain":0.0,"event_name":"Upgrade Shrine","player_choice":"Upgraded","floor":19.0,"gold_loss":0.0,"damage_taken":0.0,"cards_upgraded":["Limit Break"]},{"damage_healed":0.0,"max_hp_gain":0.0,"max_hp_loss":0.0,"gold_gain":0.0,"event_name":"Masked Bandits","player_choice":"Fought Bandits","floor":22.0,"gold_loss":0.0,"damage_taken":0.0},{"damage_healed":0.0,"max_hp_gain":5.0,"max_hp_loss":0.0,"gold_gain":0.0,"event_name":"Forgotten Altar","player_choice":"Shed Blood","floor":25.0,"gold_loss":0.0,"damage_taken":20.0},{"cards_removed":["Dropkick"],"damage_healed":25.0,"max_hp_gain":0.0,"max_hp_loss":0.0,"gold_gain":0.0,"event_name":"Bonfire Elementals","player_choice":"Offered Uncommon","floor":27.0,"gold_loss":0.0,"damage_taken":0.0},{"damage_healed":0.0,"max_hp_gain":0.0,"max_hp_loss":4.0,"gold_gain":0.0,"event_name":"Winding Halls","player_choice":"Max HP","floor":38.0,"gold_loss":0.0,"damage_taken":0.0},{"damage_healed":0.0,"max_hp_gain":0.0,"max_hp_loss":0.0,"gold_gain":0.0,"event_name":"Mysterious Sphere","player_choice":"Fight","floor":39.0,"gold_loss":0.0,"damage_taken":0.0}],"is_beta":false,"boss_relics":[{"not_picked":["Black Star","Black Blood"],"picked":"Fusion Hammer"},{"not_picked":["Orrery","Empty Cage"],"picked":"Mark of Pain"}],"items_purged_floors":[2,12,20,36],"is_endless":false,"potions_floor_spawned":[1,7,10,11,22,28,30,35,44,46,48],"ascension_level":2}