{"gold_per_floor":[114,114,134,33,49,49,84,95,95,430,454,454,464,480,480,554,554,566,582,582,582,70,70,105,118,186,186,205,205,220,230,230,304,304,322,322,322,62,76,76,76,87,87,87,117,134,150,167,167,167,167],"floor_reached":51,"playtime":6199,"items_purged":["Regret","Strike_B"],"score":1447,"play_id":"f71ea48c-5e00-4783-b499-91ce99fea262","local_time":"20190516150439","is_ascension_mode":true,"campfire_choices":[{"data":"Zap","floor":6.0,"key":"SMITH"},{"floor":12.0,"key":"REST"},{"data":"Capacitor","floor":15.0,"key":"SMITH"},{"data":"Dualcast","floor":23.0,"key":"SMITH"},{"floor":27.0,"key":"REST"},{"floor":29.0,"key":"REST"},{"floor":32.0,"key":"REST"},{"data":"Buffer","floor":40.0,"key":"SMITH"},{"data":"Go for the Eyes","floor":44.0,"key":"SMITH"},{"floor":49.0,"key":"REST"}],"neow_cost":"NONE","seed_source_timestamp":3898604023563696,"circlet_count":0,"master_deck":["AscendersBane","Strike_B","Strike_B","Strike_B","Defend_B+1","Defend_B","Defend_B+1","Defend_B","Zap+1","Dualcast+1","Ball Lightning","Gash","Coolheaded+1","Rebound","Static Discharge","Cold Snap","Seek+1","Capacitor+1","All For One","Skim+1","Conserve Battery+1","Hologram+1","Go for the Eyes+1","Master of Strategy+1","Bandage Up+1","Double Energy+1","Cold Snap","Steam Power+1","Buffer+1","Loop+1","Fission+1","Redo+1","Steam+1","Defragment","Beam Cell"],"special_seed":0,"relics":["Cracked Core","Toxic Egg 2","Nunchaku","Dead Branch","Old Coin","Omamori","Nuclear Battery","MutagenicStrength","Oddly Smooth Stone","Bottled Lightning","Philosopher\u0027s Stone","Bag of Marbles","Meat on the Bone","War Paint"],"potions_floor_usage":[],"damage_taken":[{"damage":12.0,"enemies":"Small Slimes","floor":1.0,"turns":4.0},{"damage":9.0,"enemies":"Jaw Worm","floor":3.0,"turns":3.0},{"damage":0.0,"enemies":"2 Louse","floor":5.0,"turns":2.0},{"damage":14.0,"enemies":"3 Sentries","floor":7.0,"turns":6.0},{"damage":14.0,"enemies":"Exordium Wildlife","floor":8.0,"turns":3.0},{"damage":7.0,"enemies":"Gremlin Nob","floor":10.0,"turns":3.0},{"damage":6.0,"enemies":"3 Louse","floor":13.0,"turns":4.0},{"damage":11.0,"enemies":"Red Slaver","floor":14.0,"turns":3.0},{"damage":16.0,"enemies":"The Guardian","floor":16.0,"turns":11.0},{"damage":25.0,"enemies":"Shell Parasite","floor":18.0,"turns":6.0},{"damage":0.0,"enemies":"Chosen","floor":19.0,"turns":2.0},{"damage":28.0,"enemies":"Book of Stabbing","floor":24.0,"turns":5.0},{"damage":9.0,"enemies":"Sentry and Sphere","floor":25.0,"turns":3.0},{"damage":0.0,"enemies":"Snecko","floor":28.0,"turns":2.0},{"damage":30.0,"enemies":"Chosen and Byrds","floor":30.0,"turns":8.0},{"damage":4.0,"enemies":"Snake Plant","floor":31.0,"turns":4.0},{"damage":29.0,"enemies":"Collector","floor":33.0,"turns":11.0},{"damage":0.0,"enemies":"3 Shapes","floor":35.0,"turns":3.0},{"damage":0.0,"enemies":"Orb Walker","floor":39.0,"turns":1.0},{"damage":0.0,"enemies":"Maw","floor":42.0,"turns":7.0},{"damage":0.0,"enemies":"Nemesis","floor":45.0,"turns":5.0},{"damage":3.0,"enemies":"Jaw Worm Horde","floor":46.0,"turns":3.0},{"damage":18.0,"enemies":"Spire Growth","floor":47.0,"turns":4.0},{"damage":0.0,"enemies":"4 Shapes","floor":48.0,"turns":7.0},{"damage":30.0,"enemies":"Donu and Deca","floor":50.0,"turns":8.0},{"damage":56,"enemies":"Awakened One","floor":51,"turns":9}],"seed_played":"-1038213260152099010","potions_obtained":[{"floor":5.0,"key":"Poison Potion"},{"floor":7.0,"key":"Weak Potion"},{"floor":10.0,"key":"PowerPotion"},{"floor":14.0,"key":"Explosive Potion"},{"floor":25.0,"key":"EssenceOfSteel"}],"is_trial":false,"path_per_floor":["M","?","M","$","M","R","E","M","T","E","T","R","M","M","R","B",null,"M","M","?","?","$","R","E","M","T","R","M","R","M","M","R","B",null,"M","?","?","$","M","R","?","M","T","R","E","M","M","M","R","B","B"],"character_chosen":"DEFECT","items_purchased":["Coolheaded+1","Hologram+1","Go for the Eyes","Master of Strategy+1","Bandage Up+1","Double Energy+1","Bag of Marbles"],"campfire_rested":5,"item_purchase_floors":[4,22,22,22,22,22,38],"current_hp_per_floor":[59,59,50,50,50,50,36,22,22,15,15,38,32,21,21,5,60,35,35,51,51,51,51,29,26,26,49,55,78,48,50,73,50,71,77,74,74,74,74,74,74,74,74,74,74,71,56,62,74,44,0],"gold":167,"neow_bonus":"TEN_PERCENT_HP_BONUS","is_prod":false,"is_daily":false,"chose_seed":false,"campfire_upgraded":5,"win_rate":0,"timestamp":1557997479,"path_taken":["M","?","M","$","M","R","E","M","T","E","?","R","M","M","R","BOSS","M","M","?","?","$","R","E","M","T","R","M","R","M","M","R","BOSS","M","?","?","?","M","R","?","M","T","R","E","M","M","?","R","BOSS","BOSS"],"build_version":"2019-01-23","purchased_purges":2,"victory":false,"max_hp_per_floor":[78,78,78,78,78,78,78,78,78,78,78,78,78,78,78,78,78,78,78,78,78,78,78,78,78,78,78,78,78,78,78,78,78,78,78,74,74,74,74,74,74,74,74,74,74,74,74,74,74,74,74],"card_choices":[{"not_picked":["Go for the Eyes","Barrage"],"picked":"Ball Lightning","floor":1.0},{"not_picked":["Self Repair","Leap+1"],"picked":"Gash","floor":3.0},{"not_picked":["Ball Lightning","Go for the Eyes"],"picked":"Rebound","floor":5.0},{"not_picked":["Streamline","Stack+1"],"picked":"Static Discharge","floor":7.0},{"not_picked":["Creative AI","Hologram+1"],"picked":"Cold Snap","floor":8.0},{"not_picked":["Skim+1","Self Repair"],"picked":"Seek+1","floor":10.0},{"not_picked":["Ball Lightning","Turbo+1"],"picked":"Capacitor","floor":13.0},{"not_picked":["Consume+1","Rebound","Stack+1"],"picked":"SKIP","floor":14.0},{"not_picked":["Reboot+1","Core Surge"],"picked":"All For One","floor":16.0},{"not_picked":["Turbo+1","Blizzard"],"picked":"Skim+1","floor":18.0},{"not_picked":["Scrape","Streamline"],"picked":"Conserve Battery+1","floor":19.0},{"not_picked":["Rebound","Heatsinks","Turbo+1"],"picked":"SKIP","floor":24.0},{"not_picked":["Melter","Turbo+1"],"picked":"Cold Snap","floor":25.0},{"not_picked":["Conserve Battery+1","Cold Snap"],"picked":"Steam Power+1","floor":28.0},{"not_picked":["Steam Power+1","Cold Snap"],"picked":"Buffer","floor":30.0},{"not_picked":["Redo+1","Capacitor"],"picked":"Loop+1","floor":31.0},{"not_picked":["Biased Cognition","Rainbow+1"],"picked":"Fission+1","floor":33.0},{"not_picked":["Blizzard+1","Rebound+1","Sweeping Beam"],"picked":"SKIP","floor":35.0},{"not_picked":["Storm+1","Auto Shields+1"],"picked":"Redo+1","floor":39.0},{"not_picked":["Steam Power+1","Skim+1","Leap+1"],"picked":"SKIP","floor":42.0},{"not_picked":["Double Energy+1","Cold Snap+1","Stack+1"],"picked":"SKIP","floor":45.0},{"not_picked":["Chaos+1","Blizzard"],"picked":"Steam+1","floor":46.0},{"not_picked":["Auto Shields+1","Skim+1"],"picked":"Defragment","floor":47.0},{"not_picked":["Leap+1","Rebound"],"picked":"Beam Cell","floor":48.0}],"player_experience":1349877,"relics_obtained":[{"floor":7.0,"key":"Nunchaku"},{"floor":9.0,"key":"Dead Branch"},{"floor":10.0,"key":"Old Coin"},{"floor":11.0,"key":"Omamori"},{"floor":24.0,"key":"Oddly Smooth Stone"},{"floor":26.0,"key":"Bottled Lightning"},{"floor":43.0,"key":"Meat on the Bone"},{"floor":45.0,"key":"War Paint"}],"event_choices":[{"damage_healed":0.0,"max_hp_gain":0.0,"max_hp_loss":0.0,"gold_gain":0.0,"event_name":"Big Fish","player_choice":"Box","floor":2.0,"gold_loss":0.0,"damage_taken":0.0,"relics_obtained":["Toxic Egg 2"],"cards_obtained":["Regret"]},{"damage_healed":16.0,"max_hp_gain":0.0,"max_hp_loss":0.0,"gold_gain":0.0,"event_name":"The Library","player_choice":"Heal","floor":20.0,"gold_loss":0.0,"damage_taken":0.0},{"damage_healed":0.0,"max_hp_gain":0.0,"max_hp_loss":0.0,"gold_gain":0.0,"event_name":"Drug Dealer","player_choice":"Inject Mutagens","floor":21.0,"gold_loss":0.0,"damage_taken":0.0,"relics_obtained":["MutagenicStrength"]},{"damage_healed":0.0,"max_hp_gain":0.0,"max_hp_loss":4.0,"gold_gain":0.0,"event_name":"Winding Halls","player_choice":"Max HP","floor":36.0,"gold_loss":0.0,"damage_taken":0.0},{"damage_healed":0.0,"max_hp_gain":0.0,"max_hp_loss":0.0,"gold_gain":0.0,"event_name":"Mysterious Sphere","player_choice":"Ignored","floor":37.0,"gold_loss":0.0,"damage_taken":0.0},{"damage_healed":0.0,"max_hp_gain":0.0,"max_hp_loss":0.0,"gold_gain":0.0,"event_name":"Lab","player_choice":"Got Potions","floor":41.0,"gold_loss":0.0,"damage_taken":0.0}],"is_beta":false,"boss_relics":[{"not_picked":["Calling Bell","Tiny House"],"picked":"Nuclear Battery"},{"not_picked":["Cursed Key","Black Star"],"picked":"Philosopher\u0027s Stone"}],"items_purged_floors":[4,38],"is_endless":false,"potions_floor_spawned":[5,7,10,14,16,18,25,28,30,31,35,45,46,48],"killed_by":"Awakened One","ascension_level":20}