{"gold_per_floor":[115,128,142,73,73,73,105,105,105,105,119,147,147,147,147,244,244,260,285,312,312,41,41,56,90,117,117,147,166,184,195,195,296,296,306,80,40,59,79,114,114,139,162,182,182,182,182,194,194,194],"floor_reached":51,"playtime":2282,"items_purged":["Strike_G","Strike_G+1"],"score":1104,"play_id":"215a3b32-688d-43b1-a109-e665df2033f1","local_time":"20190530163226","is_ascension_mode":true,"campfire_choices":[{"data":"Dagger Spray","floor":6.0,"key":"SMITH"},{"floor":8.0,"key":"REST"},{"data":"Noxious Fumes","floor":13,"key":"SMITH"},{"floor":15,"key":"REST"},{"data":"Glass Knife","floor":23,"key":"SMITH"},{"data":"Well Laid Plans","floor":27,"key":"SMITH"},{"data":"Neutralize","floor":32,"key":"SMITH"},{"data":"Footwork","floor":41,"key":"SMITH"},{"floor":47,"key":"REST"},{"data":"Survivor","floor":49,"key":"SMITH"}],"neow_cost":"NONE","seed_source_timestamp":78703588801000,"circlet_count":0,"master_deck":["Defend_G+1","Defend_G","Defend_G","Defend_G","Defend_G","Survivor+1","Neutralize+1","Leg Sweep+1","Well Laid Plans+1","Glass Knife+1","PiercingWail+1","Noxious Fumes+1","Dodge and Roll+1","Corpse Explosion+1","Deadly Poison+1","Bullet Time+1","Cloak And Dagger+1","Prepared+1","Die Die Die","Footwork+1","Deflect+1","Backstab+1","Die Die Die","Backstab","Cloak And Dagger+1","Deadly Poison+1","Deadly Poison+1"],"special_seed":0,"relics":["Ring of the Snake","NeowsBlessing","Toxic Egg 2","Tingsha","Bag of Preparation","Question Card","Dream Catcher","Busted Crown","Potion Belt","Anchor","Enchiridion","Lee\u0027s Waffle","Whetstone","Pen Nib","Art of War","Empty Cage","FossilizedHelix","Bronze Scales","Smiling Mask"],"potions_floor_usage":[16,50,50,50,50,50],"damage_taken":[{"damage":0.0,"enemies":"Cultist","floor":1.0,"turns":1.0},{"damage":0.0,"enemies":"Small Slimes","floor":2.0,"turns":1.0},{"damage":0.0,"enemies":"2 Louse","floor":3.0,"turns":1.0},{"damage":51.0,"enemies":"Gremlin Nob","floor":7.0,"turns":6.0},{"damage":6,"enemies":"Large Slime","floor":11,"turns":7},{"damage":9,"enemies":"3 Sentries","floor":12,"turns":7},{"damage":17,"enemies":"The Guardian","floor":16,"turns":8},{"damage":4,"enemies":"Chosen","floor":18,"turns":4},{"damage":0,"enemies":"3 Byrds","floor":24,"turns":3},{"damage":0,"enemies":"Gremlin Leader","floor":25,"turns":7},{"damage":19,"enemies":"Book of Stabbing","floor":28,"turns":6},{"damage":0,"enemies":"Centurion and Healer","floor":29,"turns":2},{"damage":6,"enemies":"Sentry and Sphere","floor":30,"turns":5},{"damage":0,"enemies":"3 Cultists","floor":31,"turns":2},{"damage":19,"enemies":"Collector","floor":33,"turns":7},{"damage":10,"enemies":"3 Darklings","floor":35,"turns":3},{"damage":0,"enemies":"Orb Walker","floor":38,"turns":3},{"damage":0,"enemies":"Maw","floor":39,"turns":8},{"damage":0,"enemies":"Nemesis","floor":40,"turns":9},{"damage":5,"enemies":"Giant Head","floor":42,"turns":11},{"damage":0,"enemies":"Spire Growth","floor":44,"turns":4},{"damage":0,"enemies":"4 Shapes","floor":48,"turns":4},{"damage":18,"enemies":"Time Eater","floor":50,"turns":14}],"seed_played":"-2494387031768615472","potions_obtained":[{"floor":2.0,"key":"Dexterity Potion"},{"floor":7.0,"key":"Weak Potion"},{"floor":12,"key":"SkillPotion"},{"floor":16,"key":"GamblersBrew"},{"floor":24,"key":"Ancient Potion"},{"floor":29,"key":"Regen Potion"},{"floor":33,"key":"Block Potion"},{"floor":39,"key":"SpeedPotion"},{"floor":44,"key":"PowerPotion"}],"is_trial":false,"path_per_floor":["M","M","M","$","?","R","E","R","T","?","M","E","R","?","R","B",null,"M","T","T","?","$","R","M","E","T","R","E","M","M","M","R","B",null,"M","$","?","M","M","E","R","E","T","M","?","?","R","M","R","B",null],"character_chosen":"THE_SILENT","items_purchased":["Well Laid Plans","Lee\u0027s Waffle","Footwork","Deflect+1"],"campfire_rested":3,"item_purchase_floors":[4,22,36,36],"current_hp_per_floor":[63,63,63,63,60,60,9,30,30,35,29,20,20,20,42,25,63,59,59,59,43,82,82,82,82,82,82,63,63,57,57,57,38,71,61,61,61,61,61,61,61,56,56,56,56,56,80,80,80,64],"gold":194,"neow_bonus":"THREE_ENEMY_KILL","is_prod":false,"is_daily":false,"chose_seed":false,"campfire_upgraded":7,"win_rate":0,"timestamp":1559226746,"path_taken":["M","?","M","$","?","R","E","R","T","?","M","E","R","?","R","BOSS","M","?","?","?","$","R","M","E","T","R","E","?","?","M","R","BOSS","M","$","?","?","M","E","R","E","T","M","?","?","R","?","R","BOSS"],"build_version":"2019-01-23","purchased_purges":2,"victory":true,"max_hp_per_floor":[70,70,70,70,70,70,70,70,70,75,75,75,75,75,75,75,75,75,75,75,75,82,82,82,82,82,82,82,82,82,82,82,82,82,82,82,82,82,82,82,82,82,82,82,82,82,82,82,82,82],"card_choices":[{"not_picked":["Bane","Underhanded Strike","Accuracy"],"picked":"SKIP","floor":1.0},{"not_picked":["Terror","Outmaneuver"],"picked":"Dagger Spray","floor":2.0},{"not_picked":["Blur","Outmaneuver"],"picked":"Leg Sweep","floor":3.0},{"not_picked":["Riddle With Holes","Cloak And Dagger+1"],"picked":"Glass Knife","floor":7.0},{"not_picked":["Bane","Dash"],"picked":"PiercingWail+1","floor":11},{"not_picked":["Poisoned Stab","Expertise+1"],"picked":"Noxious Fumes","floor":12},{"not_picked":["Acrobatics+1","Terror+1","Predator"],"picked":"Dodge and Roll+1","floor":15},{"not_picked":["Grand Finale","After Image","Bullet Time+1"],"picked":"Corpse Explosion+1","floor":16},{"not_picked":["Blade Dance+1","Terror+1"],"picked":"SKIP","floor":18},{"not_picked":["Flechettes+1"],"picked":"Deadly Poison+1","floor":24},{"not_picked":["Calculated Gamble+1"],"picked":"Bullet Time+1","floor":25},{"not_picked":["Quick Slash"],"picked":"Cloak And Dagger+1","floor":28},{"not_picked":["Bane","Setup+1"],"picked":"SKIP","floor":29},{"not_picked":["Deflect+1"],"picked":"Prepared+1","floor":30},{"not_picked":["Slice","Poisoned Stab"],"picked":"SKIP","floor":31},{"not_picked":["Unload"],"picked":"Die Die Die","floor":33},{"not_picked":["Quick Slash+1","Flying Knee"],"picked":"SKIP","floor":35},{"not_picked":["Dagger Throw","Tactician+1"],"picked":"SKIP","floor":38},{"not_picked":["Blade Dance+1","Concentrate+1"],"picked":"SKIP","floor":39},{"not_picked":["Flechettes"],"picked":"Backstab+1","floor":40},{"not_picked":["Masterful Stab+1"],"picked":"Die Die Die","floor":42},{"not_picked":["Blade Dance+1"],"picked":"Backstab","floor":44},{"not_picked":["Bane"],"picked":"Deadly Poison+1","floor":47},{"not_picked":["Endless Agony"],"picked":"Deadly Poison+1","floor":48}],"player_experience":74031,"relics_obtained":[{"floor":7.0,"key":"Tingsha"},{"floor":9.0,"key":"Bag of Preparation"},{"floor":12,"key":"Question Card"},{"floor":19,"key":"Potion Belt"},{"floor":20,"key":"Anchor"},{"floor":21,"key":"Enchiridion"},{"floor":25,"key":"Whetstone"},{"floor":26,"key":"Pen Nib"},{"floor":28,"key":"Art of War"},{"floor":40,"key":"FossilizedHelix"},{"floor":42,"key":"Bronze Scales"},{"floor":43,"key":"Smiling Mask"}],"event_choices":[{"damage_healed":0.0,"max_hp_gain":0.0,"max_hp_loss":0.0,"gold_gain":0.0,"event_name":"Scrap Ooze","player_choice":"Success","floor":5.0,"gold_loss":0.0,"damage_taken":3.0,"relics_obtained":["Toxic Egg 2"]},{"damage_healed":0.0,"max_hp_gain":5.0,"max_hp_loss":0.0,"gold_gain":0.0,"event_name":"Big Fish","player_choice":"Donut","floor":10.0,"gold_loss":0.0,"damage_taken":0.0},{"damage_healed":0,"gold_gain":0,"player_choice":"Gave Potion","damage_taken":0,"relics_obtained":["Dream Catcher"],"max_hp_gain":0,"max_hp_loss":0,"event_name":"WeMeetAgain","floor":14,"gold_loss":0},{"damage_healed":0,"gold_gain":0,"player_choice":"Obtained Book","damage_taken":16,"max_hp_gain":0,"max_hp_loss":0,"event_name":"Cursed Tome","floor":21,"gold_loss":0},{"damage_healed":0,"gold_gain":0,"player_choice":"Upgraded Two","damage_taken":0,"max_hp_gain":0,"max_hp_loss":0,"event_name":"Designer","floor":37,"gold_loss":40,"cards_upgraded":["Leg Sweep","Defend_G"]},{"cards_removed":["Dagger Spray"],"damage_healed":0,"gold_gain":0,"player_choice":"Removed Attack","damage_taken":0,"max_hp_gain":0,"max_hp_loss":0,"event_name":"Falling","floor":45,"gold_loss":0},{"damage_healed":0,"gold_gain":0,"cards_transformed":["Strike_G"],"player_choice":"Transformed","damage_taken":0,"max_hp_gain":0,"max_hp_loss":0,"event_name":"Transmorgrifier","floor":46,"gold_loss":0,"cards_obtained":["Cloak And Dagger"]}],"is_beta":false,"boss_relics":[{"not_picked":["White Beast Statue","Orrery"],"picked":"Busted Crown"},{"not_picked":["Eternal Feather","HoveringKite"],"picked":"Empty Cage"}],"items_purged_floors":[22,36],"is_endless":false,"potions_floor_spawned":[2,7,12,16,24,29,33,39,40,44,48],"ascension_level":8}