{"gold_per_floor":[118,193,210,41,41,41,54,65,65,81,81,100,116,116,116,212,212,232,249,262,262,281,281,281,72,99,99,99,99,99,115,115,115],"floor_reached":33,"playtime":2455,"items_purged":["Defend_G"],"score":339,"play_id":"1519481e-29f0-4333-b021-b65d4825a50b","local_time":"20190529180223","is_ascension_mode":false,"campfire_choices":[{"floor":6.0,"key":"REST"},{"floor":11.0,"key":"REST"},{"floor":15.0,"key":"REST"},{"floor":23.0,"key":"REST"},{"floor":27.0,"key":"REST"},{"data":"A Thousand Cuts","floor":30.0,"key":"SMITH"},{"floor":32,"key":"REST"}],"neow_cost":"NONE","seed_source_timestamp":8168030844531500,"circlet_count":0,"master_deck":["Defend_G+1","Defend_G+1","Defend_G+1","Defend_G+1","Strike_G+1","Strike_G+1","Strike_G+1","Strike_G+1","Survivor","Neutralize","Purity","Prepared","Prepared","Backflip","Infinite Blades","A Thousand Cuts+1","Cloak And Dagger","Terror","Adrenaline","Dash+1","Cloak And Dagger","RitualDagger","Prepared"],"special_seed":0,"relics":["Ring of the Snake","GremlinMask","Ninja Scroll","Philosopher\u0027s Stone","HandDrill","Regal Pillow"],"potions_floor_usage":[],"damage_taken":[{"damage":6.0,"enemies":"2 Louse","floor":1.0,"turns":2.0},{"damage":6.0,"enemies":"Cultist","floor":3.0,"turns":4.0},{"damage":5.0,"enemies":"Small Slimes","floor":7.0,"turns":4.0},{"damage":25.0,"enemies":"Gremlin Gang","floor":8.0,"turns":8.0},{"damage":5.0,"enemies":"2 Fungi Beasts","floor":10.0,"turns":4.0},{"damage":9.0,"enemies":"Looter","floor":12.0,"turns":4.0},{"damage":19.0,"enemies":"3 Louse","floor":13.0,"turns":3.0},{"damage":18.0,"enemies":"Hexaghost","floor":16.0,"turns":11.0},{"damage":8.0,"enemies":"3 Byrds","floor":18.0,"turns":5.0},{"damage":26.0,"enemies":"2 Thieves","floor":19.0,"turns":5.0},{"damage":11.0,"enemies":"Centurion and Healer","floor":20.0,"turns":9.0},{"damage":19.0,"enemies":"Chosen and Byrds","floor":22.0,"turns":5.0},{"damage":0,"enemies":"Cultist and Chosen","floor":31,"turns":4},{"damage":79,"enemies":"Automaton","floor":33,"turns":10}],"seed_played":"7783271009128669273","potions_obtained":[{"floor":1.0,"key":"LiquidBronze"},{"floor":3.0,"key":"GhostInAJar"},{"floor":10.0,"key":"PowerPotion"},{"floor":16.0,"key":"Dexterity Potion"},{"floor":18.0,"key":"Swift Potion"}],"is_trial":false,"path_per_floor":["M","?","M","$","?","R","M","M","T","M","R","M","M","?","R","B",null,"M","M","M","?","M","R","?","$","T","R","?","?","R","M","R","B"],"character_chosen":"THE_SILENT","items_purchased":["Backflip","Infinite Blades","HandDrill"],"campfire_rested":6,"item_purchase_floors":[4,4,25],"current_hp_per_floor":[64,53,47,47,47,68,63,38,38,33,54,45,26,26,47,29,70,62,36,25,25,6,27,27,27,27,63,63,57,57,57,70,0],"gold":115,"neow_bonus":"RANDOM_COLORLESS","is_prod":false,"is_daily":false,"chose_seed":false,"campfire_upgraded":1,"win_rate":0.0,"timestamp":1559167343,"path_taken":["M","?","M","$","?","R","M","M","T","?","R","M","M","?","R","BOSS","M","?","M","?","M","R","?","$","T","R","?","?","R","M","R","BOSS"],"build_version":"2019-01-23","purchased_purges":1,"victory":false,"max_hp_per_floor":[70,70,70,70,70,70,70,70,70,70,70,70,70,70,70,70,70,70,70,70,70,70,70,70,70,70,70,70,70,70,70,70,70],"card_choices":[{"not_picked":["Reflex","Deflect"],"picked":"Prepared","floor":1.0},{"not_picked":["Flechettes","Leg Sweep"],"picked":"Prepared","floor":3.0},{"not_picked":["Endless Agony","Skewer","Deflect"],"picked":"SKIP","floor":7.0},{"not_picked":["Dagger Spray","Deflect","Flying Knee"],"picked":"SKIP","floor":8.0},{"not_picked":["Eviscerate","Skewer"],"picked":"A Thousand Cuts","floor":10.0},{"not_picked":["Expertise","Noxious Fumes"],"picked":"Cloak And Dagger","floor":12.0},{"not_picked":["Underhanded Strike","Bane"],"picked":"Terror","floor":13.0},{"not_picked":["Venomology","Corpse Explosion"],"picked":"Adrenaline","floor":16.0},{"not_picked":["Dodge and Roll","PiercingWail","Tactician"],"picked":"SKIP","floor":18.0},{"not_picked":["Terror","Prepared"],"picked":"Dash+1","floor":19.0},{"not_picked":["Sucker Punch+1","Dagger Spray","Outmaneuver"],"picked":"SKIP","floor":20.0},{"not_picked":["Skewer","Sucker Punch+1"],"picked":"Cloak And Dagger","floor":22.0},{"not_picked":["Quick Slash","Dodge and Roll"],"picked":"Prepared","floor":31}],"player_experience":36187,"relics_obtained":[{"floor":9.0,"key":"Ninja Scroll"},{"floor":26.0,"key":"Regal Pillow"}],"event_choices":[{"damage_healed":0.0,"max_hp_gain":0.0,"max_hp_loss":0.0,"gold_gain":75.0,"event_name":"World of Goop","player_choice":"Gather Gold","floor":2.0,"gold_loss":0.0,"damage_taken":11.0},{"damage_healed":0.0,"max_hp_gain":0.0,"max_hp_loss":0.0,"gold_gain":0.0,"event_name":"FaceTrader","player_choice":"Trade","floor":5.0,"gold_loss":0.0,"damage_taken":0.0,"relics_obtained":["GremlinMask"]},{"cards_removed":["Strike_G"],"damage_healed":0.0,"max_hp_gain":0.0,"max_hp_loss":0.0,"gold_gain":0.0,"event_name":"Purifier","player_choice":"Purged","floor":14.0,"gold_loss":0.0,"damage_taken":0.0},{"damage_healed":0.0,"max_hp_gain":0.0,"max_hp_loss":0.0,"gold_gain":0.0,"event_name":"Back to Basics","player_choice":"Simplicity","floor":21.0,"gold_loss":0.0,"damage_taken":0.0,"cards_upgraded":["Defend_G","Defend_G","Defend_G","Defend_G","Strike_G","Strike_G","Strike_G","Strike_G"]},{"damage_healed":0.0,"max_hp_gain":0.0,"max_hp_loss":0.0,"gold_gain":0.0,"event_name":"Cursed Tome","player_choice":"Ignored","floor":24.0,"gold_loss":0.0,"damage_taken":0.0},{"damage_healed":0.0,"max_hp_gain":0.0,"max_hp_loss":0.0,"gold_gain":0.0,"event_name":"Vampires","player_choice":"Ignored","floor":28.0,"gold_loss":0.0,"damage_taken":0.0},{"damage_healed":0.0,"max_hp_gain":0.0,"max_hp_loss":0.0,"gold_gain":0.0,"event_name":"Nest","player_choice":"Joined the Cult","floor":29.0,"gold_loss":0.0,"damage_taken":6.0,"cards_obtained":["RitualDagger"]}],"is_beta":false,"boss_relics":[{"not_picked":["Astrolabe","Lizard Tail"],"picked":"Philosopher\u0027s Stone"}],"items_purged_floors":[4],"is_endless":false,"potions_floor_spawned":[1,3,10,16,18,20],"killed_by":"Automaton","ascension_level":0}