{"gold_per_floor":[110,385,399,399,414,448,51,51,51,51,66,93,110,185,185,289,289,302,302,322,176,176,176,205,205,250,250,264,276,311,326,326,421,421,434,434,434,449,52,52,70,102,128,162,176,196,196,207,207,207],"floor_reached":51,"playtime":4015,"items_purged":["Regret"],"score":1171,"play_id":"f7b8a57b-1ffe-4275-9d5a-572ee4105681","local_time":"20190527211655","is_ascension_mode":true,"campfire_choices":[{"data":"Noxious Fumes","floor":8.0,"key":"SMITH"},{"data":"Crippling Poison","floor":15.0,"key":"SMITH"},{"data":"A Thousand Cuts","floor":23.0,"key":"SMITH"},{"data":"Riddle With Holes","floor":32.0,"key":"SMITH"},{"data":"After Image","floor":40.0,"key":"SMITH"},{"data":"Doppelganger","floor":49,"key":"SMITH"}],"neow_cost":"NONE","seed_source_timestamp":168547444363800,"circlet_count":0,"master_deck":["Defend_G","Defend_G","Defend_G","Defend_G","Defend_G","Survivor","Neutralize","Quick Slash","Predator","Escape Plan","After Image+1","Noxious Fumes+1","Cloak And Dagger","Dagger Spray","Crippling Poison+1","A Thousand Cuts+1","Bouncing Flask","Noxious Fumes+1","Catalyst+1","Ghostly","Ghostly","Ghostly","Ghostly","Ghostly","Bite","Bite","Bite","Bite","Bite","Injury","Necronomicurse","Riddle With Holes+1","PiercingWail","Finesse","PanicButton","Jack Of All Trades","Blade Dance+1","Apotheosis","PiercingWail","Doubt","Well Laid Plans+1","Doppelganger+1","Swift Strike","Prepared+1"],"special_seed":0,"relics":["Ring of the Snake","FossilizedHelix","Pear","Dead Branch","Matryoshka","Cursed Key","Bronze Scales","Orichalcum","Mummified Hand","Vajra","Necronomicon","PreservedInsect","Busted Crown","TwistedFunnel","Snake Skull","Strawberry","Bottled Flame","Bottled Tornado"],"potions_floor_usage":[50,50],"damage_taken":[{"damage":4.0,"enemies":"Small Slimes","floor":1.0,"turns":6.0},{"damage":3.0,"enemies":"Cultist","floor":3.0,"turns":3.0},{"damage":6.0,"enemies":"Jaw Worm","floor":5.0,"turns":5.0},{"damage":41.0,"enemies":"Lagavulin","floor":6.0,"turns":7.0},{"damage":3.0,"enemies":"Gremlin Gang","floor":11.0,"turns":6.0},{"damage":2.0,"enemies":"3 Sentries","floor":12.0,"turns":6.0},{"damage":0.0,"enemies":"2 Fungi Beasts","floor":13.0,"turns":4.0},{"damage":5.0,"enemies":"Hexaghost","floor":16.0,"turns":10.0},{"damage":11.0,"enemies":"Spheric Guardian","floor":18.0,"turns":6.0},{"damage":0.0,"enemies":"3 Byrds","floor":20.0,"turns":4.0},{"damage":0.0,"enemies":"Gremlin Leader","floor":24.0,"turns":7.0},{"damage":0.0,"enemies":"Snecko","floor":28.0,"turns":3.0},{"damage":0.0,"enemies":"Cultist and Chosen","floor":29.0,"turns":6.0},{"damage":0.0,"enemies":"Slavers","floor":30.0,"turns":4.0},{"damage":0.0,"enemies":"3 Cultists","floor":31.0,"turns":3.0},{"damage":9.0,"enemies":"Automaton","floor":33.0,"turns":8.0},{"damage":0.0,"enemies":"Orb Walker","floor":35.0,"turns":3.0},{"damage":0.0,"enemies":"3 Darklings","floor":38.0,"turns":5.0},{"damage":0.0,"enemies":"Jaw Worm Horde","floor":41.0,"turns":2.0},{"damage":0.0,"enemies":"Nemesis","floor":42.0,"turns":3.0},{"damage":0,"enemies":"Giant Head","floor":44,"turns":6},{"damage":0,"enemies":"Maw","floor":45,"turns":5},{"damage":0,"enemies":"Sphere and 2 Shapes","floor":46,"turns":3},{"damage":0,"enemies":"Writhing Mass","floor":48,"turns":4},{"damage":0,"enemies":"Awakened One","floor":50,"turns":9}],"seed_played":"-2540304148342292435","potions_obtained":[{"floor":1.0,"key":"Fire Potion"},{"floor":3.0,"key":"Fruit Juice"},{"floor":4.0,"key":"Ancient Potion"},{"floor":4.0,"key":"Dexterity Potion"},{"floor":16.0,"key":"Strength Potion"},{"floor":24.0,"key":"Weak Potion"},{"floor":31.0,"key":"Fire Potion"},{"floor":33.0,"key":"SkillPotion"},{"floor":38.0,"key":"GhostInAJar"},{"floor":48,"key":"GhostInAJar"}],"is_trial":false,"path_per_floor":["M","?","M","?","M","E","$","R","T","$","M","E","M","?","R","B",null,"M","?","M","$","?","R","E","?","T","?","M","M","E","M","R","B",null,"M","?","?","M","$","R","M","E","T","E","M","M","?","M","R","B",null],"character_chosen":"THE_SILENT","items_purchased":["Noxious Fumes","Pear","Bronze Scales","Apotheosis","TwistedFunnel"],"campfire_rested":0,"item_purchase_floors":[7,7,21,39,39],"current_hp_per_floor":[66,66,65,70,66,27,37,37,37,37,36,36,38,27,27,24,70,61,61,63,63,42,42,42,42,42,26,32,42,42,42,42,33,40,42,42,32,42,42,42,42,42,49,49,49,49,49,49,49,49],"gold":207,"neow_bonus":"RANDOM_COMMON_RELIC","is_prod":false,"is_daily":false,"chose_seed":false,"campfire_upgraded":6,"win_rate":0,"timestamp":1558984615,"path_taken":["M","?","?","?","M","E","$","R","T","$","M","E","?","?","R","BOSS","M","?","?","$","?","R","E","?","T","?","M","M","E","M","R","BOSS","M","?","?","M","$","R","M","E","T","E","M","M","?","?","R","BOSS"],"build_version":"2019-01-23","purchased_purges":1,"victory":true,"max_hp_per_floor":[70,70,70,75,75,75,85,85,85,85,85,85,85,85,85,85,85,85,85,85,85,42,42,42,42,42,42,42,42,42,42,42,42,42,42,42,42,42,42,42,42,42,49,49,49,49,49,49,49,49],"card_choices":[{"not_picked":["Expertise","Sucker Punch"],"picked":"Quick Slash","floor":1.0},{"not_picked":["Deflect","Tactician"],"picked":"Predator","floor":3.0},{"not_picked":["Concentrate","Outmaneuver"],"picked":"Escape Plan","floor":5.0},{"not_picked":["PiercingWail","Catalyst"],"picked":"After Image","floor":6.0},{"not_picked":["Choke","Deflect"],"picked":"Cloak And Dagger","floor":11.0},{"not_picked":["Heel Hook","Acrobatics"],"picked":"Dagger Spray","floor":12.0},{"not_picked":["Flying Knee","Cloak And Dagger"],"picked":"Crippling Poison","floor":13.0},{"not_picked":["Tools of the Trade","Venomology"],"picked":"A Thousand Cuts","floor":16.0},{"not_picked":["Deflect","Quick Slash+1"],"picked":"Bouncing Flask","floor":18.0},{"not_picked":["Acrobatics","Deflect"],"picked":"Catalyst+1","floor":20.0},{"not_picked":["Riddle With Holes+1","Quick Slash+1","Eviscerate"],"picked":"SKIP","floor":24.0},{"not_picked":["Dagger Spray","Choke","Deadly Poison"],"picked":"SKIP","floor":28.0},{"not_picked":["Underhanded Strike","Skewer","Outmaneuver"],"picked":"SKIP","floor":29.0},{"not_picked":["Dagger Throw","Riddle With Holes","Sucker Punch"],"picked":"SKIP","floor":30.0},{"not_picked":["Dagger Throw","Sucker Punch"],"picked":"Riddle With Holes","floor":30.0},{"not_picked":["Expertise","Outmaneuver","Deadly Poison"],"picked":"SKIP","floor":31.0},{"not_picked":[],"picked":"PiercingWail","floor":35.0},{"not_picked":[],"picked":"Finesse","floor":37.0},{"not_picked":[],"picked":"PanicButton","floor":37.0},{"not_picked":[],"picked":"Jack Of All Trades","floor":37.0},{"not_picked":[],"picked":"Blade Dance+1","floor":38.0},{"not_picked":["Sucker Punch"],"picked":"SKIP","floor":41.0},{"not_picked":[],"picked":"PiercingWail","floor":42.0},{"not_picked":[],"picked":"Well Laid Plans+1","floor":44},{"not_picked":["Heel Hook"],"picked":"SKIP","floor":45},{"not_picked":["Dagger Throw"],"picked":"SKIP","floor":46},{"not_picked":[],"picked":"Prepared+1","floor":48}],"player_experience":50166,"relics_obtained":[{"floor":6.0,"key":"FossilizedHelix"},{"floor":9.0,"key":"Dead Branch"},{"floor":12.0,"key":"Matryoshka"},{"floor":24.0,"key":"Orichalcum"},{"floor":26.0,"key":"Mummified Hand"},{"floor":26.0,"key":"Vajra"},{"floor":27.0,"key":"Necronomicon"},{"floor":30.0,"key":"PreservedInsect"},{"floor":42.0,"key":"Snake Skull"},{"floor":43,"key":"Strawberry"},{"floor":43,"key":"Bottled Flame"},{"floor":44,"key":"Bottled Tornado"}],"event_choices":[{"damage_healed":0.0,"max_hp_gain":0.0,"max_hp_loss":0.0,"gold_gain":275.0,"event_name":"Golden Shrine","player_choice":"Desecrate","floor":2.0,"gold_loss":0.0,"damage_taken":0.0,"cards_obtained":["Regret"]},{"damage_healed":0.0,"max_hp_gain":0.0,"max_hp_loss":0.0,"gold_gain":0.0,"event_name":"Lab","player_choice":"Got Potions","floor":4.0,"gold_loss":0.0,"damage_taken":0.0},{"damage_healed":0.0,"max_hp_gain":0.0,"max_hp_loss":0.0,"gold_gain":75.0,"event_name":"World of Goop","player_choice":"Gather Gold","floor":14.0,"gold_loss":0.0,"damage_taken":11.0},{"damage_healed":0.0,"max_hp_gain":0.0,"max_hp_loss":0.0,"gold_gain":0.0,"event_name":"Duplicator","player_choice":"Copied","floor":19.0,"gold_loss":0.0,"damage_taken":0.0,"cards_obtained":["Noxious Fumes"]},{"damage_healed":0.0,"max_hp_gain":0.0,"max_hp_loss":43.0,"gold_gain":0.0,"event_name":"Ghosts","player_choice":"Became a Ghost","floor":22.0,"gold_loss":0.0,"damage_taken":0.0,"cards_obtained":["Ghostly","Ghostly","Ghostly","Ghostly","Ghostly"]},{"damage_healed":0.0,"max_hp_gain":0.0,"max_hp_loss":0.0,"gold_gain":0.0,"event_name":"Vampires","player_choice":"Became a vampire (Vial)","floor":25.0,"relics_lost":["Blood Vial"],"gold_loss":0.0,"damage_taken":0.0,"cards_obtained":["Bite","Bite","Bite","Bite","Bite"]},{"damage_healed":0.0,"max_hp_gain":0.0,"max_hp_loss":0.0,"gold_gain":0.0,"event_name":"Cursed Tome","player_choice":"Obtained Book","floor":27.0,"gold_loss":0.0,"damage_taken":16.0},{"damage_healed":0.0,"max_hp_gain":0.0,"max_hp_loss":0.0,"gold_gain":0.0,"event_name":"Tomb of Lord Red Mask","player_choice":"Ignored","floor":36.0,"gold_loss":0.0,"damage_taken":0.0},{"damage_healed":0.0,"max_hp_gain":0.0,"max_hp_loss":0.0,"gold_gain":0.0,"event_name":"SensoryStone","player_choice":"Memory 3","floor":37.0,"gold_loss":0.0,"damage_taken":10.0},{"damage_healed":0,"gold_gain":0,"player_choice":"2 cards matched","damage_taken":0,"max_hp_gain":0,"max_hp_loss":0,"event_name":"Match and Keep!","floor":47,"gold_loss":0,"cards_obtained":["Doppelganger","Swift Strike"]}],"is_beta":false,"boss_relics":[{"not_picked":["Eternal Feather","Tiny House"],"picked":"Cursed Key"},{"not_picked":["Velvet Choker","Orrery"],"picked":"Busted Crown"}],"items_purged_floors":[7],"is_endless":false,"potions_floor_spawned":[1,3,16,24,31,33,38,46,48],"ascension_level":5}