{"gold_per_floor":[115,390,405,173,191,191,216,231,231,261,261,274,288,307,307,307],"floor_reached":16,"playtime":459,"items_purged":["Regret"],"score":137,"play_id":"a05aff96-2368-4d70-a204-3c97b504ed0e","local_time":"20190526200041","is_ascension_mode":true,"campfire_choices":[{"data":"Searing Blow","floor":6,"key":"SMITH"},{"data":"Searing Blow+1","floor":15,"key":"SMITH"}],"neow_cost":"NONE","seed_source_timestamp":81187498708400,"circlet_count":0,"master_deck":["Strike_R","Strike_R","Strike_R","Strike_R","Strike_R","Defend_R","Defend_R","Defend_R","Defend_R","Bash","Searing Blow+2","Pummel","Dropkick","Disarm","Spot Weakness","Pain","Berserk","Armaments"],"relics":["Burning Blood","Orichalcum","Regal Pillow","Bag of Marbles","Mercury Hourglass","WarpedTongs"],"potions_floor_usage":[7,16],"damage_taken":[{"damage":4,"enemies":"Jaw Worm","floor":1,"turns":4},{"damage":8,"enemies":"Cultist","floor":3,"turns":3},{"damage":2,"enemies":"2 Louse","floor":5,"turns":3},{"damage":20,"enemies":"3 Sentries","floor":7,"turns":7},{"damage":14,"enemies":"Lots of Slimes","floor":8,"turns":4},{"damage":28,"enemies":"Lagavulin","floor":10,"turns":5},{"damage":12,"enemies":"Exordium Wildlife","floor":12,"turns":4},{"damage":0,"enemies":"3 Louse","floor":13,"turns":2},{"damage":5,"enemies":"Looter","floor":14,"turns":3},{"damage":38,"enemies":"Slime Boss","floor":16,"turns":5}],"seed_played":"-9026502382764157320","potions_obtained":[{"floor":0,"key":"SmokeBomb"},{"floor":0,"key":"Dexterity Potion"},{"floor":0,"key":"Energy Potion"},{"floor":10,"key":"Poison Potion"}],"is_trial":false,"path_per_floor":["M","?","M","$","M","R","E","M","T","E","?","M","M","M","R","B"],"character_chosen":"IRONCLAD","items_purchased":["Orichalcum"],"campfire_rested":0,"item_purchase_floors":[4],"current_hp_per_floor":[80,80,78,78,80,80,66,58,58,36,36,30,36,37,37,0],"gold":307,"neow_bonus":"THREE_SMALL_POTIONS","is_prod":false,"is_daily":false,"chose_seed":false,"campfire_upgraded":2,"win_rate":0,"timestamp":1558893641,"path_taken":["M","?","?","$","M","R","E","M","T","E","?","M","M","M","R","BOSS"],"build_version":"2019-01-23","purchased_purges":1,"victory":false,"max_hp_per_floor":[80,80,80,80,80,80,80,80,80,80,80,80,80,80,80,80],"card_choices":[{"not_picked":["Burning Pact","Cleave"],"picked":"Searing Blow","floor":1},{"not_picked":["Warcry","Intimidate"],"picked":"Pummel","floor":3},{"not_picked":["Warcry","Power Through"],"picked":"Dropkick","floor":5},{"not_picked":["Corruption","Reckless Charge"],"picked":"Disarm","floor":7},{"not_picked":["Clothesline","Rampage","Sentinel"],"picked":"SKIP","floor":8},{"not_picked":["Iron Wave","Warcry"],"picked":"Spot Weakness","floor":10},{"not_picked":["Thunderclap","Pummel"],"picked":"Berserk","floor":12},{"not_picked":["Sword Boomerang","Corruption","Power Through"],"picked":"SKIP","floor":13},{"not_picked":["Clash","Rampage"],"picked":"Armaments","floor":14}],"player_experience":29618,"relics_obtained":[{"floor":7,"key":"Regal Pillow"},{"floor":9,"key":"Bag of Marbles"},{"floor":10,"key":"Mercury Hourglass"}],"event_choices":[{"damage_healed":0,"gold_gain":275,"player_choice":"Desecrate","damage_taken":0,"max_hp_gain":0,"max_hp_loss":0,"event_name":"Golden Shrine","floor":2,"gold_loss":0,"cards_obtained":["Regret"]},{"damage_healed":0,"gold_gain":0,"player_choice":"Rummage","damage_taken":0,"relics_obtained":["WarpedTongs"],"max_hp_gain":0,"max_hp_loss":0,"event_name":"Accursed Blacksmith","floor":11,"gold_loss":0,"cards_obtained":["Pain"]}],"is_beta":false,"boss_relics":[],"items_purged_floors":[4],"is_endless":false,"potions_floor_spawned":[3,10,12,14],"killed_by":"Slime Boss","ascension_level":4}