{"gold_per_floor":[114,129,139,154,154,210,221,238,238,199,217,317,329,339,339,339],"floor_reached":16,"playtime":631,"items_purged":[],"score":178,"play_id":"8bd60d42-223a-43db-841d-be5e7469e89c","local_time":"20190514131658","is_ascension_mode":true,"campfire_choices":[{"floor":15,"key":"REST"}],"neow_cost":"NONE","seed_source_timestamp":3726146420523244,"circlet_count":0,"master_deck":["AscendersBane","Defend_G","Defend_G","Defend_G","Defend_G","Defend_G","Strike_G","Strike_G","Strike_G","Strike_G","Strike_G","Survivor","Neutralize","Flying Knee","PiercingWail","Caltrops","Dagger Spray","Backstab","Crippling Poison","Noxious Fumes","Die Die Die"],"relics":["Ring of the Snake","NeowsBlessing","Tiny Chest","The Specimen"],"potions_floor_usage":[8,8,13,13],"damage_taken":[{"damage":0,"enemies":"2 Louse","floor":1,"turns":1},{"damage":0,"enemies":"Cultist","floor":2,"turns":1},{"damage":0,"enemies":"Small Slimes","floor":3,"turns":1},{"damage":4,"enemies":"Exordium Wildlife","floor":4,"turns":7},{"damage":37,"enemies":"3 Sentries","floor":6,"turns":10},{"damage":13,"enemies":"3 Louse","floor":7,"turns":4},{"damage":0,"enemies":"Lots of Slimes","floor":8,"turns":4},{"damage":6,"enemies":"Looter","floor":11,"turns":4},{"damage":0,"enemies":"Large Slime","floor":13,"turns":4},{"damage":0,"enemies":"3 Louse","floor":14,"turns":2},{"damage":26,"enemies":"Hexaghost","floor":16,"turns":9}],"seed_played":"937176502657933720","potions_obtained":[{"floor":1,"key":"EssenceOfSteel"},{"floor":4,"key":"Block Potion"},{"floor":8,"key":"EntropicBrew"},{"floor":14,"key":"Energy Potion"}],"is_trial":false,"path_per_floor":["M","M","M","M","?","E","M","M","T","$","M","?","M","M","R","B"],"character_chosen":"THE_SILENT","items_purchased":["Noxious Fumes"],"campfire_rested":1,"item_purchase_floors":[10],"current_hp_per_floor":[63,63,63,59,59,22,9,9,9,9,3,3,3,3,24,0],"gold":339,"neow_bonus":"THREE_ENEMY_KILL","is_prod":false,"is_daily":false,"chose_seed":false,"campfire_upgraded":0,"win_rate":0,"timestamp":1557818218,"path_taken":["M","M","M","M","?","E","M","?","T","$","M","?","?","M","R","BOSS"],"build_version":"2019-01-23","purchased_purges":0,"victory":false,"max_hp_per_floor":[70,70,70,70,70,70,70,70,70,70,70,70,70,70,70,70],"card_choices":[{"not_picked":["Terror","Underhanded Strike"],"picked":"Flying Knee","floor":1},{"not_picked":["Escape Plan","Blade Dance"],"picked":"PiercingWail","floor":2},{"not_picked":["Prepared","Sucker Punch"],"picked":"Caltrops","floor":3},{"not_picked":["Quick Slash","Outmaneuver"],"picked":"Dagger Spray","floor":4},{"not_picked":["Dagger Throw","Skewer","Poisoned Stab"],"picked":"SKIP","floor":6},{"not_picked":["Caltrops","Deadly Poison"],"picked":"Backstab","floor":7},{"not_picked":["Dodge and Roll","Poisoned Stab"],"picked":"Crippling Poison","floor":8},{"not_picked":["Acrobatics","Finisher"],"picked":"Die Die Die","floor":11},{"not_picked":["PiercingWail","Prepared","Predator"],"picked":"SKIP","floor":13},{"not_picked":["Prepared","Dodge and Roll","Setup"],"picked":"SKIP","floor":14}],"player_experience":1331342,"relics_obtained":[{"floor":6,"key":"Tiny Chest"},{"floor":9,"key":"The Specimen"}],"event_choices":[{"damage_healed":0,"gold_gain":0,"player_choice":"Bought 0 Potions","damage_taken":0,"max_hp_gain":0,"max_hp_loss":0,"event_name":"The Woman in Blue","floor":5,"gold_loss":0},{"damage_healed":0,"gold_gain":100,"player_choice":"Pray","damage_taken":0,"max_hp_gain":0,"max_hp_loss":0,"event_name":"Golden Shrine","floor":12,"gold_loss":0}],"is_beta":false,"boss_relics":[],"items_purged_floors":[],"is_endless":false,"potions_floor_spawned":[1,4,8,14],"killed_by":"Hexaghost","ascension_level":13}