{"gold_per_floor":[119,137,156,171,171,171,205,205,230,249,249],"floor_reached":11,"playtime":319,"items_purged":[],"score":150,"play_id":"be1d6f63-5f88-4ebc-afdc-d63bf0e11615","local_time":"20190514130129","is_ascension_mode":true,"campfire_choices":[{"data":"Sweeping Beam","floor":6,"key":"SMITH"}],"neow_cost":"NONE","seed_source_timestamp":3725528804212670,"circlet_count":0,"master_deck":["AscendersBane","Strike_B","Strike_B","Strike_B","Strike_B","Defend_B","Defend_B","Defend_B","Defend_B","Zap","Dualcast","Conserve Battery","Sweeping Beam+1","Sweeping Beam+1","Gash","Gash"],"relics":["Cracked Core","NeowsBlessing","Symbiotic Virus","Darkstone Periapt","Juzu Bracelet"],"potions_floor_usage":[10],"damage_taken":[{"damage":0,"enemies":"Cultist","floor":1,"turns":1},{"damage":0,"enemies":"2 Louse","floor":2,"turns":1},{"damage":0,"enemies":"Jaw Worm","floor":3,"turns":1},{"damage":15,"enemies":"2 Fungi Beasts","floor":4,"turns":3},{"damage":32,"enemies":"Lagavulin","floor":7,"turns":7},{"damage":13,"enemies":"Gremlin Gang","floor":10,"turns":3},{"damage":13,"enemies":"3 Sentries","floor":11,"turns":2}],"seed_played":"-6975986193924604793","potions_obtained":[{"floor":2,"key":"Regen Potion"},{"floor":10,"key":"Poison Potion"}],"is_trial":false,"path_per_floor":["M","M","M","M","?","R","E","T","T","M","E"],"character_chosen":"DEFECT","items_purchased":[],"campfire_rested":0,"item_purchase_floors":[],"current_hp_per_floor":[64,64,64,49,49,49,17,17,17,13,0],"gold":249,"neow_bonus":"THREE_ENEMY_KILL","is_prod":false,"is_daily":false,"chose_seed":false,"campfire_upgraded":1,"win_rate":0,"timestamp":1557817289,"path_taken":["M","M","M","?","?","R","E","?","T","M","E"],"build_version":"2019-01-23","purchased_purges":0,"victory":false,"max_hp_per_floor":[71,71,71,71,71,71,71,71,71,71,71],"card_choices":[{"not_picked":["Redo","Stack"],"picked":"Conserve Battery","floor":1},{"not_picked":["Aggregate","Turbo"],"picked":"Sweeping Beam","floor":2},{"not_picked":["Force Field","Go for the Eyes"],"picked":"Sweeping Beam","floor":3},{"not_picked":["Conserve Battery","Hello World","Leap"],"picked":"SKIP","floor":4},{"not_picked":["Turbo","Hologram"],"picked":"Gash","floor":7},{"not_picked":["Rebound","Echo Form"],"picked":"Gash","floor":10}],"player_experience":1330886,"relics_obtained":[{"floor":7,"key":"Symbiotic Virus"},{"floor":8,"key":"Darkstone Periapt"},{"floor":9,"key":"Juzu Bracelet"}],"event_choices":[{"damage_healed":0,"gold_gain":0,"player_choice":"Grow","damage_taken":0,"max_hp_gain":0,"max_hp_loss":0,"event_name":"Living Wall","floor":5,"gold_loss":0,"cards_upgraded":["Sweeping Beam"]}],"is_beta":false,"boss_relics":[],"items_purged_floors":[],"is_endless":false,"potions_floor_spawned":[2,10],"killed_by":"3 Sentries","ascension_level":20}