{"gold_per_floor":[117,35,135,151,167,167,202,202,202,202,202,218,252,117,117,220,220,238,255,92,7,27,27,27,46,46,66,99,99,112,125,125,222,272,288,301,45,63,39,68,68,84,136,149,149,166,166,166],"floor_reached":48,"playtime":3402,"items_purged":[],"score":519,"play_id":"f9db071e-a731-4fdf-aa15-2f12972e37e1","local_time":"20190218224912","is_ascension_mode":false,"campfire_choices":[{"floor":6.0,"key":"RECALL"},{"data":"Discovery","floor":8.0,"key":"SMITH"},{"data":"Bash","floor":11.0,"key":"SMITH"},{"data":"Demon Form","floor":15.0,"key":"SMITH"},{"floor":23.0,"key":"REST"},{"floor":29.0,"key":"REST"},{"floor":32.0,"key":"REST"},{"floor":41.0,"key":"REST"},{"floor":45.0,"key":"REST"}],"neow_cost":"NONE","seed_source_timestamp":0,"circlet_count":0,"master_deck":["Strike_R","Strike_R+1","Strike_R","Strike_R","Defend_R","Defend_R","Defend_R","Defend_R","Bash+1","Rage","Discovery+1","Iron Wave","Clothesline","Body Slam","Pommel Strike","Demon Form+1","Barricade","Body Slam","Infernal Blade","Demon Form","Shrug It Off+1","Impervious+1","Pommel Strike+1","Fiend Fire","Cleave","Body Slam+1","Pommel Strike","True Grit+1","Iron Wave+1","Iron Wave+1","Evolve+1"],"special_seed":0,"relics":["Burning Blood","Ancient Tea Set","Question Card","Busted Crown","Self Forming Clay","Toxic Egg 2","Nunchaku","Tiny House","Pear","Anchor","Boot"],"potions_floor_usage":[48],"damage_taken":[{"damage":0.0,"enemies":"Small Slimes","floor":1.0,"turns":3.0},{"damage":4.0,"enemies":"Cultist","floor":4.0,"turns":4.0},{"damage":3.0,"enemies":"2 Louse","floor":5.0,"turns":3.0},{"damage":52.0,"enemies":"Gremlin Nob","floor":7.0,"turns":7.0},{"damage":3.0,"enemies":"Lots of Slimes","floor":12.0,"turns":5.0},{"damage":25.0,"enemies":"Lagavulin","floor":13.0,"turns":6.0},{"damage":19.0,"enemies":"Slime Boss","floor":16.0,"turns":7.0},{"damage":29.0,"enemies":"2 Thieves","floor":18.0,"turns":4.0},{"damage":29.0,"enemies":"3 Byrds","floor":19.0,"turns":6.0},{"damage":31.0,"enemies":"Shelled Parasite and Fungi","floor":22.0,"turns":5.0},{"damage":21.0,"enemies":"Centurion and Healer","floor":25.0,"turns":6.0},{"damage":18.0,"enemies":"Snecko","floor":27.0,"turns":5.0},{"damage":15.0,"enemies":"Gremlin Leader","floor":28.0,"turns":5.0},{"damage":12.0,"enemies":"Snake Plant","floor":30.0,"turns":5.0},{"damage":2.0,"enemies":"Centurion and Healer","floor":31.0,"turns":5.0},{"damage":51.0,"enemies":"Automaton","floor":33.0,"turns":12.0},{"damage":28.0,"enemies":"Orb Walker","floor":35.0,"turns":4.0},{"damage":20.0,"enemies":"3 Darklings","floor":36.0,"turns":4.0},{"damage":29.0,"enemies":"Sphere and 2 Shapes","floor":38.0,"turns":4.0},{"damage":28.0,"enemies":"Nemesis","floor":40.0,"turns":11.0},{"damage":5.0,"enemies":"Maw","floor":42.0,"turns":8.0},{"damage":57.0,"enemies":"Jaw Worm Horde","floor":44.0,"turns":7.0},{"damage":45.0,"enemies":"Spire Growth","floor":46.0,"turns":6.0},{"damage":4,"enemies":"Reptomancer","floor":48,"turns":3}],"seed_played":"-5335258031055469504","potions_obtained":[{"floor":1.0,"key":"Block Potion"},{"floor":5.0,"key":"Energy Potion"},{"floor":12.0,"key":"Regen Potion"},{"floor":13.0,"key":"Swift Potion"},{"floor":16.0,"key":"Weak Potion"},{"floor":18.0,"key":"SteroidPotion"},{"floor":28.0,"key":"FearPotion"},{"floor":33.0,"key":"EssenceOfSteel"},{"floor":34.0,"key":"FairyPotion"},{"floor":35.0,"key":"Dexterity Potion"},{"floor":42.0,"key":"Swift Potion"},{"floor":44.0,"key":"Explosive Potion"}],"is_trial":false,"path_per_floor":["M","$","?","M","M","R","E","R","T","?","R","M","E","$","R","B",null,"M","M","$","?","M","R","?","M","T","M","E","R","M","M","R","B",null,"M","M","$","M","$","E","R","M","T","M","R","M","?","E"],"character_chosen":"IRONCLAD","items_purchased":["Discovery","Demon Form","Demon Form","Pear","True Grit+1"],"campfire_rested":5,"item_purchase_floors":[2,14,20,37,39],"current_hp_per_floor":[88,88,88,88,88,88,42,42,42,42,42,45,41,41,41,28,88,65,42,42,42,17,43,43,28,28,16,7,33,27,31,57,12,93,71,57,67,44,44,22,52,53,53,16,46,7,7,3],"gold":166,"neow_bonus":"TEN_PERCENT_HP_BONUS","is_prod":false,"is_daily":false,"chose_seed":false,"campfire_upgraded":3,"win_rate":0,"timestamp":1550530152,"path_taken":["M","$","?","M","?","R","E","R","T","?","R","M","E","$","R","BOSS","M","M","$","?","M","R","?","M","T","M","E","R","M","M","R","BOSS","M","M","$","M","$","E","R","M","T","?","R","M","?","E"],"build_version":"2019-01-23","purchased_purges":0,"victory":false,"max_hp_per_floor":[88,88,88,88,88,88,88,88,88,88,88,88,88,88,88,88,88,88,88,88,88,88,88,88,88,88,88,88,88,88,88,88,88,93,93,93,103,103,103,103,103,103,103,103,103,103,103,103],"card_choices":[{"not_picked":["Thunderclap","Anger"],"picked":"Rage","floor":1.0},{"not_picked":["Clash","Twin Strike"],"picked":"Iron Wave","floor":4.0},{"not_picked":["Feel No Pain","Hemokinesis"],"picked":"Clothesline","floor":5.0},{"not_picked":["Reckless Charge","Flex","Power Through"],"picked":"SKIP","floor":7.0},{"not_picked":["Dropkick","Clash"],"picked":"Body Slam","floor":12.0},{"not_picked":["Clash","Havoc"],"picked":"Pommel Strike","floor":13.0},{"not_picked":["Fiend Fire","Exhume","Limit Break"],"picked":"Barricade","floor":16.0},{"not_picked":["Clash"],"picked":"Body Slam","floor":18.0},{"not_picked":["Flex"],"picked":"Infernal Blade","floor":19.0},{"not_picked":["Havoc","Clash"],"picked":"SKIP","floor":22.0},{"not_picked":["Entrench+1","Perfected Strike"],"picked":"SKIP","floor":25.0},{"not_picked":["Anger"],"picked":"Shrug It Off+1","floor":27.0},{"not_picked":["Clash"],"picked":"Impervious+1","floor":28.0},{"not_picked":["Warcry+1"],"picked":"Pommel Strike+1","floor":30.0},{"not_picked":["Power Through+1","Warcry+1"],"picked":"SKIP","floor":31.0},{"not_picked":["Barricade"],"picked":"Fiend Fire","floor":33.0},{"not_picked":["Headbutt"],"picked":"Cleave","floor":34.0},{"not_picked":["Twin Strike+1"],"picked":"Body Slam+1","floor":35.0},{"not_picked":["Body Slam","Dual Wield+1"],"picked":"SKIP","floor":36.0},{"not_picked":["Headbutt+1"],"picked":"Pommel Strike","floor":38.0},{"not_picked":["Corruption+1"],"picked":"Iron Wave+1","floor":40.0},{"not_picked":["Headbutt+1","Cleave"],"picked":"SKIP","floor":42.0},{"not_picked":["Fire Breathing"],"picked":"Iron Wave+1","floor":44.0},{"not_picked":["Wild Strike+1"],"picked":"Evolve+1","floor":46.0}],"player_experience":721450,"relics_obtained":[{"floor":7.0,"key":"Ancient Tea Set"},{"floor":13.0,"key":"Question Card"},{"floor":26.0,"key":"Toxic Egg 2"},{"floor":28.0,"key":"Nunchaku"},{"floor":40.0,"key":"Anchor"},{"floor":43.0,"key":"Boot"}],"event_choices":[{"damage_healed":0.0,"max_hp_gain":0.0,"max_hp_loss":0.0,"gold_gain":100.0,"event_name":"Golden Shrine","player_choice":"Pray","floor":3.0,"gold_loss":0.0,"damage_taken":0.0},{"cards_removed":["Strike_R"],"damage_healed":0.0,"max_hp_gain":0.0,"max_hp_loss":0.0,"gold_gain":0.0,"event_name":"Bonfire Elementals","player_choice":"Offered Basic","floor":10.0,"gold_loss":0.0,"damage_taken":0.0},{"damage_healed":0.0,"max_hp_gain":0.0,"max_hp_loss":0.0,"gold_gain":0.0,"event_name":"Addict","player_choice":"Obtained Relic","floor":21.0,"gold_loss":85.0,"damage_taken":0.0,"relics_obtained":["Self Forming Clay"]},{"damage_healed":0.0,"max_hp_gain":0.0,"max_hp_loss":0.0,"gold_gain":0.0,"event_name":"NoteForYourself","player_choice":"Ignored","floor":24.0,"gold_loss":0.0,"damage_taken":0.0},{"damage_healed":0.0,"max_hp_gain":0.0,"max_hp_loss":0.0,"gold_gain":0.0,"event_name":"Tomb of Lord Red Mask","player_choice":"Ignored","floor":47.0,"gold_loss":0.0,"damage_taken":0.0}],"is_beta":false,"boss_relics":[{"not_picked":["White Beast Statue","Sozu"],"picked":"Busted Crown"},{"not_picked":["Astrolabe","Runic Pyramid"],"picked":"Tiny House"}],"items_purged_floors":[],"is_endless":false,"potions_floor_spawned":[1,5,12,13,16,18,28,33,35,42,44],"killed_by":"Reptomancer","ascension_level":0}