{"gold_per_floor":[115,127,48,60,79,79,104,104,104,129,129,129,129,143,143,219,219,232,147,164,164],"floor_reached":21,"playtime":1194,"items_purged":[],"score":312,"play_id":"38956dad-2c48-4eff-b683-6c8c70565e37","local_time":"20190530145740","is_ascension_mode":true,"campfire_choices":[{"data":"Leg Sweep","floor":6,"key":"SMITH"},{"data":"Leg Sweep","floor":8,"key":"SMITH"},{"floor":11,"key":"REST"},{"data":"Quick Slash","floor":15,"key":"SMITH"}],"neow_cost":"NONE","seed_source_timestamp":247082936388387,"circlet_count":0,"master_deck":["AscendersBane","Defend_G","Defend_G","Defend_G","Defend_G","Defend_G","Strike_G","Strike_G","Strike_G","Strike_G","Strike_G","Survivor","Neutralize","All Out Attack","Dagger Throw","Leg Sweep+1","Leg Sweep+1","Terror","Quick Slash+1","Wraith Form v2+1","Escape Plan","A Thousand Cuts+1","Parasite","Decay","Pain","Noxious Fumes+1"],"relics":["Ring of the Snake","PreservedInsect","Frozen Egg 2","Pocketwatch","Turnip","Juzu Bracelet","Calling Bell","Potion Belt","Mercury Hourglass","Torii","Molten Egg 2"],"potions_floor_usage":[10,16],"damage_taken":[{"damage":0,"enemies":"Cultist","floor":1,"turns":4},{"damage":0,"enemies":"Jaw Worm","floor":2,"turns":3},{"damage":1,"enemies":"Small Slimes","floor":4,"turns":4},{"damage":2,"enemies":"Blue Slaver","floor":5,"turns":4},{"damage":13,"enemies":"3 Sentries","floor":7,"turns":5},{"damage":20,"enemies":"Gremlin Nob","floor":10,"turns":5},{"damage":7,"enemies":"Large Slime","floor":14,"turns":6},{"damage":53,"enemies":"Slime Boss","floor":16,"turns":18},{"damage":4,"enemies":"3 Byrds","floor":18,"turns":5},{"damage":26,"enemies":"Spheric Guardian","floor":20,"turns":7},{"damage":25,"enemies":"3 Cultists","floor":21,"turns":3}],"seed_played":"4158105423914881445","potions_obtained":[{"floor":1,"key":"Block Potion"},{"floor":4,"key":"SteroidPotion"},{"floor":16,"key":"EssenceOfSteel"},{"floor":20,"key":"SteroidPotion"}],"is_trial":false,"path_per_floor":["M","M","$","M","M","R","E","R","T","E","R","?","?","M","R","B",null,"M","?","M","M"],"character_chosen":"THE_SILENT","items_purchased":["Leg Sweep"],"campfire_rested":1,"item_purchase_floors":[3],"current_hp_per_floor":[63,63,63,62,60,60,47,47,47,27,48,23,70,63,63,10,55,51,51,25,0],"gold":164,"neow_bonus":"RANDOM_COMMON_RELIC","is_prod":false,"is_daily":false,"chose_seed":false,"campfire_upgraded":3,"win_rate":0,"timestamp":1559199460,"path_taken":["M","M","?","M","M","R","E","R","T","E","R","?","?","M","R","BOSS","M","?","M","M"],"build_version":"2019-01-23","purchased_purges":0,"victory":false,"max_hp_per_floor":[70,70,70,70,70,70,70,70,70,70,70,70,70,70,70,70,70,70,70,70,70],"card_choices":[{"not_picked":["Catalyst","Flying Knee"],"picked":"All Out Attack","floor":1},{"not_picked":["Dagger Spray","Outmaneuver"],"picked":"Dagger Throw","floor":2},{"not_picked":["Finisher","Choke"],"picked":"Leg Sweep","floor":4},{"not_picked":["Eviscerate","Blur"],"picked":"Terror","floor":5},{"not_picked":["Flying Knee","Setup"],"picked":"Quick Slash","floor":7},{"not_picked":["Blade Dance","Slice"],"picked":"Wraith Form v2+1","floor":10},{"not_picked":["Acrobatics","Choke"],"picked":"Escape Plan","floor":14},{"not_picked":["Unload","Grand Finale"],"picked":"A Thousand Cuts+1","floor":16},{"not_picked":["Underhanded Strike","Setup"],"picked":"Noxious Fumes+1","floor":18},{"not_picked":["Deflect","Blade Dance","Phantasmal Killer"],"picked":"SKIP","floor":20}],"player_experience":783783,"relics_obtained":[{"floor":7,"key":"Frozen Egg 2"},{"floor":9,"key":"Pocketwatch"},{"floor":10,"key":"Turnip"},{"floor":17,"key":"Potion Belt"},{"floor":17,"key":"Mercury Hourglass"},{"floor":17,"key":"Torii"}],"event_choices":[{"damage_healed":0,"gold_gain":0,"player_choice":"Success","damage_taken":25,"relics_obtained":["Juzu Bracelet"],"max_hp_gain":0,"max_hp_loss":0,"event_name":"Scrap Ooze","floor":12,"gold_loss":0},{"damage_healed":47,"gold_gain":0,"player_choice":"Full Heal","damage_taken":0,"max_hp_gain":0,"max_hp_loss":0,"event_name":"Wheel of Change","floor":13,"gold_loss":0},{"damage_healed":0,"gold_gain":0,"player_choice":"Obtained Relic","damage_taken":0,"relics_obtained":["Molten Egg 2"],"max_hp_gain":0,"max_hp_loss":0,"event_name":"Addict","floor":19,"gold_loss":85}],"is_beta":false,"boss_relics":[{"not_picked":["Runic Dome","Lizard Tail"],"picked":"Calling Bell"}],"items_purged_floors":[],"is_endless":false,"potions_floor_spawned":[1,4,16,20],"killed_by":"3 Cultists","ascension_level":13}