{"gold_per_floor":[116,191,191,141,141,141,170,184,184,184,209,209,227,256,256,358,358,377,377,28,28,38,38,73,73,73,104,122,152,184,216,216,319,319,336,336,382,382,382,413,413,445,471,805,821,821,136,136,136,136,136,136,17,49,49],"floor_reached":56,"playtime":3052,"items_purged":["Strike_G","Strike_G+1"],"score":1601,"play_id":"c7124f09-1a13-483a-9ede-b4cd1e3e72ae","local_time":"20190525171457","is_ascension_mode":true,"campfire_choices":[{"data":"Dagger Spray","floor":6.0,"key":"SMITH"},{"data":"Neutralize","floor":10.0,"key":"SMITH"},{"data":"Corpse Explosion","floor":15.0,"key":"SMITH"},{"data":"A Thousand Cuts","floor":23.0,"key":"SMITH"},{"data":"Bouncing Flask","floor":25.0,"key":"SMITH"},{"floor":32.0,"key":"RECALL"},{"data":"Leg Sweep","floor":41.0,"key":"SMITH"},{"data":"Footwork","floor":46.0,"key":"SMITH"},{"data":"Tools of the Trade","floor":49.0,"key":"SMITH"},{"data":"Backflip","floor":52.0,"key":"SMITH"}],"neow_cost":"NONE","seed_source_timestamp":352027085483500,"circlet_count":0,"master_deck":["Defend_G","Defend_G","Defend_G+1","Defend_G","Defend_G","Strike_G+1","Survivor+1","Neutralize+1","Corpse Explosion+1","Dagger Spray+1","Die Die Die","Escape Plan","Backflip+1","Leg Sweep+1","Unload","A Thousand Cuts+1","Bouncing Flask+1","Ghostly","Ghostly","Ghostly","Ghostly","Ghostly","PiercingWail","Blur","Bouncing Flask+1","Dash+1","Skewer","Tools of the Trade+1","Bullet Time","PiercingWail","Distraction+1","Flechettes+1","Footwork+1","Footwork+1","Noxious Fumes+1","Deadly Poison"],"special_seed":0,"relics":["Ring of the Snake","Darkstone Periapt","Tough Bandages","Paper Crane","Meat on the Bone","Pen Nib","Coffee Dripper","Anchor","OrangePellets","Whetstone","Gambling Chip","Mummified Hand","WingedGreaves","Bag of Marbles","Regal Pillow","Empty Cage","Tingsha","Dodecahedron","War Paint","Old Coin","Letter Opener","Frozen Egg 2","Snake Skull"],"potions_floor_usage":[55,55,55],"damage_taken":[{"damage":0.0,"enemies":"Cultist","floor":1.0,"turns":4.0},{"damage":17.0,"enemies":"Lagavulin","floor":7.0,"turns":7.0},{"damage":0.0,"enemies":"2 Louse","floor":8.0,"turns":1.0},{"damage":22.0,"enemies":"Gremlin Nob","floor":11.0,"turns":5.0},{"damage":0.0,"enemies":"Small Slimes","floor":13.0,"turns":2.0},{"damage":0.0,"enemies":"Lagavulin","floor":14.0,"turns":6.0},{"damage":11.0,"enemies":"The Guardian","floor":16.0,"turns":16.0},{"damage":7.0,"enemies":"Shell Parasite","floor":18.0,"turns":6.0},{"damage":5.0,"enemies":"3 Byrds","floor":22.0,"turns":3.0},{"damage":0.0,"enemies":"Book of Stabbing","floor":24.0,"turns":7.0},{"damage":0.0,"enemies":"Gremlin Leader","floor":27.0,"turns":7.0},{"damage":0.0,"enemies":"Snake Plant","floor":28.0,"turns":4.0},{"damage":2.0,"enemies":"Slavers","floor":29.0,"turns":5.0},{"damage":0.0,"enemies":"Book of Stabbing","floor":30.0,"turns":6.0},{"damage":0.0,"enemies":"Slavers","floor":31.0,"turns":3.0},{"damage":9.0,"enemies":"Automaton","floor":33.0,"turns":9.0},{"damage":0.0,"enemies":"3 Shapes","floor":35.0,"turns":1.0},{"damage":7.0,"enemies":"2 Orb Walkers","floor":37.0,"turns":4.0},{"damage":0.0,"enemies":"Nemesis","floor":40.0,"turns":7.0},{"damage":7.0,"enemies":"Reptomancer","floor":42.0,"turns":7.0},{"damage":7.0,"enemies":"Nemesis","floor":44.0,"turns":7.0},{"damage":0.0,"enemies":"3 Darklings","floor":45.0,"turns":4.0},{"damage":1.0,"enemies":"Awakened One","floor":50.0,"turns":18.0},{"damage":4.0,"enemies":"Shield and Spear","floor":54.0,"turns":5.0},{"damage":12,"enemies":"The Heart","floor":55,"turns":8}],"seed_played":"6611247467610532991","potions_obtained":[{"floor":1.0,"key":"GhostInAJar"},{"floor":11.0,"key":"GhostInAJar"},{"floor":13.0,"key":"PowerPotion"},{"floor":14.0,"key":"Swift Potion"},{"floor":30.0,"key":"EssenceOfSteel"},{"floor":33.0,"key":"Poison Potion"},{"floor":39.0,"key":"Weak Potion"},{"floor":39.0,"key":"Ancient Potion"},{"floor":44.0,"key":"Poison Potion"}],"is_trial":false,"path_per_floor":["M","?","?","$","?","R","E","M","T","R","E","?","M","E","R","B",null,"M","?","$","?","M","R","E","R","T","E","M","E","E","E","R","B",null,"M","?","?","$","?","E","R","E","T","E","M","R","$","?","R","B",null,"R","$","E","B",null],"character_chosen":"THE_SILENT","items_purchased":["Fire Potion","OrangePellets","GhostInAJar","Letter Opener","Frozen Egg 2","Footwork+1","Noxious Fumes+1","PowerPotion"],"campfire_rested":0,"item_purchase_floors":[4,20,20,47,47,47,53,53],"current_hp_per_floor":[70,59,47,47,52,52,35,35,35,35,13,13,25,37,37,38,75,68,68,68,37,32,32,32,32,32,32,32,30,30,30,30,21,37,37,37,30,30,30,30,30,23,23,28,28,28,28,28,28,27,35,35,35,31,19],"gold":49,"neow_bonus":"ONE_RANDOM_RARE_CARD","is_prod":false,"is_daily":false,"chose_seed":false,"campfire_upgraded":9,"win_rate":1,"timestamp":1558797297,"path_taken":["M","?","?","$","?","R","E","?","T","R","E","?","M","E","R","BOSS","M","?","$","?","M","R","E","R","T","E","M","E","E","E","R","BOSS","M","?","?","$","?","E","R","E","T","E","?","R","$","?","R","BOSS","R","$","E","BOSS"],"build_version":"2019-01-23","purchased_purges":2,"victory":true,"max_hp_per_floor":[70,70,70,70,75,75,75,75,75,75,75,75,75,75,75,75,75,75,75,75,37,37,37,37,37,37,37,37,37,37,37,37,37,37,37,37,37,37,37,37,37,37,37,37,37,37,37,35,35,35,35,35,35,35,35],"card_choices":[{"not_picked":["Underhanded Strike","Dagger Throw"],"picked":"Dagger Spray","floor":1.0},{"not_picked":["Flying Knee","Predator"],"picked":"Die Die Die","floor":7.0},{"not_picked":["Deflect","Reflex"],"picked":"Escape Plan","floor":8.0},{"not_picked":["Quick Slash","Sucker Punch"],"picked":"Backflip","floor":11.0},{"not_picked":["Outmaneuver","Dodge and Roll"],"picked":"Leg Sweep","floor":13.0},{"not_picked":["Bane","Quick Slash"],"picked":"Unload","floor":14.0},{"not_picked":["Night Terror","Bullet Time"],"picked":"A Thousand Cuts","floor":16.0},{"not_picked":["Deadly Poison","Footwork"],"picked":"Bouncing Flask","floor":18.0},{"not_picked":["Deflect+1","Reflex"],"picked":"PiercingWail","floor":22.0},{"not_picked":["Acrobatics+1","Phantasmal Killer"],"picked":"Blur","floor":24.0},{"not_picked":["Finisher","Dash"],"picked":"Bouncing Flask+1","floor":27.0},{"not_picked":["Dagger Spray","Slice","Acrobatics"],"picked":"SKIP","floor":28.0},{"not_picked":["Deflect","Blade Dance"],"picked":"Dash+1","floor":29.0},{"not_picked":["Outmaneuver","Acrobatics"],"picked":"Skewer","floor":30.0},{"not_picked":["Endless Agony","Distraction"],"picked":"Tools of the Trade","floor":31.0},{"not_picked":["Unload","Malaise"],"picked":"Bullet Time","floor":33.0},{"not_picked":["Flying Knee+1","Outmaneuver+1"],"picked":"PiercingWail","floor":35.0},{"not_picked":["Predator","Endless Agony"],"picked":"Distraction+1","floor":40.0},{"not_picked":["Reflex","Backflip"],"picked":"Flechettes+1","floor":42.0},{"not_picked":["Dagger Spray","Riddle With Holes+1","Infinite Blades"],"picked":"SKIP","floor":44.0},{"not_picked":["Prepared+1","Tactician"],"picked":"Footwork","floor":45.0},{"not_picked":["Sucker Punch+1","Finisher"],"picked":"Deadly Poison","floor":54.0}],"player_experience":9856,"relics_obtained":[{"floor":7.0,"key":"Tough Bandages"},{"floor":9.0,"key":"Paper Crane"},{"floor":11.0,"key":"Meat on the Bone"},{"floor":14.0,"key":"Pen Nib"},{"floor":24.0,"key":"Whetstone"},{"floor":26.0,"key":"Gambling Chip"},{"floor":27.0,"key":"Mummified Hand"},{"floor":29.0,"key":"WingedGreaves"},{"floor":30.0,"key":"Bag of Marbles"},{"floor":31.0,"key":"Regal Pillow"},{"floor":37.0,"key":"Tingsha"},{"floor":40.0,"key":"Dodecahedron"},{"floor":42.0,"key":"War Paint"},{"floor":44.0,"key":"Old Coin"},{"floor":54.0,"key":"Snake Skull"}],"event_choices":[{"damage_healed":0.0,"max_hp_gain":0.0,"max_hp_loss":0.0,"gold_gain":75.0,"event_name":"World of Goop","player_choice":"Gather Gold","floor":2.0,"gold_loss":0.0,"damage_taken":11.0},{"damage_healed":0.0,"max_hp_gain":0.0,"max_hp_loss":0.0,"gold_gain":0.0,"event_name":"Scrap Ooze","player_choice":"Success","floor":3.0,"gold_loss":0.0,"damage_taken":12.0,"relics_obtained":["Darkstone Periapt"]},{"damage_healed":0.0,"max_hp_gain":5.0,"max_hp_loss":0.0,"gold_gain":0.0,"event_name":"Big Fish","player_choice":"Donut","floor":5.0,"gold_loss":0.0,"damage_taken":0.0},{"damage_healed":0.0,"max_hp_gain":0.0,"max_hp_loss":0.0,"gold_gain":0.0,"event_name":"Liars Game","player_choice":"Ignored","floor":12.0,"gold_loss":0.0,"damage_taken":0.0},{"damage_healed":0.0,"max_hp_gain":0.0,"max_hp_loss":0.0,"gold_gain":0.0,"event_name":"The Mausoleum","player_choice":"Opened","floor":19.0,"gold_loss":0.0,"damage_taken":0.0,"relics_obtained":["Anchor"]},{"damage_healed":0.0,"max_hp_gain":0.0,"max_hp_loss":38.0,"gold_gain":0.0,"event_name":"Ghosts","player_choice":"Became a Ghost","floor":21.0,"gold_loss":0.0,"damage_taken":0.0,"cards_obtained":["Ghostly","Ghostly","Ghostly","Ghostly","Ghostly"]},{"damage_healed":0.0,"max_hp_gain":0.0,"max_hp_loss":0.0,"gold_gain":0.0,"event_name":"Tomb of Lord Red Mask","player_choice":"Ignored","floor":36.0,"gold_loss":0.0,"damage_taken":0.0},{"damage_healed":0.0,"max_hp_gain":0.0,"max_hp_loss":0.0,"gold_gain":0.0,"event_name":"Mysterious Sphere","player_choice":"Fight","floor":37.0,"gold_loss":0.0,"damage_taken":0.0},{"damage_healed":0.0,"max_hp_gain":0.0,"max_hp_loss":0.0,"gold_gain":0.0,"event_name":"Lab","player_choice":"Got Potions","floor":39.0,"gold_loss":0.0,"damage_taken":0.0},{"damage_healed":0.0,"max_hp_gain":0.0,"max_hp_loss":2.0,"gold_gain":0.0,"event_name":"Winding Halls","player_choice":"Max HP","floor":48.0,"gold_loss":0.0,"damage_taken":0.0}],"is_beta":false,"boss_relics":[{"not_picked":["Orrery","Tiny House"],"picked":"Coffee Dripper"},{"not_picked":["Ring of the Serpent","Black Star"],"picked":"Empty Cage"}],"items_purged_floors":[20,47],"is_endless":false,"potions_floor_spawned":[1,11,13,14,22,30,33,37,42,44],"ascension_level":1}