{"gold_per_floor":[367,29,40,56,6,6,39,69,92,92,119,144,160,187,199,314,326,352,12,26,40,40,40,65,65,142,142,142,160,174,191,191,291,291,310,310,323,323,334,334,434,434,434,434,43,69,85,115,115,115],"floor_reached":51,"playtime":4779,"items_purged":["Pain"],"score":1080,"play_id":"67c41dc2-b4ce-41a4-808b-85e6423cd1f2","local_time":"20190313145622","is_ascension_mode":true,"campfire_choices":[{"data":"Survivor","floor":6,"key":"SMITH"},{"floor":10,"key":"REST"},{"data":"Neutralize","floor":15,"key":"SMITH"},{"data":"Dodge and Roll","floor":23,"key":"SMITH"},{"data":"Noxious Fumes","floor":32,"key":"SMITH"},{"data":"Adrenaline","floor":40,"key":"SMITH"},{"data":"Adrenaline","floor":44,"key":"SMITH"},{"data":"After Image","floor":49,"key":"SMITH"}],"neow_cost":"CURSE","seed_source_timestamp":2225838694399948,"circlet_count":0,"master_deck":["Defend_G","Defend_G","Defend_G","Defend_G+1","Defend_G","Survivor+1","Neutralize+1","Sucker Punch+1","Underhanded Strike+1","Skewer+1","Heel Hook+1","Night Terror","Caltrops+1","Noxious Fumes+1","Dodge and Roll+1","Adrenaline+1","Bite+1","Bite+1","Bite+1","Cloak And Dagger+1","Backflip","Dodge and Roll+1","Die Die Die+1","Backflip+1","Adrenaline+1","Heel Hook+1","Well Laid Plans+1","Enlightenment","Madness","Survivor+1","Sadistic Nature","Backflip","Dagger Throw+1","Parasite","Backflip+1","After Image+1"],"relics":["Ring of the Snake","Molten Egg 2","Ancient Tea Set","Oddly Smooth Stone","Orichalcum","StoneCalendar","Bronze Scales","MawBank","Sozu","Gremlin Horn","Happy Flower","Question Card","Empty Cage","Tough Bandages","Blue Candle","DollysMirror","War Paint","FossilizedHelix"],"potions_floor_usage":[7,33,33,47],"damage_taken":[{"damage":2,"enemies":"2 Louse","floor":1,"turns":3},{"damage":0,"enemies":"Jaw Worm","floor":3,"turns":6},{"damage":0,"enemies":"Small Slimes","floor":4,"turns":1},{"damage":19,"enemies":"Lagavulin","floor":7,"turns":8},{"damage":4,"enemies":"3 Sentries","floor":11,"turns":5},{"damage":0,"enemies":"Exordium Wildlife","floor":13,"turns":4},{"damage":17,"enemies":"Lagavulin","floor":14,"turns":6},{"damage":2,"enemies":"Hexaghost","floor":16,"turns":8},{"damage":0,"enemies":"Chosen","floor":18,"turns":4},{"damage":0,"enemies":"3 Byrds","floor":20,"turns":3},{"damage":14,"enemies":"3 Cultists","floor":21,"turns":5},{"damage":27,"enemies":"Gremlin Leader","floor":24,"turns":6},{"damage":0,"enemies":"Chosen and Byrds","floor":29,"turns":4},{"damage":11,"enemies":"Snake Plant","floor":30,"turns":4},{"damage":22,"enemies":"Snecko","floor":31,"turns":6},{"damage":45,"enemies":"Automaton","floor":33,"turns":11},{"damage":25,"enemies":"3 Darklings","floor":35,"turns":4},{"damage":5,"enemies":"Orb Walker","floor":37,"turns":3},{"damage":1,"enemies":"Sphere and 2 Shapes","floor":39,"turns":5},{"damage":0,"enemies":"Mind Bloom Boss Battle","floor":41,"turns":6},{"damage":0,"enemies":"Nemesis","floor":46,"turns":8},{"damage":2,"enemies":"Writhing Mass","floor":47,"turns":7},{"damage":16,"enemies":"Giant Head","floor":48,"turns":9},{"damage":1,"enemies":"Donu and Deca","floor":50,"turns":11}],"seed_played":"-5491293995953898068","potions_obtained":[{"floor":3,"key":"FearPotion"},{"floor":7,"key":"Weak Potion"},{"floor":13,"key":"Ancient Potion"},{"floor":16,"key":"Strength Potion"}],"is_trial":false,"path_per_floor":["M","$","M","M","?","R","E","?","T","R","E","T","M","E","R","B",null,"M","$","M","M","$","R","E","?","T","?","?","M","M","M","R","B",null,"M","?","M","?","M","R","?","?","T","R","$","E","M","E","R","B",null],"character_chosen":"THE_SILENT","items_purchased":["Molten Egg 2","Sucker Punch+1","Noxious Fumes","Gremlin Horn","Dodge and Roll","DollysMirror","Sadistic Nature","Backflip"],"campfire_rested":1,"item_purchase_floors":[2,2,19,19,19,45,45,45],"current_hp_per_floor":[61,61,61,61,61,61,42,42,42,63,59,59,59,42,42,40,63,63,63,63,49,49,49,22,22,22,38,49,49,38,42,42,25,43,33,33,34,34,42,42,49,39,39,39,39,49,47,42,42,49],"gold":115,"neow_bonus":"TWO_FIFTY_GOLD","is_prod":false,"is_daily":false,"chose_seed":false,"campfire_upgraded":7,"win_rate":0,"timestamp":1552467382,"path_taken":["M","$","M","M","?","R","E","?","T","R","E","?","M","E","R","BOSS","M","$","M","M","$","R","E","?","T","?","?","?","?","M","R","BOSS","M","?","M","?","M","R","?","?","T","R","$","E","?","E","R","BOSS"],"build_version":"2019-01-23","purchased_purges":1,"victory":true,"max_hp_per_floor":[70,70,70,70,70,70,70,70,70,70,70,70,70,70,70,70,70,70,70,70,70,70,70,70,49,49,49,49,49,49,49,49,49,49,49,49,49,49,49,49,49,49,49,49,49,49,49,49,49,49],"card_choices":[{"not_picked":["Accuracy","Finisher","Bane"],"picked":"SKIP","floor":1},{"not_picked":["PiercingWail","Calculated Gamble"],"picked":"Dagger Spray+1","floor":3},{"not_picked":["Acrobatics","Dagger Throw+1"],"picked":"Underhanded Strike+1","floor":4},{"not_picked":["Distraction","Flying Knee+1"],"picked":"Skewer+1","floor":7},{"not_picked":["Riddle With Holes+1","Bouncing Flask","Envenom"],"picked":"SKIP","floor":11},{"not_picked":["Skewer+1","Quick Slash+1","All Out Attack+1"],"picked":"SKIP","floor":13},{"not_picked":["Flying Knee+1","Reflex"],"picked":"Heel Hook+1","floor":14},{"not_picked":["Unload+1","Die Die Die+1"],"picked":"Night Terror","floor":16},{"not_picked":["Expertise","Deadly Poison"],"picked":"Caltrops+1","floor":18},{"not_picked":["Deadly Poison+1","Dagger Spray+1","Flechettes+1"],"picked":"SKIP","floor":20},{"not_picked":["Caltrops+1","Dagger Throw+1","Flechettes+1"],"picked":"SKIP","floor":21},{"not_picked":["Caltrops","Bane+1"],"picked":"Adrenaline","floor":24},{"not_picked":["Bane+1","Catalyst+1","Flying Knee+1"],"picked":"Cloak And Dagger+1","floor":29},{"not_picked":["Poisoned Stab+1","Expertise","Crippling Poison"],"picked":"Backflip","floor":30},{"not_picked":["Choke+1","Crippling Poison","Caltrops"],"picked":"Dodge and Roll","floor":31},{"not_picked":["Doppelganger","Glass Knife+1","Envenom"],"picked":"Die Die Die+1","floor":33},{"not_picked":["Calculated Gamble+1","Acrobatics+1","Distraction+1"],"picked":"Backflip+1","floor":35},{"not_picked":["Slice+1","Underhanded Strike+1","Accuracy+1"],"picked":"Adrenaline","floor":37},{"not_picked":["Acrobatics+1","Escape Plan+1","Cloak And Dagger"],"picked":"Heel Hook+1","floor":39},{"not_picked":["Quick Slash+1","Flying Knee+1","Riddle With Holes+1"],"picked":"Well Laid Plans+1","floor":41},{"not_picked":["Good Instincts","Deep Breath","Discovery"],"picked":"Enlightenment","floor":42},{"not_picked":["Blind","Finesse","Deep Breath"],"picked":"Madness","floor":42},{"not_picked":["Deadly Poison+1","Skewer+1","Heel Hook+1"],"picked":"Dagger Throw+1","floor":46},{"not_picked":["Flechettes+1","Bouncing Flask","Deadly Poison+1"],"picked":"Backflip+1","floor":47},{"not_picked":["Deflect+1","Bane+1","Leg Sweep+1"],"picked":"After Image","floor":48}],"player_experience":989172,"relics_obtained":[{"floor":7,"key":"Ancient Tea Set"},{"floor":9,"key":"Orichalcum"},{"floor":11,"key":"StoneCalendar"},{"floor":12,"key":"Bronze Scales"},{"floor":14,"key":"MawBank"},{"floor":24,"key":"Happy Flower"},{"floor":26,"key":"Question Card"},{"floor":41,"key":"Tough Bandages"},{"floor":43,"key":"Blue Candle"},{"floor":46,"key":"War Paint"},{"floor":48,"key":"FossilizedHelix"}],"event_choices":[{"cards_removed":["Strike_G"],"damage_healed":0,"gold_gain":0,"player_choice":"Card Removal","damage_taken":0,"max_hp_gain":0,"max_hp_loss":0,"event_name":"The Cleric","floor":5,"gold_loss":50},{"damage_healed":0,"gold_gain":30,"player_choice":"Searched \u00272\u0027 times","damage_taken":0,"relics_obtained":["Oddly Smooth Stone"],"max_hp_gain":0,"max_hp_loss":0,"event_name":"Dead Adventurer","floor":8,"gold_loss":0},{"damage_healed":0,"gold_gain":0,"player_choice":"Became a vampire","damage_taken":0,"max_hp_gain":0,"max_hp_loss":21,"event_name":"Vampires","floor":25,"gold_loss":0,"cards_obtained":["Bite","Bite","Bite","Bite","Bite"]},{"damage_healed":16,"gold_gain":0,"player_choice":"Heal","damage_taken":0,"max_hp_gain":0,"max_hp_loss":0,"event_name":"The Library","floor":27,"gold_loss":0},{"damage_healed":11,"gold_gain":0,"player_choice":"Full Heal","damage_taken":0,"max_hp_gain":0,"max_hp_loss":0,"event_name":"Wheel of Change","floor":28,"gold_loss":0},{"cards_removed":["Bite"],"damage_healed":0,"gold_gain":0,"player_choice":"Removed Attack","damage_taken":0,"max_hp_gain":0,"max_hp_loss":0,"event_name":"Falling","floor":36,"gold_loss":0},{"damage_healed":0,"gold_gain":0,"player_choice":"Ignored","damage_taken":0,"max_hp_gain":0,"max_hp_loss":0,"event_name":"Tomb of Lord Red Mask","floor":38,"gold_loss":0},{"damage_healed":0,"gold_gain":0,"player_choice":"Fight","damage_taken":0,"max_hp_gain":0,"max_hp_loss":0,"event_name":"MindBloom","floor":41,"gold_loss":0},{"damage_healed":0,"gold_gain":0,"player_choice":"Memory 3","damage_taken":10,"max_hp_gain":0,"max_hp_loss":0,"event_name":"SensoryStone","floor":42,"gold_loss":0}],"is_beta":false,"boss_relics":[{"not_picked":["Black Star","Ectoplasm"],"picked":"Sozu"},{"not_picked":["Velvet Choker","HoveringKite"],"picked":"Empty Cage"}],"items_purged_floors":[2],"is_endless":false,"potions_floor_spawned":[3,7,13,16,18,24,31,35,37,46,48],"ascension_level":8}