{"gold_per_floor":[118,193,209,189,207,237,237,256,256,256,291,307,307,307,307,406,406,421,421,421,440,458,458,458],"floor_reached":24,"playtime":910,"items_purged":[],"score":268,"play_id":"a694d306-0d05-417a-812b-9a26b5642062","local_time":"20190528133137","is_ascension_mode":true,"campfire_choices":[{"data":"Skewer","floor":7,"key":"SMITH"},{"floor":10,"key":"REST"},{"floor":13,"key":"REST"},{"data":"Crippling Poison","floor":15,"key":"SMITH"},{"floor":23,"key":"REST"}],"neow_cost":"NONE","seed_source_timestamp":230192134579600,"circlet_count":0,"master_deck":["Survivor","Neutralize","Quick Slash","Flying Knee","Deadly Poison","Skewer+1","Crippling Poison+1","Deadly Poison","A Thousand Cuts","Blur","Concentrate","Predator","After Image","Dodge and Roll","Skewer","Well Laid Plans","Blur","Wraith Form v2","Cloak And Dagger","Cloak And Dagger","Noxious Fumes"],"relics":["Ring of the Snake","NeowsBlessing","Ancient Tea Set","Vajra","Shuriken","Pandora\u0027s Box","Matryoshka"],"potions_floor_usage":[16,16,21],"damage_taken":[{"damage":0,"enemies":"Jaw Worm","floor":1,"turns":1},{"damage":0,"enemies":"Cultist","floor":3,"turns":1},{"damage":0,"enemies":"Small Slimes","floor":5,"turns":1},{"damage":32,"enemies":"3 Sentries","floor":6,"turns":12},{"damage":5,"enemies":"Gremlin Gang","floor":8,"turns":5},{"damage":9,"enemies":"Lagavulin","floor":11,"turns":5},{"damage":10,"enemies":"3 Louse","floor":12,"turns":4},{"damage":24,"enemies":"The Guardian","floor":16,"turns":9},{"damage":0,"enemies":"2 Thieves","floor":18,"turns":4},{"damage":18,"enemies":"Spheric Guardian","floor":21,"turns":5},{"damage":17,"enemies":"Chosen and Byrds","floor":22,"turns":8},{"damage":41,"enemies":"Slavers","floor":24,"turns":6}],"seed_played":"-7906004246116305146","potions_obtained":[{"floor":1,"key":"Swift Potion"},{"floor":3,"key":"PowerPotion"},{"floor":4,"key":"SpeedPotion"},{"floor":18,"key":"Weak Potion"}],"is_trial":false,"path_per_floor":["M","?","M","?","M","E","R","M","T","R","E","M","R","?","R","B",null,"M","?","?","M","M","R","E"],"character_chosen":"THE_SILENT","items_purchased":[],"campfire_rested":3,"item_purchase_floors":[],"current_hp_per_floor":[63,52,52,52,52,20,20,15,15,36,27,17,38,38,38,14,56,56,56,56,38,21,42,1],"gold":458,"neow_bonus":"THREE_ENEMY_KILL","is_prod":false,"is_daily":false,"chose_seed":false,"campfire_upgraded":2,"win_rate":0,"timestamp":1559043097,"path_taken":["M","?","M","?","?","E","R","M","T","R","E","M","R","?","R","BOSS","M","?","?","?","M","R","E"],"build_version":"2019-01-23","purchased_purges":0,"victory":false,"max_hp_per_floor":[70,70,70,70,70,70,70,70,70,70,70,70,70,70,70,70,70,70,70,70,70,70,70,70],"card_choices":[{"not_picked":["Accuracy","Choke"],"picked":"Quick Slash","floor":1},{"not_picked":["Outmaneuver","Sucker Punch"],"picked":"Flying Knee","floor":3},{"not_picked":["Blade Dance","Setup"],"picked":"Deadly Poison","floor":5},{"not_picked":["Dagger Throw","Deflect"],"picked":"Skewer","floor":6},{"not_picked":["Sucker Punch","Setup","Unload"],"picked":"SKIP","floor":8},{"not_picked":["All Out Attack","Noxious Fumes"],"picked":"Crippling Poison","floor":11},{"not_picked":["PiercingWail","Finisher"],"picked":"Deadly Poison","floor":12},{"not_picked":["Grand Finale","Venomology"],"picked":"A Thousand Cuts","floor":16},{"not_picked":["Heel Hook+1","Quick Slash"],"picked":"Cloak And Dagger","floor":18},{"not_picked":["Flying Knee+1","Outmaneuver","Quick Slash"],"picked":"SKIP","floor":21},{"not_picked":["Prepared","Catalyst+1"],"picked":"Noxious Fumes","floor":22}],"player_experience":59125,"relics_obtained":[{"floor":6,"key":"Ancient Tea Set"},{"floor":9,"key":"Vajra"},{"floor":11,"key":"Shuriken"}],"event_choices":[{"damage_healed":0,"gold_gain":75,"player_choice":"Gather Gold","damage_taken":11,"max_hp_gain":0,"max_hp_loss":0,"event_name":"World of Goop","floor":2,"gold_loss":0},{"damage_healed":0,"gold_gain":0,"player_choice":"Bought 1 Potion","damage_taken":0,"max_hp_gain":0,"max_hp_loss":0,"event_name":"The Woman in Blue","floor":4,"gold_loss":0},{"damage_healed":0,"gold_gain":0,"player_choice":"Ignored","damage_taken":0,"max_hp_gain":0,"max_hp_loss":0,"event_name":"Liars Game","floor":14,"gold_loss":0},{"damage_healed":0,"gold_gain":0,"player_choice":"Opened","damage_taken":0,"relics_obtained":["Matryoshka"],"max_hp_gain":0,"max_hp_loss":0,"event_name":"The Mausoleum","floor":19,"gold_loss":0,"cards_obtained":["Writhe"]},{"cards_removed":["Writhe"],"damage_healed":0,"gold_gain":0,"player_choice":"Removed Curses","damage_taken":0,"max_hp_gain":0,"max_hp_loss":0,"event_name":"Fountain of Cleansing","floor":20,"gold_loss":0}],"is_beta":false,"boss_relics":[{"not_picked":["Runic Dome","Calling Bell"],"picked":"Pandora\u0027s Box"}],"items_purged_floors":[],"is_endless":false,"potions_floor_spawned":[1,3,18],"killed_by":"Slavers","ascension_level":6}