{"gold_per_floor":[113,113,12,42,52,87,102,102,129,154,154,187,202,219,219,219],"floor_reached":16,"playtime":427,"items_purged":[],"score":283,"play_id":"685e6fa6-c34c-4416-afc7-c1635fc06b92","local_time":"20190523141004","is_ascension_mode":true,"campfire_choices":[{"data":"Corruption","floor":8,"key":"SMITH"},{"data":"Immolate","floor":11,"key":"SMITH"},{"data":"Shockwave","floor":15,"key":"SMITH"}],"neow_cost":"NONE","seed_source_timestamp":4507144873430499,"circlet_count":0,"master_deck":["AscendersBane","Strike_R","Strike_R","Strike_R","Strike_R","Strike_R","Defend_R","Defend_R","Defend_R","Defend_R","Bash+1","Sword Boomerang","Corruption+1","Anger","Cleave","Shrug It Off","Shockwave+1","Immolate+1","Feed","Warcry+1"],"relics":["Burning Blood","NeowsBlessing","Tiny Chest","PreservedInsect","Smiling Mask","Ancient Tea Set","Toxic Egg 2"],"potions_floor_usage":[],"damage_taken":[{"damage":0,"enemies":"Cultist","floor":1,"turns":1},{"damage":0,"enemies":"Small Slimes","floor":5,"turns":1},{"damage":0,"enemies":"Gremlin Nob","floor":6,"turns":1},{"damage":6,"enemies":"2 Louse","floor":7,"turns":3},{"damage":7,"enemies":"Lagavulin","floor":10,"turns":6},{"damage":12,"enemies":"3 Sentries","floor":12,"turns":3},{"damage":0,"enemies":"Gremlin Gang","floor":13,"turns":1},{"damage":26,"enemies":"Red Slaver","floor":14,"turns":6},{"damage":55,"enemies":"Hexaghost","floor":16,"turns":9}],"seed_played":"6233406842711619363","potions_obtained":[{"floor":5,"key":"GamblersBrew"},{"floor":10,"key":"Ancient Potion"}],"is_trial":false,"path_per_floor":["M","?","$","?","M","E","M","R","T","E","R","E","M","M","R","B"],"character_chosen":"IRONCLAD","items_purchased":["Corruption","Anger"],"campfire_rested":0,"item_purchase_floors":[3,3],"current_hp_per_floor":[74,74,74,63,69,75,75,75,75,74,74,68,74,54,54,0],"gold":219,"neow_bonus":"THREE_ENEMY_KILL","is_prod":false,"is_daily":false,"chose_seed":false,"campfire_upgraded":3,"win_rate":0,"timestamp":1558599004,"path_taken":["M","?","$","?","M","E","M","R","T","E","R","E","M","M","R","BOSS"],"build_version":"2019-01-23","purchased_purges":0,"victory":false,"max_hp_per_floor":[75,75,75,75,75,75,75,75,75,75,75,75,75,75,75,75],"card_choices":[{"not_picked":["Havoc","Searing Blow"],"picked":"Sword Boomerang","floor":1},{"not_picked":["True Grit","Heavy Blade"],"picked":"Cleave","floor":5},{"not_picked":["Wild Strike","Power Through"],"picked":"Shrug It Off","floor":6},{"not_picked":["Perfected Strike","Hemokinesis"],"picked":"Shockwave","floor":7},{"not_picked":["True Grit","Uppercut"],"picked":"Immolate","floor":10},{"not_picked":["Twin Strike","Dropkick"],"picked":"Feed","floor":12},{"not_picked":["Combust","Headbutt","Ghostly Armor+1"],"picked":"SKIP","floor":13},{"not_picked":["Entrench+1","Sword Boomerang"],"picked":"Warcry+1","floor":14}],"player_experience":1394425,"relics_obtained":[{"floor":6,"key":"PreservedInsect"},{"floor":9,"key":"Smiling Mask"},{"floor":10,"key":"Ancient Tea Set"},{"floor":12,"key":"Toxic Egg 2"}],"event_choices":[{"damage_healed":0,"gold_gain":0,"player_choice":"Grow","damage_taken":0,"max_hp_gain":0,"max_hp_loss":0,"event_name":"Living Wall","floor":2,"gold_loss":0,"cards_upgraded":["Bash"]},{"damage_healed":0,"gold_gain":0,"player_choice":"Success","damage_taken":11,"relics_obtained":["Tiny Chest"],"max_hp_gain":0,"max_hp_loss":0,"event_name":"Scrap Ooze","floor":4,"gold_loss":0}],"is_beta":false,"boss_relics":[],"items_purged_floors":[],"is_endless":false,"potions_floor_spawned":[5,10],"killed_by":"Hexaghost","ascension_level":19}