{"gold_per_floor":[209,209,284,304,45,72,72,98,98,110,110,110,128,155,155,155],"floor_reached":16,"playtime":1236,"items_purged":[],"score":205,"play_id":"6257753a-086e-472a-a2fb-52c5187a8c9a","local_time":"20190426135231","is_ascension_mode":true,"campfire_choices":[{"floor":7,"key":"REST"},{"data":"Self Repair","floor":12,"key":"SMITH"},{"data":"Sunder","floor":15,"key":"SMITH"}],"neow_cost":"NONE","seed_source_timestamp":2172457206412359,"circlet_count":0,"master_deck":["AscendersBane","Strike_B","Strike_B","Strike_B","Strike_B+1","Defend_B","Defend_B","Defend_B","Defend_B","Zap+1","Dualcast","Sunder+1","Flash of Steel","Static Discharge","Rebound","Self Repair+1","Cold Snap","Steam","Compile Driver"],"relics":["Cracked Core","Blue Candle","Odd Mushroom","Kunai","Boot"],"potions_floor_usage":[6,8],"damage_taken":[{"damage":1,"enemies":"2 Louse","floor":1,"turns":2},{"damage":4,"enemies":"Small Slimes","floor":4,"turns":3},{"damage":35,"enemies":"3 Sentries","floor":6,"turns":7},{"damage":9,"enemies":"The Mushroom Lair","floor":8,"turns":3},{"damage":2,"enemies":"Jaw Worm","floor":10,"turns":4},{"damage":7,"enemies":"Exordium Wildlife","floor":13,"turns":4},{"damage":19,"enemies":"Lagavulin","floor":14,"turns":6},{"damage":17,"enemies":"The Guardian","floor":16,"turns":8}],"seed_played":"-67120646560709956","potions_obtained":[{"floor":1,"key":"Explosive Potion"},{"floor":6,"key":"Dexterity Potion"},{"floor":13,"key":"Ancient Potion"}],"is_trial":false,"path_per_floor":["M","?","?","M","$","E","R","?","T","M","?","R","M","E","R","B"],"character_chosen":"DEFECT","items_purchased":["Flash of Steel","Static Discharge","Regen Potion"],"campfire_rested":1,"item_purchase_floors":[5,5,5],"current_hp_per_floor":[63,42,31,27,27,7,28,19,19,24,29,29,22,13,13,0],"gold":155,"neow_bonus":"HUNDRED_GOLD","is_prod":false,"is_daily":false,"chose_seed":false,"campfire_upgraded":2,"win_rate":0,"timestamp":1556265151,"path_taken":["M","?","?","M","$","E","R","?","T","M","?","R","M","E","R","BOSS"],"build_version":"2019-01-23","purchased_purges":0,"victory":false,"max_hp_per_floor":[71,71,71,71,71,71,71,71,71,71,76,76,76,76,76,76],"card_choices":[{"not_picked":["Hello World","Beam Cell","Streamline"],"picked":"SKIP","floor":1},{"not_picked":["Skim","Undo"],"picked":"Sunder","floor":4},{"not_picked":["Storm","Gash"],"picked":"Rebound","floor":6},{"not_picked":["Steam Power","Gash"],"picked":"Self Repair","floor":8},{"not_picked":["Stack","Undo"],"picked":"Cold Snap","floor":10},{"not_picked":["Static Discharge","Force Field"],"picked":"Steam","floor":13},{"not_picked":["Doom and Gloom","Redo"],"picked":"Compile Driver","floor":14}],"player_experience":1231568,"relics_obtained":[{"floor":6,"key":"Blue Candle"},{"floor":8,"key":"Odd Mushroom"},{"floor":9,"key":"Kunai"},{"floor":14,"key":"Boot"}],"event_choices":[{"damage_healed":0,"gold_gain":0,"player_choice":"Entered Light","damage_taken":21,"max_hp_gain":0,"max_hp_loss":0,"event_name":"Shining Light","floor":2,"gold_loss":0,"cards_upgraded":["Strike_B","Zap"]},{"damage_healed":0,"gold_gain":75,"player_choice":"Gather Gold","damage_taken":11,"max_hp_gain":0,"max_hp_loss":0,"event_name":"World of Goop","floor":3,"gold_loss":0},{"damage_healed":0,"gold_gain":0,"player_choice":"Fought Mushrooms","damage_taken":0,"max_hp_gain":0,"max_hp_loss":0,"event_name":"Mushrooms","floor":8,"gold_loss":0},{"damage_healed":0,"gold_gain":0,"player_choice":"Donut","damage_taken":0,"max_hp_gain":5,"max_hp_loss":0,"event_name":"Big Fish","floor":11,"gold_loss":0}],"is_beta":false,"boss_relics":[],"items_purged_floors":[],"is_endless":false,"potions_floor_spawned":[1,6,13],"killed_by":"The Guardian","ascension_level":18}