{"gold_per_floor":[112,127,127,141,141,141,173,173,173,204,224,152,169,186,186,286,286,298,308,308,116,116,116,149,161],"floor_reached":25,"playtime":1218,"items_purged":[],"score":393,"play_id":"19b14064-5fec-471f-a195-7eaf3a257585","local_time":"20190515214211","is_ascension_mode":true,"campfire_choices":[{"floor":6.0,"key":"REST"},{"floor":8.0,"key":"REST"},{"floor":15.0,"key":"REST"},{"floor":23.0,"key":"REST"}],"neow_cost":"PERCENT_DAMAGE","seed_source_timestamp":342637924586592,"circlet_count":0,"master_deck":["Strike_B+1","Strike_B","Strike_B+1","Defend_B","Defend_B","Defend_B","Defend_B","Zap+1","Dualcast","Mind Blast","Compile Driver","Doom and Gloom","Melter","Auto Shields","Ball Lightning","Defragment","Ball Lightning","Sunder","Buffer","Capacitor","Cold Snap","Metamorphosis","Turbo","Buffer","Chill"],"special_seed":0,"relics":["Cracked Core","Mercury Hourglass","Darkstone Periapt","Ice Cream","Black Star","DollysMirror","Nilry\u0027s Codex","MawBank","Dead Branch"],"potions_floor_usage":[25],"damage_taken":[{"damage":3.0,"enemies":"Jaw Worm","floor":1.0,"turns":3.0},{"damage":2.0,"enemies":"2 Louse","floor":2.0,"turns":2.0},{"damage":1.0,"enemies":"Cultist","floor":4.0,"turns":3.0},{"damage":37.0,"enemies":"3 Sentries","floor":7.0,"turns":9.0},{"damage":32.0,"enemies":"Gremlin Nob","floor":10.0,"turns":4.0},{"damage":3.0,"enemies":"Exordium Wildlife","floor":11.0,"turns":2.0},{"damage":0.0,"enemies":"2 Fungi Beasts","floor":13.0,"turns":3.0},{"damage":0.0,"enemies":"Red Slaver","floor":14.0,"turns":3.0},{"damage":0.0,"enemies":"Slime Boss","floor":16.0,"turns":5.0},{"damage":12.0,"enemies":"Shell Parasite","floor":18.0,"turns":5.0},{"damage":23.0,"enemies":"2 Thieves","floor":19.0,"turns":4.0},{"damage":23.0,"enemies":"Gremlin Leader","floor":24.0,"turns":8.0},{"damage":12,"enemies":"Snake Plant","floor":25,"turns":3}],"seed_played":"4509221052352547379","potions_obtained":[{"floor":2.0,"key":"AttackPotion"},{"floor":10.0,"key":"EssenceOfSteel"},{"floor":11.0,"key":"SpeedPotion"},{"floor":13.0,"key":"GamblersBrew"},{"floor":18.0,"key":"Strength Potion"}],"is_trial":false,"path_per_floor":["M","M","?","M","?","R","E","R","T","E","M","$","M","M","R","B",null,"M","M","?","$","?","R","E","M"],"character_chosen":"DEFECT","items_purchased":["Defragment","DollysMirror"],"campfire_rested":4,"item_purchase_floors":[12,21],"current_hp_per_floor":[47,45,30,29,29,51,14,36,36,4,1,1,1,1,23,23,62,50,27,27,27,11,33,10,0],"gold":161,"neow_bonus":"RANDOM_COLORLESS_2","is_prod":false,"is_daily":false,"chose_seed":false,"campfire_upgraded":0,"win_rate":0,"timestamp":1557970931,"path_taken":["M","M","?","M","?","R","E","R","T","E","M","$","M","?","R","BOSS","M","?","?","$","?","R","E","M"],"build_version":"2019-01-23","purchased_purges":0,"victory":false,"max_hp_per_floor":[75,75,75,75,75,75,75,75,75,75,75,75,75,75,75,75,75,75,75,75,75,75,75,75,75],"card_choices":[{"not_picked":["Turbo","Barrage"],"picked":"Compile Driver","floor":1.0},{"not_picked":["Darkness","Hello World"],"picked":"Doom and Gloom","floor":2.0},{"not_picked":["Reprogram","Skim","Go for the Eyes"],"picked":"SKIP","floor":4.0},{"not_picked":["Chaos","Redo"],"picked":"Melter","floor":7.0},{"not_picked":["Doom and Gloom","Ball Lightning"],"picked":"Auto Shields","floor":10.0},{"not_picked":["Beam Cell","Recycle"],"picked":"Ball Lightning","floor":11.0},{"not_picked":["Hologram","Stack"],"picked":"Ball Lightning","floor":13.0},{"not_picked":["Steam Power","Rainbow"],"picked":"Sunder","floor":14.0},{"not_picked":["Fission","Core Surge"],"picked":"Buffer","floor":16.0},{"not_picked":["Go for the Eyes","Skim"],"picked":"Capacitor","floor":18.0},{"not_picked":["Ball Lightning","Leap"],"picked":"Cold Snap","floor":19.0},{"not_picked":["Go for the Eyes","Storm"],"picked":"Chill","floor":24.0}],"player_experience":475496,"relics_obtained":[{"floor":7.0,"key":"Mercury Hourglass"},{"floor":9.0,"key":"Darkstone Periapt"},{"floor":10.0,"key":"Ice Cream"},{"floor":22.0,"key":"Nilry\u0027s Codex"},{"floor":24.0,"key":"MawBank"},{"floor":24.0,"key":"Dead Branch"}],"event_choices":[{"damage_healed":0.0,"max_hp_gain":0.0,"max_hp_loss":0.0,"gold_gain":0.0,"event_name":"Shining Light","player_choice":"Entered Light","floor":3.0,"gold_loss":0.0,"damage_taken":15.0,"cards_upgraded":["Strike_B","Strike_B"]},{"damage_healed":0.0,"max_hp_gain":0.0,"max_hp_loss":0.0,"gold_gain":0.0,"event_name":"Living Wall","player_choice":"Grow","floor":5.0,"gold_loss":0.0,"damage_taken":0.0,"cards_upgraded":["Zap"]},{"damage_healed":0.0,"max_hp_gain":0.0,"max_hp_loss":0.0,"gold_gain":0.0,"cards_transformed":["Dark Shackles","Strike_B"],"event_name":"Drug Dealer","player_choice":"Became Test Subject","floor":20.0,"gold_loss":0.0,"damage_taken":0.0,"cards_obtained":["Metamorphosis","Turbo"]},{"damage_healed":0.0,"max_hp_gain":0.0,"max_hp_loss":0.0,"gold_gain":0.0,"event_name":"Cursed Tome","player_choice":"Obtained Book","floor":22.0,"gold_loss":0.0,"damage_taken":16.0}],"is_beta":false,"boss_relics":[{"not_picked":["White Beast Statue","Eternal Feather"],"picked":"Black Star"}],"items_purged_floors":[],"is_endless":false,"potions_floor_spawned":[2,10,11,13,18],"killed_by":"Snake Plant","ascension_level":8}