{"gold_per_floor":[112,130,130,130,55,55,68,84,84,101,119,119,131,147,147,147],"floor_reached":16,"playtime":967,"items_purged":["Defend_G"],"score":96,"play_id":"e9e6a1d9-dca2-45bf-804d-0d04ea7d8677","local_time":"20190529002428","is_ascension_mode":false,"campfire_choices":[{"data":"Iron Wave","floor":6,"key":"SMITH"},{"data":"Poisoned Stab","floor":12,"key":"SMITH"},{"floor":15,"key":"REST"}],"neow_cost":"NONE","seed_source_timestamp":8106072116022200,"circlet_count":0,"master_deck":["Defend_G","Defend_G","Defend_G","Defend_G","Strike_G","Strike_G","Strike_G","Strike_G","Strike_G","Survivor","Neutralize","Iron Wave+1","Blade Dance","Poisoned Stab+1","Poisoned Stab"],"relics":["Ring of the Snake","Orichalcum"],"potions_floor_usage":[],"damage_taken":[{"damage":0,"enemies":"Small Slimes","floor":1,"turns":5},{"damage":0,"enemies":"Jaw Worm","floor":2,"turns":4},{"damage":1,"enemies":"Cultist","floor":7,"turns":4},{"damage":0,"enemies":"Blue Slaver","floor":8,"turns":4},{"damage":6,"enemies":"Exordium Wildlife","floor":10,"turns":3},{"damage":2,"enemies":"Looter","floor":11,"turns":3},{"damage":13,"enemies":"Exordium Thugs","floor":13,"turns":5},{"damage":6,"enemies":"Blue Slaver","floor":14,"turns":3},{"damage":77,"enemies":"Slime Boss","floor":16,"turns":12}],"seed_played":"575917823725864837","potions_obtained":[{"floor":7,"key":"Strength Potion"},{"floor":11,"key":"FearPotion"},{"floor":13,"key":"Strength Potion"}],"is_trial":false,"path_per_floor":["M","M","?","?","$","R","M","M","T","M","M","R","M","M","R","B"],"character_chosen":"THE_SILENT","items_purchased":[],"campfire_rested":1,"item_purchase_floors":[],"current_hp_per_floor":[77,77,77,77,77,77,76,76,76,70,68,68,55,49,72,0],"gold":147,"neow_bonus":"TEN_PERCENT_HP_BONUS","is_prod":false,"is_daily":false,"chose_seed":false,"campfire_upgraded":2,"win_rate":0.0,"timestamp":1559103868,"path_taken":["M","M","?","?","$","R","?","M","T","M","M","R","M","M","R","BOSS"],"build_version":"2019-01-23","purchased_purges":1,"victory":false,"max_hp_per_floor":[77,77,77,77,77,77,77,77,77,77,77,77,77,77,77,77],"card_choices":[{"not_picked":["Dodge and Roll","Leg Sweep"],"picked":"Poisoned Stab","floor":1},{"not_picked":["Backstab","Dash","Dodge and Roll"],"picked":"SKIP","floor":2},{"not_picked":["Deflect","Acrobatics"],"picked":"Blade Dance","floor":7},{"not_picked":["Acrobatics","Infinite Blades"],"picked":"Poisoned Stab","floor":8},{"not_picked":["Dodge and Roll","Quick Slash","Prepared"],"picked":"SKIP","floor":10},{"not_picked":["Flechettes","Underhanded Strike","Dodge and Roll"],"picked":"SKIP","floor":11},{"not_picked":["Backflip","Slice"],"picked":"Poisoned Stab","floor":13},{"not_picked":["Backflip","A Thousand Cuts","Masterful Stab"],"picked":"SKIP","floor":14}],"player_experience":8563,"relics_obtained":[{"floor":9,"key":"Orichalcum"}],"event_choices":[{"damage_healed":0,"gold_gain":0,"player_choice":"Ignored","damage_taken":0,"max_hp_gain":0,"max_hp_loss":0,"event_name":"Liars Game","floor":3,"gold_loss":0},{"cards_removed":["Poisoned Stab"],"damage_healed":0,"gold_gain":0,"player_choice":"Took Card","damage_taken":0,"max_hp_gain":0,"max_hp_loss":0,"event_name":"NoteForYourself","floor":4,"gold_loss":0,"cards_obtained":["Iron Wave"]}],"is_beta":false,"boss_relics":[],"items_purged_floors":[5],"is_endless":false,"potions_floor_spawned":[7,11,13,14],"killed_by":"Slime Boss","ascension_level":0}