{"gold_per_floor":[117,134,149,149,159,190,155,168,238,238,251,286,286,26,26,26],"floor_reached":16,"playtime":903,"items_purged":[],"score":213,"play_id":"fb0e00a7-b2b6-41a8-b4a8-9927e8fa1853","local_time":"20190412165420","is_ascension_mode":true,"campfire_choices":[{"floor":10,"key":"REST"},{"floor":15,"key":"REST"}],"neow_cost":"NONE","seed_source_timestamp":0,"circlet_count":0,"master_deck":["AscendersBane","Strike_B","Strike_B","Strike_B","Strike_B","Defend_B+1","Defend_B","Defend_B","Defend_B+1","Zap","Dualcast","Ball Lightning","Coolheaded","Streamline","Cold Snap","Rebound","Capacitor","Coolheaded","Go for the Eyes","Coolheaded"],"special_seed":0,"relics":["Cracked Core","NeowsBlessing","Art of War","Gremlin Horn","Prayer Wheel","Membership Card"],"potions_floor_usage":[11,12,16],"damage_taken":[{"damage":0,"enemies":"2 Louse","floor":1,"turns":1},{"damage":0,"enemies":"Jaw Worm","floor":2,"turns":1},{"damage":0,"enemies":"Small Slimes","floor":3,"turns":1},{"damage":3,"enemies":"Looter","floor":5,"turns":3},{"damage":29,"enemies":"Lagavulin","floor":6,"turns":7},{"damage":4,"enemies":"Blue Slaver","floor":8,"turns":4},{"damage":2,"enemies":"Large Slime","floor":11,"turns":4},{"damage":22,"enemies":"3 Sentries","floor":12,"turns":6},{"damage":40,"enemies":"Slime Boss","floor":16,"turns":9}],"seed_played":"-4314830383394874483","potions_obtained":[{"floor":1,"key":"Block Potion"},{"floor":5,"key":"FocusPotion"},{"floor":11,"key":"Explosive Potion"}],"is_trial":false,"path_per_floor":["M","M","M","?","M","E","?","M","T","R","M","E","?","$","R","B"],"character_chosen":"DEFECT","items_purchased":["Membership Card","Go for the Eyes","Coolheaded"],"campfire_rested":2,"item_purchase_floors":[14,14,14],"current_hp_per_floor":[64,64,64,43,40,11,28,24,24,45,43,21,16,16,37,0],"gold":26,"neow_bonus":"THREE_ENEMY_KILL","is_prod":false,"is_daily":false,"chose_seed":false,"campfire_upgraded":0,"win_rate":0,"timestamp":1555066460,"path_taken":["M","M","M","?","M","E","?","M","T","R","M","E","?","$","R","BOSS"],"build_version":"2019-01-23","purchased_purges":0,"victory":false,"max_hp_per_floor":[71,71,71,71,71,71,71,71,71,71,71,71,71,71,71,71],"card_choices":[{"not_picked":["Tempest","Hologram"],"picked":"Ball Lightning","floor":1},{"not_picked":["Consume","White Noise"],"picked":"Coolheaded","floor":2},{"not_picked":["Sunder","Coolheaded"],"picked":"Streamline","floor":3},{"not_picked":["Gash","Loop"],"picked":"Cold Snap","floor":5},{"not_picked":["Beam Cell","Rainbow"],"picked":"Rebound","floor":6},{"not_picked":["Go for the Eyes","Cold Snap"],"picked":"Capacitor","floor":8},{"not_picked":["Defragment","Beam Cell"],"picked":"Coolheaded","floor":11},{"not_picked":["Leap","Rebound","Meteor Strike"],"picked":"SKIP","floor":12}],"player_experience":1135902,"relics_obtained":[{"floor":6,"key":"Art of War"},{"floor":9,"key":"Gremlin Horn"},{"floor":12,"key":"Prayer Wheel"}],"event_choices":[{"damage_healed":0,"gold_gain":0,"player_choice":"Entered Light","damage_taken":21,"max_hp_gain":0,"max_hp_loss":0,"event_name":"Shining Light","floor":4,"gold_loss":0,"cards_upgraded":["Defend_B","Defend_B"]},{"damage_healed":17,"gold_gain":0,"player_choice":"Healed","damage_taken":0,"max_hp_gain":0,"max_hp_loss":0,"event_name":"The Cleric","floor":7,"gold_loss":35},{"damage_healed":0,"gold_gain":0,"player_choice":"Fled","damage_taken":5,"max_hp_gain":0,"max_hp_loss":0,"event_name":"Scrap Ooze","floor":13,"gold_loss":0}],"is_beta":false,"boss_relics":[],"items_purged_floors":[],"is_endless":false,"potions_floor_spawned":[1,5,6,8,11],"killed_by":"Slime Boss","ascension_level":18}