{"gold_per_floor":[214,214,214,289,309,335,39,58,137,137,157,157,186,198,198,294,294,304,304,66,80,80,115,115,135,135,170,185,110,145,163,163,258,258,272,272,272,292,310,310,337,337,337,122,139,139,139,153,153,153],"floor_reached":51,"playtime":5214,"items_purged":["Auto Shields"],"score":973,"play_id":"56ed02ab-606e-48a4-835b-22ef1d873a0b","local_time":"20190515230923","is_ascension_mode":true,"campfire_choices":[{"data":"Zap","floor":10,"key":"SMITH"},{"data":"Beam Cell","floor":12,"key":"SMITH"},{"data":"Loop","floor":15,"key":"SMITH"},{"floor":24,"key":"REST"},{"data":"Turbo","floor":32,"key":"SMITH"},{"floor":40,"key":"REST"},{"data":"Loop","floor":42,"key":"SMITH"},{"floor":46,"key":"REST"},{"floor":49,"key":"REST"}],"neow_cost":"NONE","seed_source_timestamp":343890645729385,"circlet_count":0,"master_deck":["Defend_B+1","Defend_B","Defend_B+1","Defend_B+1","Zap+1","Dualcast+1","Genetic Algorithm","Loop+1","Conserve Battery","Beam Cell+1","Leap","Streamline+1","Go for the Eyes+1","Electrodynamics","Cold Snap+1","Core Surge+1","Hello World","Turbo+1","Cold Snap+1","Loop+1","Consume+1","Amplify+1","Coolheaded+1","Stack","Conserve Battery","Capacitor","White Noise","Defragment+1"],"relics":["Cracked Core","Pen Nib","Lee\u0027s Waffle","Molten Egg 2","Meat on the Bone","Runic Pyramid","Mummified Hand","Emotion Chip","Ancient Tea Set","Boot","War Paint","Empty Cage","Orichalcum","Turnip"],"potions_floor_usage":[13,21,21,23,30,33,33,45,50,50],"damage_taken":[{"damage":0,"enemies":"Jaw Worm","floor":1,"turns":4},{"damage":3,"enemies":"2 Louse","floor":5,"turns":3},{"damage":35,"enemies":"Lagavulin","floor":6,"turns":8},{"damage":2,"enemies":"Small Slimes","floor":8,"turns":3},{"damage":11,"enemies":"Exordium Thugs","floor":11,"turns":6},{"damage":14,"enemies":"Gremlin Nob","floor":13,"turns":4},{"damage":1,"enemies":"Blue Slaver","floor":14,"turns":3},{"damage":26,"enemies":"Hexaghost","floor":16,"turns":9},{"damage":0,"enemies":"Chosen","floor":18,"turns":5},{"damage":13,"enemies":"3 Byrds","floor":21,"turns":2},{"damage":12,"enemies":"Slavers","floor":23,"turns":4},{"damage":11,"enemies":"Snake Plant","floor":25,"turns":4},{"damage":5,"enemies":"Book of Stabbing","floor":27,"turns":5},{"damage":7,"enemies":"Centurion and Healer","floor":28,"turns":5},{"damage":21,"enemies":"Slavers","floor":30,"turns":4},{"damage":0,"enemies":"Cultist and Chosen","floor":31,"turns":4},{"damage":10,"enemies":"Automaton","floor":33,"turns":9},{"damage":61,"enemies":"3 Darklings","floor":35,"turns":3},{"damage":7,"enemies":"3 Shapes","floor":38,"turns":4},{"damage":12,"enemies":"Maw","floor":39,"turns":9},{"damage":10,"enemies":"Giant Head","floor":41,"turns":13},{"damage":7,"enemies":"Spire Growth","floor":45,"turns":6},{"damage":26,"enemies":"Jaw Worm Horde","floor":48,"turns":4},{"damage":41,"enemies":"Time Eater","floor":50,"turns":14}],"seed_played":"-4369531746263331548","potions_obtained":[{"floor":1,"key":"Swift Potion"},{"floor":13,"key":"Fruit Juice"},{"floor":14,"key":"FearPotion"},{"floor":16,"key":"LiquidBronze"},{"floor":21,"key":"Block Potion"},{"floor":28,"key":"SkillPotion"},{"floor":30,"key":"FocusPotion"},{"floor":31,"key":"Regen Potion"},{"floor":33,"key":"Weak Potion"},{"floor":35,"key":"SpeedPotion"},{"floor":39,"key":"Regen Potion"}],"is_trial":false,"path_per_floor":["M","?","?","?","M","E","$","M","T","R","M","R","E","M","R","B",null,"M","?","$","M","?","E","R","M","T","E","M","?","E","M","R","B",null,"M","?","?","M","M","R","E","R","T","$","M","R","?","M","R","B",null],"character_chosen":"DEFECT","items_purchased":["Lee\u0027s Waffle","Loop","Conserve Battery","Mummified Hand","Capacitor","White Noise"],"campfire_rested":4,"item_purchase_floors":[7,7,7,20,44,44],"current_hp_per_floor":[68,53,53,42,39,4,82,80,80,80,69,69,55,54,54,40,72,72,72,72,64,64,52,78,67,67,62,55,55,46,46,46,51,78,29,29,29,34,34,58,48,48,48,48,56,80,80,54,78,49],"gold":153,"neow_bonus":"HUNDRED_GOLD","is_prod":false,"is_daily":false,"chose_seed":false,"campfire_upgraded":5,"win_rate":0,"timestamp":1557976163,"path_taken":["M","?","?","?","?","E","$","M","T","R","M","R","E","M","R","BOSS","M","?","$","?","?","E","R","M","T","E","M","?","E","M","R","BOSS","M","?","?","?","M","R","E","R","T","?","M","R","?","?","R","BOSS"],"build_version":"2019-01-23","purchased_purges":1,"victory":true,"max_hp_per_floor":[75,75,75,75,75,75,82,82,82,82,82,82,82,82,82,82,82,82,82,82,87,87,87,87,87,87,87,87,87,87,87,87,87,87,87,83,83,83,83,83,83,83,83,83,83,83,83,83,83,83],"card_choices":[{"not_picked":["Capacitor","Steam Power"],"picked":"Barrage","floor":1},{"not_picked":["Glacier","Stack"],"picked":"Genetic Algorithm","floor":5},{"not_picked":["Hologram","Barrage","All For One"],"picked":"SKIP","floor":6},{"not_picked":["Chaos","Scrape"],"picked":"Beam Cell","floor":8},{"not_picked":["Hello World","Reinforced Body"],"picked":"Leap","floor":11},{"not_picked":["Heatsinks","Blizzard+1"],"picked":"Streamline+1","floor":13},{"not_picked":["Hologram","Sweeping Beam+1"],"picked":"Go for the Eyes+1","floor":14},{"not_picked":["Hyperbeam+1","Buffer"],"picked":"Electrodynamics","floor":16},{"not_picked":["Beam Cell+1","Static Discharge"],"picked":"Auto Shields","floor":18},{"not_picked":["Steam Power","Capacitor"],"picked":"Cold Snap+1","floor":21},{"not_picked":["Fusion","Undo+1"],"picked":"Turbo","floor":23},{"not_picked":["Sweeping Beam+1","Conserve Battery+1"],"picked":"Cold Snap+1","floor":25},{"not_picked":["Cold Snap+1","Rebound+1","Multi-Cast"],"picked":"SKIP","floor":27},{"not_picked":["Force Field","Rip and Tear+1"],"picked":"Loop","floor":28},{"not_picked":["Chaos","Ball Lightning+1"],"picked":"Consume+1","floor":30},{"not_picked":["Hello World+1","Scrape+1","BootSequence"],"picked":"SKIP","floor":31},{"not_picked":["All For One+1","Rainbow"],"picked":"Amplify","floor":33},{"not_picked":["Gash+1","Fusion"],"picked":"Coolheaded+1","floor":35},{"not_picked":["Coolheaded+1","Steam Power+1"],"picked":"Stack","floor":38},{"not_picked":["Cold Snap+1","Tempest"],"picked":"Conserve Battery","floor":39},{"not_picked":["Compile Driver+1","Streamline+1","Gash+1"],"picked":"SKIP","floor":41},{"not_picked":["Fusion","Beam Cell+1"],"picked":"Defragment+1","floor":45},{"not_picked":["Core Surge+1","Go for the Eyes+1","Conserve Battery+1"],"picked":"SKIP","floor":48}],"player_experience":476714,"relics_obtained":[{"floor":6,"key":"Pen Nib"},{"floor":9,"key":"Molten Egg 2"},{"floor":13,"key":"Meat on the Bone"},{"floor":23,"key":"Emotion Chip"},{"floor":26,"key":"Ancient Tea Set"},{"floor":27,"key":"Boot"},{"floor":30,"key":"War Paint"},{"floor":41,"key":"Orichalcum"},{"floor":43,"key":"Turnip"}],"event_choices":[{"damage_healed":0,"gold_gain":0,"player_choice":"Entered Light","damage_taken":15,"max_hp_gain":0,"max_hp_loss":0,"event_name":"Shining Light","floor":2,"gold_loss":0,"cards_upgraded":["Dualcast","Defend_B"]},{"damage_healed":0,"gold_gain":0,"player_choice":"Ignored","damage_taken":0,"max_hp_gain":0,"max_hp_loss":0,"event_name":"Golden Idol","floor":3,"gold_loss":0},{"damage_healed":0,"gold_gain":75,"player_choice":"Gather Gold","damage_taken":11,"max_hp_gain":0,"max_hp_loss":0,"event_name":"World of Goop","floor":4,"gold_loss":0},{"damage_healed":0,"gold_gain":0,"cards_transformed":["Barrage"],"player_choice":"Transformed","damage_taken":0,"max_hp_gain":0,"max_hp_loss":0,"event_name":"Transmorgrifier","floor":19,"gold_loss":0,"cards_obtained":["Meteor Strike"]},{"damage_healed":0,"gold_gain":0,"cards_transformed":["Meteor Strike","Strike_B"],"player_choice":"Became Test Subject","damage_taken":0,"max_hp_gain":0,"max_hp_loss":0,"event_name":"Drug Dealer","floor":22,"gold_loss":0,"cards_obtained":["Core Surge","Hello World"]},{"cards_removed":["Strike_B"],"damage_healed":0,"gold_gain":0,"player_choice":"Gave Gold","damage_taken":0,"max_hp_gain":0,"max_hp_loss":0,"event_name":"Beggar","floor":29,"gold_loss":75},{"damage_healed":0,"gold_gain":0,"player_choice":"Max HP","damage_taken":0,"max_hp_gain":0,"max_hp_loss":4,"event_name":"Winding Halls","floor":36,"gold_loss":0},{"damage_healed":0,"gold_gain":0,"player_choice":"Upgraded","damage_taken":0,"max_hp_gain":0,"max_hp_loss":0,"event_name":"Upgrade Shrine","floor":37,"gold_loss":0,"cards_upgraded":["Amplify"]},{"damage_healed":0,"gold_gain":0,"player_choice":"Ignored","damage_taken":0,"max_hp_gain":0,"max_hp_loss":0,"event_name":"Mysterious Sphere","floor":47,"gold_loss":0}],"is_beta":false,"boss_relics":[{"not_picked":["Cursed Key","Runic Dome"],"picked":"Runic Pyramid"},{"not_picked":["Eternal Feather","Velvet Choker"],"picked":"Empty Cage"}],"items_purged_floors":[44],"is_endless":false,"potions_floor_spawned":[1,13,14,16,21,28,30,31,33,35,39],"ascension_level":8}