{"gold_per_floor":[117,117,117,134,134,159,159,174,174,47,47,65,80,113,113,211,211,227,227,247,247],"floor_reached":21,"playtime":1418,"items_purged":["Strike_R"],"score":189,"play_id":"a19157f2-bd67-4995-9bef-872c6c208ccc","local_time":"20190529050445","is_ascension_mode":false,"campfire_choices":[{"data":"Metallicize","floor":7,"key":"SMITH"},{"floor":15,"key":"REST"}],"neow_cost":"NONE","seed_source_timestamp":8122437737027600,"circlet_count":0,"master_deck":["Strike_R","Strike_R","Strike_R","Strike_R","Defend_R","Defend_R","Defend_R","Bash+1","Metallicize+1","Battle Trance","Cleave","Ghostly Armor","Pommel Strike","Thunderclap","Armaments","Feed","Inflame","RitualDagger"],"relics":["Burning Blood","Bottled Flame","PreservedInsect","Black Star"],"potions_floor_usage":[],"damage_taken":[{"damage":5,"enemies":"2 Louse","floor":1,"turns":3},{"damage":7,"enemies":"Small Slimes","floor":4,"turns":4},{"damage":14,"enemies":"Gremlin Nob","floor":6,"turns":4},{"damage":0,"enemies":"Cultist","floor":8,"turns":3},{"damage":8,"enemies":"Large Slime","floor":12,"turns":5},{"damage":15,"enemies":"Blue Slaver","floor":13,"turns":4},{"damage":33,"enemies":"Lagavulin","floor":14,"turns":7},{"damage":54,"enemies":"Slime Boss","floor":16,"turns":9},{"damage":36,"enemies":"Spheric Guardian","floor":18,"turns":8},{"damage":30,"enemies":"Shell Parasite","floor":20,"turns":8},{"damage":31,"enemies":"Cultist and Chosen","floor":21,"turns":4}],"seed_played":"-6733024578930434312","potions_obtained":[{"floor":1,"key":"Fire Potion"},{"floor":4,"key":"SneckoOil"},{"floor":11,"key":"Block Potion"},{"floor":13,"key":"Weak Potion"}],"is_trial":false,"path_per_floor":["M","?","?","M","?","E","R","M","T","$","?","M","M","E","R","B",null,"M","?","M","M"],"character_chosen":"IRONCLAD","items_purchased":["Pommel Strike"],"campfire_rested":1,"item_purchase_floors":[10],"current_hp_per_floor":[80,80,85,84,84,76,76,82,82,82,82,80,71,44,69,21,85,59,53,29,0],"gold":247,"neow_bonus":"UPGRADE_CARD","is_prod":false,"is_daily":false,"chose_seed":false,"campfire_upgraded":1,"win_rate":0.0,"timestamp":1559120685,"path_taken":["M","?","?","M","?","E","R","M","T","$","?","?","M","E","R","BOSS","M","?","M","M"],"build_version":"2019-01-23","purchased_purges":1,"victory":false,"max_hp_per_floor":[80,80,85,85,85,85,85,85,85,85,85,85,85,85,85,85,85,89,89,89,89],"card_choices":[{"not_picked":["True Grit","Disarm"],"picked":"Metallicize","floor":1},{"not_picked":["Pommel Strike","Anger"],"picked":"Cleave","floor":4},{"not_picked":["Cleave","Anger","Warcry"],"picked":"SKIP","floor":6},{"not_picked":["Twin Strike","Headbutt"],"picked":"Ghostly Armor","floor":8},{"not_picked":["Heavy Blade","Impervious"],"picked":"Thunderclap","floor":12},{"not_picked":["Headbutt","Iron Wave","Battle Trance"],"picked":"SKIP","floor":13},{"not_picked":["Sword Boomerang","Anger"],"picked":"Armaments","floor":14},{"not_picked":["Dark Embrace","Bludgeon"],"picked":"Feed","floor":16},{"not_picked":["Body Slam","Clothesline"],"picked":"Inflame","floor":18},{"not_picked":["Shrug It Off","Body Slam","Flex"],"picked":"SKIP","floor":20}],"player_experience":21536,"relics_obtained":[{"floor":6,"key":"Bottled Flame"},{"floor":14,"key":"PreservedInsect"}],"event_choices":[{"damage_healed":0,"gold_gain":0,"cards_transformed":["Defend_R"],"player_choice":"Change","damage_taken":0,"max_hp_gain":0,"max_hp_loss":0,"event_name":"Living Wall","floor":2,"gold_loss":0,"cards_obtained":["Battle Trance"]},{"damage_healed":0,"gold_gain":0,"player_choice":"Donut","damage_taken":0,"max_hp_gain":5,"max_hp_loss":0,"event_name":"Big Fish","floor":3,"gold_loss":0},{"damage_healed":0,"gold_gain":0,"player_choice":"Ignored","damage_taken":0,"max_hp_gain":0,"max_hp_loss":0,"event_name":"Liars Game","floor":5,"gold_loss":0},{"damage_healed":0,"gold_gain":0,"player_choice":"Got Potions","damage_taken":0,"max_hp_gain":0,"max_hp_loss":0,"event_name":"Lab","floor":11,"gold_loss":0},{"damage_healed":0,"gold_gain":0,"player_choice":"Joined the Cult","damage_taken":6,"max_hp_gain":0,"max_hp_loss":0,"event_name":"Nest","floor":19,"gold_loss":0,"cards_obtained":["RitualDagger"]}],"is_beta":false,"boss_relics":[{"not_picked":["Snecko Eye","Orrery"],"picked":"Black Star"}],"items_purged_floors":[10],"is_endless":false,"potions_floor_spawned":[1,4,12,13],"killed_by":"Cultist and Chosen","ascension_level":0}