{"gold_per_floor":[109,124,100,175,141,141,171,185,185,185,199,374,374,347,347,475,475,475],"floor_reached":18,"playtime":828,"items_purged":[],"score":268,"play_id":"9aa081b0-71c4-4252-b896-a49ce1171004","local_time":"20190319130922","is_ascension_mode":true,"campfire_choices":[{"data":"Poisoned Stab","floor":6,"key":"SMITH"},{"data":"Neutralize","floor":15,"key":"SMITH"}],"neow_cost":"NONE","seed_source_timestamp":2741782625080025,"circlet_count":0,"master_deck":["Defend_G","Defend_G","Defend_G","Defend_G","Defend_G","Strike_G","Strike_G","Strike_G","Strike_G","Survivor","Neutralize+1","Cloak And Dagger","Infinite Blades","Poisoned Stab+1","Dash","Backflip","Doubt","Deflect","After Image"],"relics":["Ring of the Serpent","NeowsBlessing","Turnip","Darkstone Periapt","Golden Idol"],"potions_floor_usage":[16],"damage_taken":[{"damage":0,"enemies":"Cultist","floor":1,"turns":1},{"damage":0,"enemies":"Jaw Worm","floor":2,"turns":1},{"damage":0,"enemies":"3 Sentries","floor":7,"turns":1},{"damage":0,"enemies":"Small Slimes","floor":8,"turns":3},{"damage":0,"enemies":"Exordium Wildlife","floor":11,"turns":7},{"damage":8,"enemies":"Exordium Thugs","floor":14,"turns":5},{"damage":36,"enemies":"The Guardian","floor":16,"turns":20},{"damage":71,"enemies":"3 Byrds","floor":18,"turns":6}],"seed_played":"1137723395367096417","potions_obtained":[{"floor":2,"key":"SkillPotion"},{"floor":14,"key":"GamblersBrew"},{"floor":16,"key":"FairyPotion"}],"is_trial":false,"path_per_floor":["M","M","$","?","$","R","E","M","T","?","M","?","?","M","R","B",null,"M"],"character_chosen":"THE_SILENT","items_purchased":["Poisoned Stab","Dash"],"campfire_rested":0,"item_purchase_floors":[3,5],"current_hp_per_floor":[63,63,63,52,52,52,52,52,52,52,52,58,58,50,50,14,56,0],"gold":475,"neow_bonus":"THREE_ENEMY_KILL","is_prod":false,"is_daily":false,"chose_seed":false,"campfire_upgraded":2,"win_rate":0,"timestamp":1552979362,"path_taken":["M","M","$","?","$","R","E","M","T","?","?","?","?","M","R","BOSS","M"],"build_version":"2019-01-23","purchased_purges":0,"victory":false,"max_hp_per_floor":[70,70,70,70,70,70,70,70,70,70,70,76,70,70,70,70,70,70],"card_choices":[{"not_picked":["Underhanded Strike","Sucker Punch"],"picked":"Cloak And Dagger","floor":1},{"not_picked":["Finisher","Deadly Poison"],"picked":"Infinite Blades","floor":2},{"not_picked":["Dodge and Roll","Poisoned Stab","Underhanded Strike"],"picked":"SKIP","floor":7},{"not_picked":["Deadly Poison","Flying Knee","Dagger Throw"],"picked":"SKIP","floor":8},{"not_picked":["PiercingWail","Cloak And Dagger"],"picked":"Backflip","floor":11},{"not_picked":["Sucker Punch","Storm of Steel"],"picked":"Deflect","floor":14},{"not_picked":["Phantasmal Killer","Bullet Time"],"picked":"After Image","floor":16}],"player_experience":1008503,"relics_obtained":[{"floor":7,"key":"Turnip"},{"floor":9,"key":"Darkstone Periapt"}],"event_choices":[{"damage_healed":0,"gold_gain":75,"player_choice":"Gather Gold","damage_taken":11,"max_hp_gain":0,"max_hp_loss":0,"event_name":"World of Goop","floor":4,"gold_loss":0},{"cards_removed":["Strike_G"],"damage_healed":0,"gold_gain":0,"player_choice":"Purged","damage_taken":0,"max_hp_gain":0,"max_hp_loss":0,"event_name":"Purifier","floor":10,"gold_loss":0},{"damage_healed":0,"gold_gain":175,"player_choice":"AGREE","damage_taken":0,"max_hp_gain":0,"max_hp_loss":0,"event_name":"Liars Game","floor":12,"gold_loss":0,"cards_obtained":["Doubt"]},{"damage_healed":0,"gold_gain":0,"player_choice":"Lose Max HP","damage_taken":0,"relics_obtained":["Golden Idol"],"max_hp_gain":0,"max_hp_loss":6,"event_name":"Golden Idol","floor":13,"gold_loss":0}],"is_beta":false,"boss_relics":[{"not_picked":["Ectoplasm","Philosopher\u0027s Stone"],"picked":"Ring of the Serpent"}],"items_purged_floors":[],"is_endless":false,"potions_floor_spawned":[2,14,16],"killed_by":"3 Byrds","ascension_level":9}