{"gold_per_floor":[111,111,36,36,49,80,80,115,115,140,158,170,170,95,95,199,199,213,213,232,258,269,269,297,297,348,392,423,435,476,587,599,706,718,750,180,190,290,49,49,79,98,98,124,143,168,185,200,200,200],"floor_reached":51,"playtime":2506,"items_purged":["Pain"],"score":1270,"play_id":"fd1cce57-9f3b-48b9-a91a-047953ec720b","local_time":"20190527113334","is_ascension_mode":true,"campfire_choices":[{"floor":7,"key":"REST"},{"data":"Wraith Form v2","floor":13,"key":"SMITH"},{"data":"Riddle With Holes","floor":15,"key":"SMITH"},{"data":"A Thousand Cuts","floor":23,"key":"SMITH"},{"data":"Infinite Blades","floor":32,"key":"SMITH"},{"data":"Envenom","floor":40,"key":"SMITH"},{"floor":49,"key":"REST"}],"neow_cost":"NONE","seed_source_timestamp":135101836370800,"circlet_count":0,"master_deck":["Survivor","Neutralize+1","Riddle With Holes+1","Endless Agony","Dagger Spray","PiercingWail","Wraith Form v2+1","Deadly Poison","Endless Agony","Corpse Explosion","Flechettes","A Thousand Cuts+1","Leg Sweep","Backstab","Blur","Reflex","Masterful Stab","Finisher","Blade Dance","PiercingWail","Crippling Poison+1","Leg Sweep","Blade Dance+1","Escape Plan+1","Ghostly","Ghostly","Ghostly","Ghostly","Ghostly","Backflip","Infinite Blades+1","Dodge and Roll","Envenom+1","PiercingWail+1","Wraith Form v2+1","Concentrate","Dodge and Roll","Well Laid Plans+1","PiercingWail+1","Reflex+1","Dodge and Roll+1","Backstab","Infinite Blades"],"relics":["Ring of the Snake","WarpedTongs","Dead Branch","Question Card","Pantograph","Mummified Hand","Pandora\u0027s Box","Red Mask","Gremlin Horn","MawBank","Sundial","Mercury Hourglass","Vajra","Busted Crown","Oddly Smooth Stone","DollysMirror","Art of War","Dodecahedron","Toxic Egg 2","Ornamental Fan","Smiling Mask","Shuriken"],"potions_floor_usage":[10,10,37],"damage_taken":[{"damage":0,"enemies":"Jaw Worm","floor":1,"turns":5},{"damage":0,"enemies":"Cultist","floor":5,"turns":4},{"damage":33,"enemies":"Gremlin Nob","floor":6,"turns":5},{"damage":7,"enemies":"Lagavulin","floor":8,"turns":8},{"damage":1,"enemies":"3 Sentries","floor":10,"turns":6},{"damage":0,"enemies":"2 Louse","floor":11,"turns":2},{"damage":9,"enemies":"Exordium Thugs","floor":12,"turns":4},{"damage":9,"enemies":"Slime Boss","floor":16,"turns":12},{"damage":0,"enemies":"Spheric Guardian","floor":18,"turns":2},{"damage":0,"enemies":"Chosen","floor":20,"turns":2},{"damage":0,"enemies":"Masked Bandits","floor":21,"turns":1},{"damage":3,"enemies":"Snake Plant","floor":22,"turns":5},{"damage":3,"enemies":"Slavers","floor":24,"turns":3},{"damage":0,"enemies":"Book of Stabbing","floor":27,"turns":6},{"damage":0,"enemies":"Centurion and Healer","floor":28,"turns":2},{"damage":0,"enemies":"Gremlin Leader","floor":30,"turns":4},{"damage":0,"enemies":"Collector","floor":33,"turns":5},{"damage":0,"enemies":"Orb Walker","floor":35,"turns":2},{"damage":0,"enemies":"3 Darklings","floor":37,"turns":1},{"damage":3,"enemies":"Nemesis","floor":41,"turns":4},{"damage":0,"enemies":"Transient","floor":42,"turns":5},{"damage":0,"enemies":"Jaw Worm Horde","floor":45,"turns":3},{"damage":0,"enemies":"Reptomancer","floor":46,"turns":3},{"damage":0,"enemies":"4 Shapes","floor":47,"turns":2},{"damage":0,"enemies":"Maw","floor":48,"turns":4},{"damage":0,"enemies":"Awakened One","floor":50,"turns":5}],"seed_played":"6186867119186457446","potions_obtained":[{"floor":1,"key":"Poison Potion"},{"floor":4,"key":"Block Potion"},{"floor":4,"key":"Swift Potion"},{"floor":11,"key":"SpeedPotion"},{"floor":16,"key":"FearPotion"},{"floor":37,"key":"Block Potion"},{"floor":41,"key":"Ancient Potion"},{"floor":46,"key":"Energy Potion"}],"is_trial":false,"path_per_floor":["M","?","$","?","M","E","R","E","T","E","M","M","R","$","R","B",null,"M","?","M","?","M","R","E","?","T","E","M","?","E","?","R","B",null,"M","$","M","?","$","R","E","M","T","T","M","E","M","M","R","B",null],"character_chosen":"THE_SILENT","items_purchased":["Endless Agony","Oddly Smooth Stone","DollysMirror","Art of War","Concentrate","Dodecahedron"],"campfire_rested":2,"item_purchase_floors":[14,36,36,36,36,39],"current_hp_per_floor":[70,70,70,70,70,37,58,51,51,50,50,41,41,41,41,57,70,70,70,70,70,67,67,64,35,35,35,35,35,35,35,35,35,35,35,35,35,35,35,35,32,32,32,32,32,32,32,32,35,35],"gold":200,"neow_bonus":"UPGRADE_CARD","is_prod":false,"is_daily":false,"chose_seed":false,"campfire_upgraded":5,"win_rate":0,"timestamp":1558949614,"path_taken":["M","?","?","?","?","E","R","E","T","E","M","M","R","$","R","BOSS","M","?","?","?","M","R","E","?","T","E","M","?","E","?","R","BOSS","M","$","M","?","?","R","E","M","T","?","M","E","M","M","R","BOSS"],"build_version":"2019-01-23","purchased_purges":1,"victory":true,"max_hp_per_floor":[70,70,70,70,70,70,70,70,70,70,70,70,70,70,70,70,70,70,70,70,70,70,70,70,35,35,35,35,35,35,35,35,35,35,35,35,35,35,35,35,35,35,35,35,35,35,35,35,35,35],"card_choices":[{"not_picked":["Finisher","Flying Knee"],"picked":"Riddle With Holes","floor":1},{"not_picked":["Riddle With Holes","Setup"],"picked":"Endless Agony","floor":5},{"not_picked":["Quick Slash","Footwork"],"picked":"Dagger Spray","floor":6},{"not_picked":["Dagger Spray","All Out Attack"],"picked":"PiercingWail","floor":8},{"not_picked":["Heel Hook","Bane","Flying Knee","Poisoned Stab"],"picked":"SKIP","floor":10},{"not_picked":["Flying Knee","Tactician","Dagger Throw"],"picked":"Wraith Form v2","floor":11},{"not_picked":["Deflect","Tactician","Slice"],"picked":"Deadly Poison","floor":12},{"not_picked":["Bullet Time","Malaise","Die Die Die"],"picked":"Corpse Explosion","floor":16},{"not_picked":["Dash+1","Acrobatics+1","Footwork"],"picked":"PiercingWail","floor":18},{"not_picked":["Deflect","Backflip","Reflex"],"picked":"Crippling Poison+1","floor":20},{"not_picked":["Endless Agony","Poisoned Stab","Dodge and Roll"],"picked":"Leg Sweep","floor":21},{"not_picked":["Concentrate","Quick Slash","Acrobatics"],"picked":"Blade Dance+1","floor":22},{"not_picked":["Underhanded Strike","Blade Dance","Dash"],"picked":"Escape Plan+1","floor":24},{"not_picked":["Phantasmal Killer","Envenom","Underhanded Strike"],"picked":"Backflip","floor":27},{"not_picked":["Dodge and Roll","Bouncing Flask","Poisoned Stab+1"],"picked":"Infinite Blades","floor":28},{"not_picked":["Calculated Gamble","A Thousand Cuts","Dagger Spray"],"picked":"Dodge and Roll","floor":30},{"not_picked":["A Thousand Cuts","Night Terror","Storm of Steel"],"picked":"Envenom","floor":33},{"not_picked":["Quick Slash"],"picked":"PiercingWail+1","floor":35},{"not_picked":["Prepared"],"picked":"Dodge and Roll","floor":37},{"not_picked":["Choke+1"],"picked":"Well Laid Plans+1","floor":41},{"not_picked":["Underhanded Strike"],"picked":"PiercingWail+1","floor":42},{"not_picked":["Bane"],"picked":"Reflex+1","floor":45},{"not_picked":["Grand Finale"],"picked":"Dodge and Roll+1","floor":46},{"not_picked":["Quick Slash+1"],"picked":"Backstab","floor":47},{"not_picked":["Acrobatics+1"],"picked":"Infinite Blades","floor":48}],"player_experience":43674,"relics_obtained":[{"floor":6,"key":"Dead Branch"},{"floor":8,"key":"Question Card"},{"floor":9,"key":"Pantograph"},{"floor":10,"key":"Mummified Hand"},{"floor":21,"key":"Red Mask"},{"floor":24,"key":"Gremlin Horn"},{"floor":26,"key":"MawBank"},{"floor":27,"key":"Sundial"},{"floor":30,"key":"Vajra"},{"floor":41,"key":"Toxic Egg 2"},{"floor":43,"key":"Ornamental Fan"},{"floor":44,"key":"Smiling Mask"},{"floor":46,"key":"Shuriken"}],"event_choices":[{"damage_healed":0,"gold_gain":0,"player_choice":"Rummage","damage_taken":0,"relics_obtained":["WarpedTongs"],"max_hp_gain":0,"max_hp_loss":0,"event_name":"Accursed Blacksmith","floor":2,"gold_loss":0,"cards_obtained":["Pain"]},{"damage_healed":0,"gold_gain":0,"player_choice":"Got Potions","damage_taken":0,"max_hp_gain":0,"max_hp_loss":0,"event_name":"Lab","floor":4,"gold_loss":0},{"cards_removed":["Grand Finale"],"damage_healed":0,"gold_gain":0,"player_choice":"Purged","damage_taken":0,"max_hp_gain":0,"max_hp_loss":0,"event_name":"Purifier","floor":19,"gold_loss":0},{"damage_healed":0,"gold_gain":0,"player_choice":"Fought Bandits","damage_taken":0,"max_hp_gain":0,"max_hp_loss":0,"event_name":"Masked Bandits","floor":21,"gold_loss":0},{"damage_healed":0,"gold_gain":0,"player_choice":"Became a Ghost","damage_taken":0,"max_hp_gain":0,"max_hp_loss":35,"event_name":"Ghosts","floor":25,"gold_loss":0,"cards_obtained":["Ghostly","Ghostly","Ghostly","Ghostly","Ghostly"]},{"damage_healed":0,"gold_gain":0,"player_choice":"Opened","damage_taken":0,"relics_obtained":["Mercury Hourglass"],"max_hp_gain":0,"max_hp_loss":0,"event_name":"The Mausoleum","floor":29,"gold_loss":0},{"damage_healed":0,"gold_gain":99,"player_choice":"Stole From Cult","damage_taken":0,"max_hp_gain":0,"max_hp_loss":0,"event_name":"Nest","floor":31,"gold_loss":0},{"damage_healed":0,"gold_gain":100,"player_choice":"Pray","damage_taken":0,"max_hp_gain":0,"max_hp_loss":0,"event_name":"Golden Shrine","floor":38,"gold_loss":0}],"is_beta":false,"boss_relics":[{"not_picked":["Ectoplasm","Calling Bell"],"picked":"Pandora\u0027s Box"},{"not_picked":["Black Star","Snecko Eye"],"picked":"Busted Crown"}],"items_purged_floors":[3],"is_endless":false,"potions_floor_spawned":[1,5,11,16,18,22,27,28,33,37,41,46,47],"ascension_level":4}