{"gold_per_floor":[113,113,388,399,413,413,438,438,438,461,488,163,163,183,183,257,257,267,267,279,94,106,106,106,106,106,126,155,355,368,386,386,458,458,470,470,570,585,599,599,616,181,230,230,247,263,263,282,282,282],"floor_reached":50,"playtime":5444,"items_purged":["Regret","Strike_B","Writhe"],"score":983,"play_id":"ce5b1b72-29f2-4668-b839-0a2cdc22b111","local_time":"20190426124843","is_ascension_mode":true,"campfire_choices":[{"data":"Recycle","floor":6.0,"key":"SMITH"},{"data":"Doom and Gloom","floor":8.0,"key":"SMITH"},{"floor":13.0,"key":"REST"},{"data":"Hologram","floor":15.0,"key":"SMITH"},{"floor":23,"key":"REST"},{"data":"Buffer","floor":25,"key":"SMITH"},{"data":"Reinforced Body","floor":32,"key":"SMITH"},{"floor":40,"key":"REST"},{"floor":44,"key":"REST"},{"floor":49,"key":"REST"}],"neow_cost":"NONE","seed_source_timestamp":2164384390919065,"circlet_count":0,"master_deck":["AscendersBane","Strike_B+1","Strike_B+1","Strike_B","Defend_B","Defend_B","Defend_B","Zap","Dualcast","Recycle+1","Doom and Gloom+1","Conserve Battery","Biased Cognition","Hologram+1","Defragment","Self Repair","Machine Learning","Buffer+1","Storm","Reinforced Body+1","FTL+1","FTL+1","Amplify","Cold Snap+1","Double Energy+1","Reinforced Body+1","Parasite","Purity","Stack","Parasite"],"special_seed":0,"relics":["Cracked Core","NeowsBlessing","Molten Egg 2","Sundial","Whetstone","Blood Vial","Orichalcum","Busted Crown","Oddly Smooth Stone","Happy Flower","Runic Pyramid","Ice Cream","Art of War","Lantern"],"potions_floor_usage":[20,22,28,33,35,38,41,47,48,50],"damage_taken":[{"damage":0.0,"enemies":"Small Slimes","floor":1.0,"turns":1.0},{"damage":0.0,"enemies":"2 Louse","floor":4.0,"turns":1.0},{"damage":0.0,"enemies":"Cultist","floor":5.0,"turns":1.0},{"damage":21.0,"enemies":"3 Sentries","floor":7.0,"turns":6.0},{"damage":11.0,"enemies":"Gremlin Nob","floor":11.0,"turns":3.0},{"damage":0.0,"enemies":"Exordium Thugs","floor":14.0,"turns":3.0},{"damage":33.0,"enemies":"Slime Boss","floor":16.0,"turns":5.0},{"damage":29.0,"enemies":"2 Thieves","floor":18.0,"turns":4.0},{"damage":21,"enemies":"Shell Parasite","floor":20,"turns":4},{"damage":39,"enemies":"Snake Plant","floor":22,"turns":5},{"damage":0,"enemies":"Snecko","floor":27,"turns":5},{"damage":16,"enemies":"Gremlin Leader","floor":28,"turns":7},{"damage":5,"enemies":"Centurion and Healer","floor":30,"turns":7},{"damage":0,"enemies":"Cultist and Chosen","floor":31,"turns":5},{"damage":46,"enemies":"Champ","floor":33,"turns":14},{"damage":38,"enemies":"3 Darklings","floor":35,"turns":6},{"damage":5,"enemies":"Mind Bloom Boss Battle","floor":37,"turns":9},{"damage":5,"enemies":"Orb Walker","floor":38,"turns":4},{"damage":50,"enemies":"3 Darklings","floor":39,"turns":5},{"damage":10,"enemies":"Writhing Mass","floor":41,"turns":8},{"damage":12,"enemies":"Spire Growth","floor":45,"turns":7},{"damage":11,"enemies":"4 Shapes","floor":46,"turns":4},{"damage":58,"enemies":"Giant Head","floor":47,"turns":14},{"damage":6,"enemies":"Writhing Mass","floor":48,"turns":9},{"damage":68,"enemies":"Time Eater","floor":50,"turns":15}],"seed_played":"-1045837523594103849","potions_obtained":[{"floor":1.0,"key":"SmokeBomb"},{"floor":5.0,"key":"AttackPotion"},{"floor":7.0,"key":"Regen Potion"},{"floor":20,"key":"Regen Potion"},{"floor":27,"key":"Weak Potion"},{"floor":31,"key":"Dexterity Potion"},{"floor":33,"key":"LiquidBronze"},{"floor":37,"key":"SkillPotion"},{"floor":38,"key":"Swift Potion"},{"floor":48,"key":"GamblersBrew"}],"is_trial":false,"path_per_floor":["M","?","?","M","M","R","E","R","T","T","E","$","R","M","R","B",null,"M","?","M","$","M","R","$","R","T","M","E","?","M","M","R","B",null,"M","?","?","M","M","R","M","$","T","R","M","M","E","M","R","B"],"character_chosen":"DEFECT","items_purchased":["Orichalcum","Defragment","Reinforced Body","SpeedPotion","Art of War","Purity"],"campfire_rested":5,"item_purchase_floors":[12,12,21,42,42,42],"current_hp_per_floor":[64,57,57,57,57,57,36,36,36,36,25,25,46,48,48,24,59,39,39,39,39,21,42,42,42,42,51,44,44,48,57,57,20,58,36,50,54,58,17,38,44,44,44,65,62,60,18,28,49,0],"gold":282,"neow_bonus":"THREE_ENEMY_KILL","is_prod":false,"is_daily":false,"chose_seed":false,"campfire_upgraded":5,"win_rate":0,"timestamp":1556261323,"path_taken":["M","?","?","?","M","R","E","R","T","?","E","?","R","M","R","BOSS","M","?","M","$","M","R","$","R","T","?","E","?","M","M","R","BOSS","M","?","?","M","M","R","M","$","T","R","M","M","E","M","R","BOSS"],"build_version":"2019-01-23","purchased_purges":3,"victory":false,"max_hp_per_floor":[71,71,71,71,71,71,71,71,71,71,71,71,71,71,71,71,71,71,71,71,71,71,71,71,71,71,71,71,71,71,71,71,71,71,71,71,71,71,71,71,71,71,71,71,71,71,71,71,71,71],"card_choices":[{"not_picked":["Hologram","Gash"],"picked":"Recycle","floor":1.0},{"not_picked":["Scrape","Self Repair"],"picked":"Doom and Gloom","floor":4.0},{"not_picked":["BootSequence","Reprogram"],"picked":"Conserve Battery","floor":5.0},{"not_picked":["Stack","Darkness"],"picked":"Biased Cognition","floor":7.0},{"not_picked":["Biased Cognition","Ball Lightning+1"],"picked":"Hologram","floor":11.0},{"not_picked":["Beam Cell+1","Barrage+1"],"picked":"Self Repair","floor":14.0},{"not_picked":["Hyperbeam+1","Multi-Cast"],"picked":"Machine Learning","floor":16.0},{"not_picked":["Ball Lightning+1"],"picked":"SKIP","floor":18.0},{"not_picked":["Conserve Battery"],"picked":"SKIP","floor":20},{"not_picked":["Steam"],"picked":"SKIP","floor":22},{"not_picked":[],"picked":"FTL+1","floor":27},{"not_picked":["Gash+1"],"picked":"SKIP","floor":28},{"not_picked":["Steam"],"picked":"SKIP","floor":30},{"not_picked":[],"picked":"FTL+1","floor":31},{"not_picked":[],"picked":"Amplify","floor":33},{"not_picked":[],"picked":"Cold Snap+1","floor":35},{"not_picked":[],"picked":"Double Energy+1","floor":37},{"not_picked":["Chaos"],"picked":"SKIP","floor":38},{"not_picked":[],"picked":"Reinforced Body+1","floor":39},{"not_picked":["Barrage+1"],"picked":"SKIP","floor":41},{"not_picked":["Self Repair"],"picked":"SKIP","floor":45},{"not_picked":[],"picked":"Stack","floor":46},{"not_picked":["Turbo"],"picked":"SKIP","floor":48}],"player_experience":1226124,"relics_obtained":[{"floor":7.0,"key":"Molten Egg 2"},{"floor":9.0,"key":"Sundial"},{"floor":10.0,"key":"Whetstone"},{"floor":11.0,"key":"Blood Vial"},{"floor":26,"key":"Oddly Smooth Stone"},{"floor":28,"key":"Happy Flower"},{"floor":37,"key":"Ice Cream"},{"floor":43,"key":"Lantern"}],"event_choices":[{"cards_removed":["Defend_B"],"damage_healed":0.0,"max_hp_gain":0.0,"max_hp_loss":0.0,"gold_gain":0.0,"event_name":"Golden Wing","player_choice":"Card Removal","floor":2.0,"gold_loss":0.0,"damage_taken":7.0},{"damage_healed":0.0,"max_hp_gain":0.0,"max_hp_loss":0.0,"gold_gain":275.0,"event_name":"Golden Shrine","player_choice":"Desecrate","floor":3.0,"gold_loss":0.0,"damage_taken":0.0,"cards_obtained":["Regret"]},{"damage_healed":0,"gold_gain":0,"player_choice":"2 cards matched","damage_taken":0,"max_hp_gain":0,"max_hp_loss":0,"event_name":"Match and Keep!","floor":19,"gold_loss":0,"cards_obtained":["Buffer","Storm"]},{"damage_healed":0,"gold_gain":200,"player_choice":"Gold","damage_taken":0,"max_hp_gain":0,"max_hp_loss":0,"event_name":"Wheel of Change","floor":29,"gold_loss":0},{"damage_healed":14,"gold_gain":0,"player_choice":"Writhe","damage_taken":0,"max_hp_gain":0,"max_hp_loss":0,"event_name":"Winding Halls","floor":36,"gold_loss":0,"cards_obtained":["Writhe"]},{"damage_healed":0,"gold_gain":0,"player_choice":"Fight","damage_taken":0,"max_hp_gain":0,"max_hp_loss":0,"event_name":"MindBloom","floor":37,"gold_loss":0}],"is_beta":false,"boss_relics":[{"not_picked":["Snecko Eye","Inserter"],"picked":"Busted Crown"},{"not_picked":["Orrery","Calling Bell"],"picked":"Runic Pyramid"}],"items_purged_floors":[12,21,42],"is_endless":false,"potions_floor_spawned":[1,5,7,16,20,27,31,33,37,38,39,47,48],"killed_by":"Time Eater","ascension_level":18}