{"gold_per_floor":[112,123,72,90,106,106,125,125,125,125,135,152,152,172,172,269,269,281,167,187,200,200],"floor_reached":22,"playtime":2169,"items_purged":["Rupture"],"score":182,"play_id":"e2784735-2342-48c6-81d4-5078464fd2e8","local_time":"20190528221915","is_ascension_mode":false,"campfire_choices":[{"data":"Bash","floor":8,"key":"SMITH"},{"data":"Thunderclap","floor":10,"key":"SMITH"},{"data":"Carnage","floor":13,"key":"SMITH"},{"floor":15,"key":"REST"}],"neow_cost":"","seed_source_timestamp":8097355118017900,"circlet_count":0,"master_deck":["Strike_R","Strike_R","Strike_R","Strike_R","Strike_R","Defend_R","Defend_R","Defend_R","Defend_R","Bash+1","Shrug It Off","Sword Boomerang","Twin Strike","Thunderclap+1","Body Slam","Fire Breathing","Flex","Carnage+1","Clash","Feed","Armaments","Searing Blow"],"relics":["Burning Blood","Matryoshka","Snecko Eye"],"potions_floor_usage":[11,16,16,21,22],"damage_taken":[{"damage":0,"enemies":"2 Louse","floor":1,"turns":4},{"damage":4,"enemies":"Cultist","floor":2,"turns":5},{"damage":5,"enemies":"Jaw Worm","floor":4,"turns":3},{"damage":9,"enemies":"Blue Slaver","floor":5,"turns":4},{"damage":21,"enemies":"Gremlin Gang","floor":7,"turns":7},{"damage":14,"enemies":"3 Louse","floor":11,"turns":3},{"damage":7,"enemies":"Red Slaver","floor":12,"turns":4},{"damage":6,"enemies":"Exordium Wildlife","floor":14,"turns":3},{"damage":59,"enemies":"The Guardian","floor":16,"turns":12},{"damage":25,"enemies":"2 Thieves","floor":18,"turns":3},{"damage":21,"enemies":"Shell Parasite","floor":20,"turns":4},{"damage":32,"enemies":"Snake Plant","floor":21,"turns":4},{"damage":28,"enemies":"Sentry and Sphere","floor":22,"turns":5}],"seed_played":"4680506426174637008","potions_obtained":[{"floor":2,"key":"BloodPotion"},{"floor":5,"key":"Weak Potion"},{"floor":12,"key":"Fire Potion"},{"floor":18,"key":"EssenceOfSteel"},{"floor":20,"key":"Energy Potion"}],"is_trial":false,"path_per_floor":["M","M","$","M","M","?","M","R","T","R","M","M","R","M","R","B",null,"M","$","M","M","M"],"character_chosen":"IRONCLAD","items_purchased":["Twin Strike","Rupture"],"campfire_rested":1,"item_purchase_floors":[3,19],"current_hp_per_floor":[80,80,80,80,77,77,62,62,62,62,62,61,61,61,80,27,80,61,61,46,20,0],"gold":200,"neow_bonus":"","is_prod":false,"is_daily":false,"chose_seed":false,"campfire_upgraded":3,"win_rate":0.0,"timestamp":1559096355,"path_taken":["M","M","$","M","M","?","M","R","T","R","M","?","R","M","R","BOSS","M","$","M","M","M"],"build_version":"2019-01-23","purchased_purges":1,"victory":false,"max_hp_per_floor":[80,80,80,80,80,80,80,80,80,80,80,80,80,80,80,80,80,80,80,80,80,80],"card_choices":[{"not_picked":["Armaments","Anger"],"picked":"Shrug It Off","floor":1},{"not_picked":["Anger","Shrug It Off"],"picked":"Sword Boomerang","floor":2},{"not_picked":["Feel No Pain","Shrug It Off"],"picked":"Thunderclap","floor":4},{"not_picked":["Pummel","Headbutt"],"picked":"Body Slam","floor":5},{"not_picked":["Inflame","Brutality"],"picked":"Fire Breathing","floor":7},{"not_picked":["Armaments","Sword Boomerang"],"picked":"Flex","floor":11},{"not_picked":["Thunderclap","True Grit"],"picked":"Carnage","floor":12},{"not_picked":["Body Slam","Double Tap"],"picked":"Clash","floor":14},{"not_picked":["Demon Form","Offering"],"picked":"Feed","floor":16},{"not_picked":["True Grit","Flex","Hemokinesis"],"picked":"SKIP","floor":18},{"not_picked":["Rupture","Thunderclap"],"picked":"Armaments","floor":20},{"not_picked":["Iron Wave","Warcry"],"picked":"Searing Blow","floor":21}],"player_experience":0,"relics_obtained":[{"floor":9,"key":"Matryoshka"}],"event_choices":[{"damage_healed":0,"gold_gain":0,"player_choice":"Bought 0 Potions","damage_taken":0,"max_hp_gain":0,"max_hp_loss":0,"event_name":"The Woman in Blue","floor":6,"gold_loss":0}],"is_beta":false,"boss_relics":[{"not_picked":["Sozu","Orrery"],"picked":"Snecko Eye"}],"items_purged_floors":[19],"is_endless":false,"potions_floor_spawned":[2,5,12,18,20],"killed_by":"Sentry and Sphere","ascension_level":0}