{"gold_per_floor":[109,109,121,136,136,169,169,197,197,225,238,255,272,129,129,231,231,243,254,267,178,178,178,208,223,223,223,251,269,301,320,320,320],"floor_reached":33,"playtime":1382,"items_purged":["Strike_G","Strike_G"],"score":436,"play_id":"81c7dd61-80e8-41d6-97cc-9ca52954fca1","local_time":"20190526164956","is_ascension_mode":true,"campfire_choices":[{"data":"Blade Dance","floor":7.0,"key":"SMITH"},{"data":"After Image","floor":15.0,"key":"SMITH"},{"data":"Noxious Fumes","floor":23.0,"key":"SMITH"},{"floor":27,"key":"REST"},{"floor":32,"key":"REST"}],"neow_cost":"NONE","seed_source_timestamp":68733588479700,"circlet_count":0,"master_deck":["Defend_G+1","Defend_G+1","Defend_G+1","Defend_G+1","Defend_G+1","Strike_G+1","Strike_G+1","Survivor","Neutralize","Doppelganger","Dagger Spray","Poisoned Stab","Infinite Blades","Blade Dance+1","After Image+1","Poisoned Stab","Endless Agony","Backstab","Deadly Poison","Well Laid Plans","Cloak And Dagger","Corpse Explosion","Flying Knee+1","Noxious Fumes+1","PiercingWail","Slice","Dash+1","Dodge and Roll"],"special_seed":0,"relics":["Ring of the Snake","NlothsMask","Ninja Scroll","Smiling Mask","Happy Flower","Busted Crown","Anchor","Bottled Flame","Darkstone Periapt","Letter Opener"],"potions_floor_usage":[24,28],"damage_taken":[{"damage":3.0,"enemies":"Jaw Worm","floor":1.0,"turns":6.0},{"damage":0.0,"enemies":"Cultist","floor":3.0,"turns":4.0},{"damage":0.0,"enemies":"2 Louse","floor":4.0,"turns":3.0},{"damage":25.0,"enemies":"Lagavulin","floor":6.0,"turns":7.0},{"damage":19.0,"enemies":"3 Sentries","floor":8.0,"turns":7.0},{"damage":16.0,"enemies":"Gremlin Nob","floor":10.0,"turns":4.0},{"damage":3.0,"enemies":"Exordium Wildlife","floor":11.0,"turns":5.0},{"damage":0.0,"enemies":"Gremlin Gang","floor":12.0,"turns":4.0},{"damage":0.0,"enemies":"Red Slaver","floor":13.0,"turns":2.0},{"damage":0.0,"enemies":"Hexaghost","floor":16.0,"turns":9.0},{"damage":0.0,"enemies":"Chosen","floor":18.0,"turns":4.0},{"damage":0.0,"enemies":"Spheric Guardian","floor":19.0,"turns":3.0},{"damage":9.0,"enemies":"Chosen and Byrds","floor":20.0,"turns":5.0},{"damage":23,"enemies":"Gremlin Leader","floor":24,"turns":4},{"damage":12,"enemies":"Sentry and Sphere","floor":25,"turns":5},{"damage":18,"enemies":"Slavers","floor":28,"turns":4},{"damage":12,"enemies":"Snecko","floor":29,"turns":6},{"damage":19,"enemies":"Book of Stabbing","floor":30,"turns":5},{"damage":3,"enemies":"Cultist and Chosen","floor":31,"turns":6},{"damage":12,"enemies":"Automaton","floor":33,"turns":2}],"seed_played":"-6408875572325931166","potions_obtained":[{"floor":1.0,"key":"EssenceOfSteel"},{"floor":4.0,"key":"SteroidPotion"},{"floor":10.0,"key":"Fire Potion"},{"floor":13.0,"key":"Regen Potion"},{"floor":19.0,"key":"GamblersBrew"},{"floor":20.0,"key":"FearPotion"},{"floor":24,"key":"LiquidBronze"},{"floor":30,"key":"Energy Potion"}],"is_trial":false,"path_per_floor":["M","?","M","M","?","E","R","E","T","E","M","M","M","$","R","B",null,"M","M","M","$","?","R","E","M","T","R","E","M","E","M","R","B"],"character_chosen":"THE_SILENT","items_purchased":["Well Laid Plans","Cloak And Dagger","Noxious Fumes"],"campfire_rested":2,"item_purchase_floors":[14,14,21],"current_hp_per_floor":[67,67,67,67,67,42,42,23,23,7,4,4,4,4,4,4,70,70,70,61,61,61,61,38,26,26,47,41,29,10,7,28,16],"gold":320,"neow_bonus":"ONE_RANDOM_RARE_CARD","is_prod":false,"is_daily":false,"chose_seed":false,"campfire_upgraded":3,"win_rate":0,"timestamp":1558882196,"path_taken":["M","?","?","M","?","E","R","E","T","E","M","?","M","?","R","BOSS","M","M","M","$","?","R","E","M","T","R","E","M","E","M","R","BOSS"],"build_version":"2019-01-23","purchased_purges":2,"victory":false,"max_hp_per_floor":[70,70,70,70,70,70,70,70,70,70,70,70,70,70,70,70,70,70,70,70,70,70,70,70,70,70,70,70,70,70,70,70,70],"card_choices":[{"not_picked":["Catalyst","Expertise"],"picked":"Dagger Spray","floor":1.0},{"not_picked":["Deflect","Eviscerate"],"picked":"Poisoned Stab","floor":3.0},{"not_picked":["Sucker Punch","Underhanded Strike"],"picked":"Infinite Blades","floor":4.0},{"not_picked":["Cloak And Dagger","Dodge and Roll"],"picked":"Blade Dance","floor":6.0},{"not_picked":["Riddle With Holes","Storm of Steel"],"picked":"After Image","floor":8.0},{"not_picked":["Underhanded Strike","Distraction"],"picked":"Poisoned Stab","floor":10.0},{"not_picked":["Flying Knee","Caltrops"],"picked":"Endless Agony","floor":11.0},{"not_picked":["Caltrops","Finisher"],"picked":"Backstab","floor":12.0},{"not_picked":["Blade Dance","Calculated Gamble"],"picked":"Deadly Poison","floor":13.0},{"not_picked":["Venomology","Adrenaline"],"picked":"Corpse Explosion","floor":16.0},{"not_picked":[],"picked":"Flying Knee+1","floor":18.0},{"not_picked":["Bane"],"picked":"SKIP","floor":19.0},{"not_picked":["Dagger Throw+1"],"picked":"SKIP","floor":20.0},{"not_picked":["Outmaneuver"],"picked":"SKIP","floor":24},{"not_picked":[],"picked":"PiercingWail","floor":25},{"not_picked":["Flechettes"],"picked":"SKIP","floor":28},{"not_picked":[],"picked":"Slice","floor":29},{"not_picked":[],"picked":"Dash+1","floor":30},{"not_picked":[],"picked":"Dodge and Roll","floor":31}],"player_experience":27521,"relics_obtained":[{"floor":6.0,"key":"Ninja Scroll"},{"floor":8.0,"key":"Smiling Mask"},{"floor":10.0,"key":"Happy Flower"},{"floor":24,"key":"Anchor"},{"floor":26,"key":"Bottled Flame"},{"floor":28,"key":"Darkstone Periapt"},{"floor":30,"key":"Letter Opener"}],"event_choices":[{"damage_healed":0.0,"max_hp_gain":0.0,"max_hp_loss":0.0,"gold_gain":0.0,"event_name":"FaceTrader","player_choice":"Trade","floor":2.0,"gold_loss":0.0,"damage_taken":0.0,"relics_obtained":["NlothsMask"]},{"cards_removed":["Strike_G"],"damage_healed":0.0,"max_hp_gain":0.0,"max_hp_loss":0.0,"gold_gain":0.0,"event_name":"Purifier","player_choice":"Purged","floor":5.0,"gold_loss":0.0,"damage_taken":0.0},{"damage_healed":0.0,"max_hp_gain":0.0,"max_hp_loss":0.0,"gold_gain":0.0,"event_name":"Back to Basics","player_choice":"Simplicity","floor":22.0,"gold_loss":0.0,"damage_taken":0.0,"cards_upgraded":["Defend_G","Defend_G","Defend_G","Defend_G","Defend_G","Strike_G","Strike_G"]}],"is_beta":false,"boss_relics":[{"not_picked":["Eternal Feather","Tiny House"],"picked":"Busted Crown"}],"items_purged_floors":[14,21],"is_endless":false,"potions_floor_spawned":[1,4,10,13,19,20,24,30],"killed_by":"Automaton","ascension_level":3}