{"gold_per_floor":[119,119,129,129,129,161,161,174,226,31,64,75,75,95,95,196,196,214,214,214,60,60,60,94,107,107,107,121,121],"floor_reached":29,"playtime":2201,"items_purged":["Strike_G","Shame"],"score":400,"play_id":"29314817-8a3f-4a71-87ff-a1ae1be89e28","local_time":"20190417174213","is_ascension_mode":true,"campfire_choices":[{"data":"Neutralize","floor":7,"key":"SMITH"},{"data":"Reflex","floor":13,"key":"SMITH"},{"data":"Cloak And Dagger","floor":15,"key":"SMITH"},{"data":"Concentrate","floor":23,"key":"SMITH"},{"floor":27,"key":"REST"}],"neow_cost":"NONE","seed_source_timestamp":1407666818199596,"circlet_count":0,"master_deck":["Defend_G","Defend_G","Defend_G","Defend_G","Defend_G","Strike_G","Strike_G","Survivor","Neutralize+1","Quick Slash","Poisoned Stab","Dagger Throw","Reflex+1","Well Laid Plans","Prepared","Slice","Deflect","Cloak And Dagger+1","A Thousand Cuts","Concentrate+1","Endless Agony","Prepared","RitualDagger","Calculated Gamble","Acrobatics"],"relics":["Ring of the Snake","NeowsBlessing","Anchor","Bronze Scales","Kunai","White Beast Statue","Ninja Scroll","Bottled Lightning","Matryoshka"],"potions_floor_usage":[11,25,25,25,29],"damage_taken":[{"damage":0,"enemies":"2 Louse","floor":1,"turns":1},{"damage":0,"enemies":"Jaw Worm","floor":3,"turns":1},{"damage":0,"enemies":"3 Sentries","floor":6,"turns":1},{"damage":0,"enemies":"Cultist","floor":8,"turns":3},{"damage":7,"enemies":"Lagavulin","floor":11,"turns":5},{"damage":0,"enemies":"Red Slaver","floor":12,"turns":3},{"damage":0,"enemies":"Large Slime","floor":14,"turns":5},{"damage":21,"enemies":"Slime Boss","floor":16,"turns":17},{"damage":2,"enemies":"Chosen","floor":18,"turns":4},{"damage":16,"enemies":"Book of Stabbing","floor":24,"turns":6},{"damage":6,"enemies":"2 Thieves","floor":25,"turns":4},{"damage":9,"enemies":"Centurion and Healer","floor":28,"turns":7},{"damage":49,"enemies":"Slavers","floor":29,"turns":3}],"seed_played":"2630066442760977173","potions_obtained":[{"floor":6,"key":"Poison Potion"},{"floor":12,"key":"Block Potion"},{"floor":14,"key":"SteroidPotion"},{"floor":18,"key":"LiquidBronze"},{"floor":25,"key":"Dexterity Potion"},{"floor":28,"key":"PowerPotion"}],"is_trial":false,"path_per_floor":["M","?","M","?","?","E","R","M","T","$","E","M","R","M","R","B",null,"M","?","?","$","?","R","E","M","T","R","M","E"],"character_chosen":"THE_SILENT","items_purchased":["Well Laid Plans","Prepared","Prepared"],"campfire_rested":1,"item_purchase_floors":[10,10,21],"current_hp_per_floor":[63,63,63,56,61,61,61,61,61,61,54,54,54,54,54,33,65,63,63,63,63,57,57,41,35,35,57,48,0],"gold":121,"neow_bonus":"THREE_ENEMY_KILL","is_prod":false,"is_daily":false,"chose_seed":false,"campfire_upgraded":4,"win_rate":0,"timestamp":1555501333,"path_taken":["M","?","M","?","?","E","R","?","T","?","E","M","R","?","R","BOSS","M","?","?","$","?","R","E","M","T","R","?","E"],"build_version":"2019-01-23","purchased_purges":2,"victory":false,"max_hp_per_floor":[70,70,70,70,75,75,75,75,75,75,75,75,75,75,75,75,75,75,75,75,75,75,75,75,75,75,75,75,75],"card_choices":[{"not_picked":["Blade Dance","Backflip"],"picked":"Quick Slash","floor":1},{"not_picked":["Distraction","Finisher"],"picked":"Poisoned Stab","floor":3},{"not_picked":["Tactician","Catalyst"],"picked":"Dagger Throw","floor":6},{"not_picked":["All Out Attack","Slice"],"picked":"Reflex","floor":8},{"not_picked":["Doppelganger","Flying Knee"],"picked":"Slice","floor":11},{"not_picked":["Bane","Masterful Stab"],"picked":"Deflect","floor":12},{"not_picked":["Dodge and Roll","Blade Dance"],"picked":"Cloak And Dagger","floor":14},{"not_picked":["Unload","Grand Finale"],"picked":"A Thousand Cuts","floor":16},{"not_picked":["Dagger Throw","Acrobatics"],"picked":"Concentrate","floor":18},{"not_picked":["PiercingWail","Backstab"],"picked":"Calculated Gamble","floor":24},{"not_picked":["Sucker Punch","Cloak And Dagger"],"picked":"Acrobatics","floor":25},{"not_picked":["Concentrate","Skewer+1","Bane"],"picked":"SKIP","floor":28}],"player_experience":1175769,"relics_obtained":[{"floor":6,"key":"Anchor"},{"floor":9,"key":"Bronze Scales"},{"floor":11,"key":"Kunai"},{"floor":24,"key":"Bottled Lightning"},{"floor":26,"key":"Matryoshka"}],"event_choices":[{"cards_removed":["Strike_G"],"damage_healed":0,"gold_gain":0,"player_choice":"Forget","damage_taken":0,"max_hp_gain":0,"max_hp_loss":0,"event_name":"Living Wall","floor":2,"gold_loss":0},{"cards_removed":["Strike_G"],"damage_healed":0,"gold_gain":0,"player_choice":"Card Removal","damage_taken":7,"max_hp_gain":0,"max_hp_loss":0,"event_name":"Golden Wing","floor":4,"gold_loss":0},{"damage_healed":0,"gold_gain":0,"player_choice":"Donut","damage_taken":0,"max_hp_gain":5,"max_hp_loss":0,"event_name":"Big Fish","floor":5,"gold_loss":0},{"damage_healed":0,"gold_gain":0,"player_choice":"Stole Relic","damage_taken":0,"relics_obtained":["Ninja Scroll"],"max_hp_gain":0,"max_hp_loss":0,"event_name":"Addict","floor":19,"gold_loss":0,"cards_obtained":["Shame"]},{"damage_healed":0,"gold_gain":0,"player_choice":"Read","damage_taken":0,"max_hp_gain":0,"max_hp_loss":0,"event_name":"The Library","floor":20,"gold_loss":0,"cards_obtained":["Endless Agony"]},{"damage_healed":0,"gold_gain":0,"player_choice":"Joined the Cult","damage_taken":6,"max_hp_gain":0,"max_hp_loss":0,"event_name":"Nest","floor":22,"gold_loss":0,"cards_obtained":["RitualDagger"]}],"is_beta":false,"boss_relics":[{"not_picked":["Velvet Choker","Ectoplasm"],"picked":"White Beast Statue"}],"items_purged_floors":[10,21],"is_endless":false,"potions_floor_spawned":[6,12,14,18,24,25,28],"killed_by":"Slavers","ascension_level":9}