{"gold_per_floor":[219,219,219,229,248,277,277,277],"floor_reached":8,"playtime":205,"items_purged":[],"score":76,"play_id":"6c60026c-c42f-4853-8e99-72898f619edf","local_time":"20190530134952","is_ascension_mode":true,"campfire_choices":[{"data":"Hemokinesis","floor":7,"key":"SMITH"}],"neow_cost":"NONE","seed_source_timestamp":71051764144300,"circlet_count":0,"master_deck":["Strike_R","Strike_R","Strike_R","Strike_R+1","Strike_R","Defend_R","Defend_R","Defend_R+1","Defend_R","Bash","Battle Trance","Wild Strike","Hemokinesis+1"],"relics":["Burning Blood","Du-Vu Doll"],"potions_floor_usage":[8],"damage_taken":[{"damage":7,"enemies":"2 Louse","floor":1,"turns":4},{"damage":2,"enemies":"Jaw Worm","floor":4,"turns":3},{"damage":1,"enemies":"Cultist","floor":5,"turns":3},{"damage":32,"enemies":"Gremlin Nob","floor":6,"turns":4},{"damage":36,"enemies":"3 Sentries","floor":8,"turns":7}],"seed_played":"-8538781468241794487","potions_obtained":[{"floor":1,"key":"SteroidPotion"},{"floor":4,"key":"GamblersBrew"},{"floor":6,"key":"GamblersBrew"}],"is_trial":false,"path_per_floor":["M","?","?","M","M","E","R","E"],"character_chosen":"IRONCLAD","items_purchased":[],"campfire_rested":0,"item_purchase_floors":[],"current_hp_per_floor":[71,71,55,59,64,38,38,2],"gold":277,"neow_bonus":"HUNDRED_GOLD","is_prod":false,"is_daily":false,"chose_seed":false,"campfire_upgraded":1,"win_rate":0,"timestamp":1559216992,"path_taken":["M","?","?","?","M","E","R","E"],"build_version":"2019-01-23","purchased_purges":0,"victory":false,"max_hp_per_floor":[80,80,80,80,80,80,80,80],"card_choices":[{"not_picked":["Fire Breathing","Flex","True Grit"],"picked":"SKIP","floor":1},{"not_picked":["Searing Blow","Infernal Blade"],"picked":"Battle Trance","floor":4},{"not_picked":["Flex","Combust"],"picked":"Wild Strike","floor":5},{"not_picked":["Shrug It Off","Clash"],"picked":"Hemokinesis","floor":6}],"player_experience":73826,"relics_obtained":[{"floor":6,"key":"Du-Vu Doll"}],"event_choices":[{"damage_healed":0,"gold_gain":0,"player_choice":"Ignored","damage_taken":0,"max_hp_gain":0,"max_hp_loss":0,"event_name":"Liars Game","floor":2,"gold_loss":0},{"damage_healed":0,"gold_gain":0,"player_choice":"Entered Light","damage_taken":16,"max_hp_gain":0,"max_hp_loss":0,"event_name":"Shining Light","floor":3,"gold_loss":0,"cards_upgraded":["Defend_R","Strike_R"]}],"is_beta":false,"boss_relics":[],"items_purged_floors":[],"is_endless":false,"potions_floor_spawned":[1,4,6],"killed_by":"3 Sentries","ascension_level":7}