{"gold_per_floor":[109,123,136,151,165,165,181,181,181,181,194,194,214,139,139,240,240,260,185,185,85,102,102,27,39,85,85,98,98,117,117,117,117],"floor_reached":33,"playtime":2123,"items_purged":["Strike_G","Strike_G"],"score":241,"play_id":"f719912b-932a-4523-86b3-3af4fe188c37","local_time":"20190530033441","is_ascension_mode":false,"campfire_choices":[{"floor":6,"key":"REST"},{"floor":8,"key":"REST"},{"data":"Noxious Fumes","floor":10,"key":"SMITH"},{"floor":15,"key":"REST"},{"data":"Deadly Poison","floor":23,"key":"SMITH"},{"data":"Bouncing Flask","floor":27,"key":"SMITH"},{"floor":29,"key":"REST"},{"floor":32,"key":"REST"}],"neow_cost":"NONE","seed_source_timestamp":8202727860240400,"circlet_count":0,"master_deck":["Defend_G","Defend_G","Defend_G","Defend_G","Strike_G","Strike_G","Survivor","Neutralize","Adrenaline","Deadly Poison+1","Bane","Noxious Fumes+1","Backflip","Malaise","Venomology","Deadly Poison","Bouncing Flask+1","Normality"],"relics":["Ring of the Snake","Mango","Cursed Key","Bag of Marbles","Anchor"],"potions_floor_usage":[18,22,25,25,28,30],"damage_taken":[{"damage":1,"enemies":"Cultist","floor":1,"turns":4},{"damage":5,"enemies":"2 Louse","floor":2,"turns":3},{"damage":3,"enemies":"Jaw Worm","floor":3,"turns":3},{"damage":5,"enemies":"2 Fungi Beasts","floor":4,"turns":3},{"damage":44,"enemies":"Gremlin Gang","floor":5,"turns":6},{"damage":3,"enemies":"Red Slaver","floor":7,"turns":4},{"damage":5,"enemies":"Looter","floor":11,"turns":3},{"damage":6,"enemies":"Large Slime","floor":13,"turns":5},{"damage":36,"enemies":"The Guardian","floor":16,"turns":9},{"damage":12,"enemies":"Chosen","floor":18,"turns":5},{"damage":9,"enemies":"2 Thieves","floor":22,"turns":5},{"damage":12,"enemies":"Snecko","floor":25,"turns":5},{"damage":13,"enemies":"Snake Plant","floor":28,"turns":4},{"damage":28,"enemies":"Centurion and Healer","floor":30,"turns":6},{"damage":81,"enemies":"Champ","floor":33,"turns":9}],"seed_played":"2904613957496785177","potions_obtained":[{"floor":2,"key":"Weak Potion"},{"floor":4,"key":"SmokeBomb"},{"floor":5,"key":"SneckoOil"},{"floor":16,"key":"LiquidBronze"},{"floor":25,"key":"FearPotion"}],"is_trial":false,"path_per_floor":["M","M","M","M","M","R","M","R","T","R","M","?","M","$","R","B",null,"M","?","?","$","M","R","$","M","T","R","M","R","M","?","R","B"],"character_chosen":"THE_SILENT","items_purchased":["Bouncing Flask"],"campfire_rested":5,"item_purchase_floors":[24],"current_hp_per_floor":[69,64,61,56,12,33,30,51,65,65,60,53,47,47,72,36,84,72,72,84,84,75,75,75,63,63,63,50,75,47,47,72,0],"gold":117,"neow_bonus":"ONE_RANDOM_RARE_CARD","is_prod":false,"is_daily":false,"chose_seed":false,"campfire_upgraded":3,"win_rate":0.0,"timestamp":1559201681,"path_taken":["M","M","M","?","M","R","?","R","T","R","M","?","M","$","R","BOSS","M","?","?","$","?","R","?","M","T","R","M","R","M","?","R","BOSS"],"build_version":"2019-01-23","purchased_purges":2,"victory":false,"max_hp_per_floor":[70,70,70,70,70,70,70,70,84,84,84,84,84,84,84,84,84,84,84,84,84,84,84,84,84,84,84,84,84,84,84,84,84],"card_choices":[{"not_picked":["Dagger Spray","Outmaneuver","Acrobatics"],"picked":"SKIP","floor":1},{"not_picked":["Blur","Prepared"],"picked":"Deadly Poison","floor":2},{"not_picked":["Dagger Spray","Distraction","Deflect"],"picked":"SKIP","floor":3},{"not_picked":["Underhanded Strike","Dagger Spray"],"picked":"Bane","floor":4},{"not_picked":["Acrobatics","Deadly Poison"],"picked":"Noxious Fumes","floor":5},{"not_picked":["Flying Knee","PiercingWail","Sucker Punch"],"picked":"SKIP","floor":7},{"not_picked":["Outmaneuver","Blur"],"picked":"Backflip","floor":11},{"not_picked":["Sucker Punch","Slice"],"picked":"Malaise","floor":13},{"not_picked":["Phantasmal Killer","Night Terror"],"picked":"Venomology","floor":16},{"not_picked":["PiercingWail+1","All Out Attack"],"picked":"Deadly Poison","floor":18},{"not_picked":["Quick Slash+1","Prepared","Expertise+1"],"picked":"SKIP","floor":22},{"not_picked":["Prepared","Distraction+1","Underhanded Strike+1"],"picked":"SKIP","floor":25},{"not_picked":["Blade Dance","Deflect+1","Acrobatics"],"picked":"SKIP","floor":28},{"not_picked":["Bouncing Flask","Deflect","Eviscerate"],"picked":"SKIP","floor":30}],"player_experience":38642,"relics_obtained":[{"floor":9,"key":"Mango"},{"floor":26,"key":"Bag of Marbles"}],"event_choices":[{"cards_removed":["Defend_G"],"damage_healed":0,"gold_gain":0,"player_choice":"Card Removal","damage_taken":7,"max_hp_gain":0,"max_hp_loss":0,"event_name":"Golden Wing","floor":12,"gold_loss":0},{"cards_removed":["Strike_G"],"damage_healed":0,"gold_gain":0,"player_choice":"Gave Gold","damage_taken":0,"max_hp_gain":0,"max_hp_loss":0,"event_name":"Beggar","floor":19,"gold_loss":75},{"damage_healed":12,"gold_gain":0,"player_choice":"Full Heal","damage_taken":0,"max_hp_gain":0,"max_hp_loss":0,"event_name":"Wheel of Change","floor":20,"gold_loss":0},{"damage_healed":0,"gold_gain":0,"player_choice":"Opened","damage_taken":0,"relics_obtained":["Anchor"],"max_hp_gain":0,"max_hp_loss":0,"event_name":"The Mausoleum","floor":31,"gold_loss":0}],"is_beta":false,"boss_relics":[{"not_picked":["Astrolabe","Coffee Dripper"],"picked":"Cursed Key"}],"items_purged_floors":[14,21],"is_endless":false,"potions_floor_spawned":[2,4,5,16,25],"killed_by":"Champ","ascension_level":0}