{"gold_per_floor":[113,131,3,3,3,42,42,80,80,80,80,100,116,160,160,249,249,274,19,33,33,33,33,50,50,77,108,108,118,145,145,145,145],"floor_reached":33,"playtime":1681,"items_purged":[],"score":636,"play_id":"afb32973-ed5f-4869-8e4f-4bd0c6b5f737","local_time":"20190527144701","is_ascension_mode":true,"campfire_choices":[{"data":"Bash","floor":7,"key":"SMITH"},{"data":"Blood for Blood","floor":10,"key":"SMITH"},{"data":"Sword Boomerang","floor":15,"key":"SMITH"},{"data":"Corruption","floor":23,"key":"SMITH"},{"floor":28,"key":"REST"},{"floor":32,"key":"REST"}],"neow_cost":"NONE","seed_source_timestamp":4853707971899494,"circlet_count":0,"master_deck":["AscendersBane","Strike_R","Strike_R","Defend_R","Defend_R+1","Defend_R","Defend_R","Bash+1","Pummel","Corruption+1","Pummel","Sword Boomerang+1","Blood for Blood+1","Evolve","Wild Strike","Wild Strike","Offering","Immolate+1","Cleave+1","Offering+1","Pommel Strike","Shrug It Off+1","Ghostly Armor","J.A.X.","Thunderclap","Feed","Shrug It Off+1","Writhe"],"relics":["Burning Blood","NeowsBlessing","Bloody Idol","Thread and Needle","Question Card","Bird Faced Urn","Bronze Scales","Juzu Bracelet","Astrolabe","Strange Spoon","Strawberry","Smiling Mask","War Paint","Incense Burner"],"potions_floor_usage":[30],"damage_taken":[{"damage":0,"enemies":"2 Louse","floor":1,"turns":1},{"damage":0,"enemies":"Small Slimes","floor":2,"turns":1},{"damage":0,"enemies":"3 Sentries","floor":6,"turns":1},{"damage":46,"enemies":"Gremlin Nob","floor":8,"turns":5},{"damage":0,"enemies":"Cultist","floor":12,"turns":4},{"damage":2,"enemies":"3 Louse","floor":13,"turns":4},{"damage":20,"enemies":"3 Sentries","floor":14,"turns":8},{"damage":31,"enemies":"Slime Boss","floor":16,"turns":11},{"damage":14,"enemies":"Spheric Guardian","floor":18,"turns":3},{"damage":20,"enemies":"3 Byrds","floor":20,"turns":2},{"damage":10,"enemies":"Centurion and Healer","floor":24,"turns":6},{"damage":24,"enemies":"Gremlin Leader","floor":27,"turns":4},{"damage":9,"enemies":"3 Cultists","floor":29,"turns":4},{"damage":59,"enemies":"Slavers","floor":30,"turns":5},{"damage":80,"enemies":"Champ","floor":33,"turns":8}],"seed_played":"-8519690908930203337","potions_obtained":[{"floor":6,"key":"GamblersBrew"},{"floor":13,"key":"Dexterity Potion"},{"floor":16,"key":"Weak Potion"},{"floor":20,"key":"Ancient Potion"}],"is_trial":false,"path_per_floor":["M","M","$","?","?","E","R","E","T","R","?","M","M","E","R","B",null,"M","$","M","?","?","R","M","?","T","E","R","M","E","?","R","B"],"character_chosen":"IRONCLAD","items_purchased":["Corruption","Pummel","Strange Spoon","Shrug It Off"],"campfire_rested":2,"item_purchase_floors":[3,3,19,19],"current_hp_per_floor":[74,75,75,80,72,72,72,32,32,32,32,40,46,36,36,15,58,54,54,40,40,40,40,45,45,57,48,71,80,39,39,64,0],"gold":145,"neow_bonus":"THREE_ENEMY_KILL","is_prod":false,"is_daily":false,"chose_seed":false,"campfire_upgraded":4,"win_rate":0,"timestamp":1558946821,"path_taken":["M","M","$","?","?","E","R","E","T","R","?","M","M","E","R","BOSS","M","?","M","?","?","R","M","?","T","E","R","M","E","?","R","BOSS"],"build_version":"2019-01-23","purchased_purges":0,"victory":false,"max_hp_per_floor":[75,75,75,80,72,72,72,72,72,72,72,72,72,72,72,72,72,72,72,72,72,72,72,72,72,79,79,79,82,85,85,85,85],"card_choices":[{"not_picked":["Havoc","Heavy Blade","True Grit"],"picked":"SKIP","floor":1},{"not_picked":["Warcry","Clash"],"picked":"Pummel","floor":2},{"not_picked":["Shrug It Off","Anger"],"picked":"Sword Boomerang","floor":6},{"not_picked":["Bludgeon","Metallicize"],"picked":"Blood for Blood","floor":8},{"not_picked":["Havoc","Burning Pact","Sentinel"],"picked":"Evolve","floor":12},{"not_picked":["Rupture","Shrug It Off","True Grit"],"picked":"Wild Strike","floor":13},{"not_picked":["True Grit","Fire Breathing","Thunderclap"],"picked":"Wild Strike","floor":14},{"not_picked":["Impervious","Berserk","Double Tap"],"picked":"Offering","floor":16},{"not_picked":["Body Slam","Sentinel","Entrench"],"picked":"Pommel Strike","floor":18},{"not_picked":["Cleave+1","Flex","Sword Boomerang"],"picked":"Ghostly Armor","floor":20},{"not_picked":["Armaments","Clothesline+1","Brutality"],"picked":"Thunderclap","floor":24},{"not_picked":["Warcry","Sword Boomerang","Thunderclap"],"picked":"Feed","floor":27},{"not_picked":["Body Slam","Anger+1","Cleave","Burning Pact"],"picked":"SKIP","floor":29},{"not_picked":["True Grit","Immolate","Twin Strike"],"picked":"Shrug It Off+1","floor":30}],"player_experience":1397781,"relics_obtained":[{"floor":6,"key":"Thread and Needle"},{"floor":8,"key":"Question Card"},{"floor":9,"key":"Bird Faced Urn"},{"floor":14,"key":"Juzu Bracelet"},{"floor":26,"key":"Strawberry"},{"floor":27,"key":"Smiling Mask"},{"floor":30,"key":"War Paint"}],"event_choices":[{"damage_healed":0,"gold_gain":0,"player_choice":"Donut","damage_taken":0,"max_hp_gain":5,"max_hp_loss":0,"event_name":"Big Fish","floor":4,"gold_loss":0},{"damage_healed":0,"gold_gain":0,"player_choice":"Lose Max HP","damage_taken":0,"relics_obtained":["Golden Idol"],"max_hp_gain":0,"max_hp_loss":8,"event_name":"Golden Idol","floor":5,"gold_loss":0},{"damage_healed":0,"gold_gain":0,"player_choice":"Gave Potion","damage_taken":0,"relics_obtained":["Bronze Scales"],"max_hp_gain":0,"max_hp_loss":0,"event_name":"WeMeetAgain","floor":11,"gold_loss":0},{"damage_healed":0,"gold_gain":0,"player_choice":"Obtain J.A.X.","damage_taken":0,"max_hp_gain":0,"max_hp_loss":0,"event_name":"Drug Dealer","floor":21,"gold_loss":0,"cards_obtained":["J.A.X."]},{"damage_healed":0,"gold_gain":0,"player_choice":"Gave Idol","damage_taken":0,"relics_obtained":["Bloody Idol"],"max_hp_gain":0,"max_hp_loss":0,"event_name":"Forgotten Altar","floor":22,"relics_lost":["Golden Idol"],"gold_loss":0},{"damage_healed":0,"gold_gain":0,"player_choice":"Ignored","damage_taken":0,"max_hp_gain":0,"max_hp_loss":0,"event_name":"Vampires","floor":25,"gold_loss":0},{"damage_healed":0,"gold_gain":0,"player_choice":"Opened","damage_taken":0,"relics_obtained":["Incense Burner"],"max_hp_gain":0,"max_hp_loss":0,"event_name":"The Mausoleum","floor":31,"gold_loss":0,"cards_obtained":["Writhe"]}],"is_beta":false,"boss_relics":[{"not_picked":["Eternal Feather","Runic Dome"],"picked":"Astrolabe"}],"items_purged_floors":[],"is_endless":false,"potions_floor_spawned":[6,13,16,20,24],"killed_by":"Champ","ascension_level":19}