{"gold_per_floor":[10,10,20,36,53,78,93,93,116,13,13,16,27,53,53,150,150,169,54,54,30,43,43,76,76,76,95,95,125,137,152,152,255,255,266,266,65,78,90,90,106,136,212,212,222,222,222,239,239,239],"floor_reached":51,"playtime":5512,"items_purged":["Strike_G"],"score":906,"play_id":"9de16821-0c1d-4721-a06a-5e9ff4a3a775","local_time":"20180712181429","is_ascension_mode":false,"campfire_choices":[{"data":"Neutralize","floor":8,"key":"SMITH"},{"floor":15,"key":"REST"},{"data":"Caltrops","floor":23,"key":"SMITH"},{"data":"Adrenaline","floor":25,"key":"SMITH"},{"data":"Cloak And Dagger","floor":28,"key":"SMITH"},{"floor":32,"key":"REST"},{"data":"Malaise","floor":40,"key":"SMITH"},{"floor":47,"key":"REST"},{"data":"A Thousand Cuts","floor":49,"key":"SMITH"}],"neow_cost":"NO_GOLD","seed_source_timestamp":9597538532543,"circlet_count":0,"master_deck":["Defend_G","Defend_G","Defend_G","Strike_G","Strike_G","Strike_G","Survivor","Neutralize+1","Leg Sweep","Backstab","Leg Sweep","Endless Agony","Leg Sweep","Backflip","Caltrops+1","PiercingWail","Backstab+1","Dodge and Roll","Skewer+1","Bullet Time","Leg Sweep","Footwork+1","Acrobatics","PiercingWail","Adrenaline+1","Cloak And Dagger+1","Glass Knife+1","Malaise+1","A Thousand Cuts+1","Flash of Steel+1","Prepared","Backflip","Crippling Poison+1","Writhe"],"relics":["Ring of the Snake","Molten Egg 2","Boot","Bronze Scales","Snecko Eye","Bag of Marbles","The Specimen","Mercury Hourglass","Busted Crown","Meat on the Bone","Shuriken","Incense Burner"],"potions_floor_usage":[6,12,12,16,29,30,33,41,45,46],"damage_taken":[{"damage":0,"enemies":"Small Slimes","floor":1,"turns":3},{"damage":0,"enemies":"Jaw Worm","floor":3,"turns":6},{"damage":6,"enemies":"2 Louse","floor":4,"turns":3},{"damage":0,"enemies":"Red Slaver","floor":5,"turns":5},{"damage":3,"enemies":"3 Sentries","floor":6,"turns":12},{"damage":0,"enemies":"3 Louse","floor":7,"turns":2},{"damage":4,"enemies":"Exordium Thugs","floor":12,"turns":4},{"damage":20,"enemies":"Large Slime","floor":13,"turns":4},{"damage":5,"enemies":"Lagavulin","floor":14,"turns":8},{"damage":7,"enemies":"Hexaghost","floor":16,"turns":9},{"damage":0,"enemies":"Shell Parasite","floor":18,"turns":4},{"damage":0,"enemies":"Chosen","floor":22,"turns":4},{"damage":10,"enemies":"Slavers","floor":24,"turns":6},{"damage":0,"enemies":"3 Cultists","floor":27,"turns":6},{"damage":9,"enemies":"Book of Stabbing","floor":29,"turns":5},{"damage":0,"enemies":"Centurion and Healer","floor":30,"turns":4},{"damage":9,"enemies":"Snake Plant","floor":31,"turns":2},{"damage":15,"enemies":"Collector","floor":33,"turns":17},{"damage":2,"enemies":"3 Shapes","floor":35,"turns":4},{"damage":0,"enemies":"Orb Walker","floor":38,"turns":1},{"damage":15,"enemies":"Sphere and 2 Shapes","floor":39,"turns":6},{"damage":10,"enemies":"3 Darklings","floor":41,"turns":3},{"damage":8,"enemies":"Nemesis","floor":42,"turns":5},{"damage":10,"enemies":"4 Shapes","floor":45,"turns":2},{"damage":10,"floor":46,"turns":4},{"damage":0,"enemies":"Maw","floor":48,"turns":7},{"damage":29,"enemies":"Donu and Deca","floor":50,"turns":7}],"seed_played":"3725511128810941556","potions_obtained":[{"floor":1,"key":"Fire Potion"},{"floor":3,"key":"SkillPotion"},{"floor":7,"key":"Explosive Potion"},{"floor":12,"key":"SpeedPotion"},{"floor":14,"key":"PowerPotion"},{"floor":24,"key":"Weak Potion"},{"floor":27,"key":"EssenceOfSteel"},{"floor":29,"key":"SteroidPotion"},{"floor":33,"key":"SkillPotion"},{"floor":35,"key":"Energy Potion"},{"floor":42,"key":"FairyPotion"},{"floor":45,"key":"SneckoOil"}],"is_trial":false,"path_per_floor":["M","?","M","M","M","E","M","R","T","$","?","M","M","E","R","B",null,"M","$","?","$","M","R","E","R","T","M","R","E","M","M","R","B",null,"M","?","$","M","M","R","M","E","T","?","M","?","R","M","R","B"],"character_chosen":"THE_SILENT","items_purchased":["Caltrops","PiercingWail","Footwork","Acrobatics","Flash of Steel+1","Prepared","Backflip"],"campfire_rested":3,"item_purchase_floors":[10,10,19,21,37,37,37],"current_hp_per_floor":[70,75,75,69,69,66,66,66,66,66,66,62,42,37,59,52,75,75,75,75,75,75,75,65,65,65,65,65,56,56,47,69,54,75,73,73,73,73,58,58,48,40,40,59,49,39,61,61,61,44],"gold":239,"neow_bonus":"REMOVE_TWO","is_prod":false,"is_daily":false,"chose_seed":false,"campfire_upgraded":6,"win_rate":0,"timestamp":1531415669,"path_taken":["M","?","M","M","?","E","M","R","T","$","?","M","M","E","R","BOSS","M","$","?","$","M","R","E","R","T","M","R","E","M","M","R","BOSS","M","?","$","M","M","R","M","E","T","?","?","?","R","M","R","BOSS"],"build_version":"2018-07-05","purchased_purges":1,"victory":true,"max_hp_per_floor":[70,75,75,75,75,75,75,75,75,75,75,75,75,75,75,75,75,75,75,75,75,75,75,75,75,75,75,75,75,75,75,75,75,75,75,75,75,75,75,75,75,75,75,75,75,75,75,75,75,75],"card_choices":[{"not_picked":["Backflip","Flying Knee"],"picked":"Leg Sweep","floor":1},{"not_picked":["Dagger Throw","Deadly Poison"],"picked":"Backstab","floor":3},{"not_picked":["Dagger Spray","PiercingWail"],"picked":"Leg Sweep","floor":4},{"not_picked":["Reflex","Distraction"],"picked":"Endless Agony","floor":5},{"not_picked":["Underhanded Strike","Finisher"],"picked":"Leg Sweep","floor":6},{"not_picked":["Finisher+1","PiercingWail"],"picked":"Backflip","floor":7},{"not_picked":["Blur","Dagger Spray+1"],"picked":"Backstab+1","floor":12},{"not_picked":["Accuracy","Bane+1"],"picked":"Dodge and Roll","floor":13},{"not_picked":["Slice+1","Reflex"],"picked":"Skewer+1","floor":14},{"not_picked":["Phantasmal Killer","Tactician"],"picked":"Bullet Time","floor":16},{"not_picked":["Sucker Punch+1","Finisher+1"],"picked":"Leg Sweep","floor":18},{"not_picked":["Calculated Gamble","Deflect"],"picked":"PiercingWail","floor":22},{"not_picked":["Dagger Spray+1","Dash+1"],"picked":"Adrenaline","floor":24},{"not_picked":["Slice+1","Deadly Poison"],"picked":"Cloak And Dagger","floor":27},{"not_picked":["Caltrops","Flechettes+1"],"picked":"Glass Knife+1","floor":29},{"not_picked":["Flying Knee+1","Poisoned Stab+1"],"picked":"Malaise","floor":30},{"not_picked":["Bane+1","Flying Knee+1","Catalyst"],"picked":"SKIP","floor":31},{"not_picked":["Die Die Die+1","Doppelganger"],"picked":"A Thousand Cuts","floor":33},{"not_picked":["Underhanded Strike+1"],"picked":"SKIP","floor":35},{"not_picked":["Heel Hook+1"],"picked":"SKIP","floor":38},{"not_picked":[],"picked":"Crippling Poison+1","floor":39},{"not_picked":["Bane+1"],"picked":"SKIP","floor":41},{"not_picked":["Dodge and Roll"],"picked":"SKIP","floor":42},{"not_picked":["PiercingWail"],"picked":"SKIP","floor":45},{"not_picked":["Prepared+1"],"picked":"SKIP","floor":48}],"player_experience":440288,"relics_obtained":[{"floor":6,"key":"Molten Egg 2"},{"floor":9,"key":"Boot"},{"floor":14,"key":"Bronze Scales"},{"floor":24,"key":"Bag of Marbles"},{"floor":26,"key":"The Specimen"},{"floor":29,"key":"Mercury Hourglass"},{"floor":42,"key":"Meat on the Bone"},{"floor":43,"key":"Shuriken"},{"floor":46,"key":"Incense Burner"}],"event_choices":[{"event_name":"Big Fish","player_choice":"Donut","floor":2,"damage_taken":0},{"event_name":"Bonfire Elementals","player_choice":"BASIC","floor":11,"damage_taken":0},{"event_name":"Upgrade Shrine","player_choice":"Upgraded","floor":20,"damage_taken":0},{"event_name":"Mysterious Sphere","player_choice":"Ignore","floor":36,"damage_taken":0},{"event_name":"Winding Halls","player_choice":"Writhe","floor":44,"damage_taken":0},{"event_name":"MindBloom","player_choice":"Fight","floor":46,"damage_taken":0}],"boss_relics":[{"not_picked":["White Beast Statue","Empty Cage"],"picked":"Snecko Eye"},{"not_picked":["Lizard Tail","Coffee Dripper"],"picked":"Busted Crown"}],"items_purged_floors":[19],"is_endless":false,"potions_floor_spawned":[1,3,7,12,14,24,27,29,33,35,42,45],"ascension_level":0}