{"gold_per_floor":[117,127,144,163,183,218,218,218],"floor_reached":8,"playtime":358,"items_purged":[],"score":114,"play_id":"d23db628-e1d5-4652-b144-ffec43b6af1e","local_time":"20190424163335","is_ascension_mode":true,"campfire_choices":[],"neow_cost":"NONE","seed_source_timestamp":2010200995756917,"circlet_count":0,"master_deck":["AscendersBane","Strike_B","Strike_B","Strike_B","Defend_B","Defend_B","Defend_B","Defend_B","Zap","Dualcast","Genetic Algorithm","Reinforced Body","Lockon","Gash","Compile Driver","Cold Snap"],"relics":["Cracked Core","NeowsBlessing","Omamori"],"potions_floor_usage":[6,6],"damage_taken":[{"damage":0,"enemies":"Small Slimes","floor":1,"turns":1},{"damage":0,"enemies":"Jaw Worm","floor":2,"turns":1},{"damage":0,"enemies":"Cultist","floor":3,"turns":1},{"damage":13,"enemies":"3 Louse","floor":4,"turns":4},{"damage":0,"enemies":"2 Fungi Beasts","floor":5,"turns":4},{"damage":21,"enemies":"Lagavulin","floor":6,"turns":6},{"damage":37,"enemies":"Gremlin Nob","floor":8,"turns":3}],"seed_played":"5933460935820321554","potions_obtained":[{"floor":2,"key":"LiquidBronze"},{"floor":3,"key":"Fire Potion"}],"is_trial":false,"path_per_floor":["M","M","M","M","M","E","?","E"],"character_chosen":"DEFECT","items_purchased":[],"campfire_rested":0,"item_purchase_floors":[],"current_hp_per_floor":[64,64,64,51,51,30,30,0],"gold":218,"neow_bonus":"THREE_ENEMY_KILL","is_prod":false,"is_daily":false,"chose_seed":false,"campfire_upgraded":0,"win_rate":0,"timestamp":1556102015,"path_taken":["M","M","M","M","M","E","?","E"],"build_version":"2019-01-23","purchased_purges":0,"victory":false,"max_hp_per_floor":[71,71,71,71,71,71,71,71],"card_choices":[{"not_picked":["Stack","Cold Snap"],"picked":"Genetic Algorithm","floor":1},{"not_picked":["Compile Driver","Redo"],"picked":"Reinforced Body","floor":2},{"not_picked":["Barrage","Compile Driver"],"picked":"Lockon","floor":3},{"not_picked":["Loop","Genetic Algorithm"],"picked":"Gash","floor":4},{"not_picked":["Melter","Gash"],"picked":"Compile Driver","floor":5},{"not_picked":["Redo","Amplify"],"picked":"Cold Snap","floor":6}],"player_experience":1205700,"relics_obtained":[{"floor":6,"key":"Omamori"}],"event_choices":[{"cards_removed":["Strike_B"],"damage_healed":0,"gold_gain":0,"player_choice":"Forget","damage_taken":0,"max_hp_gain":0,"max_hp_loss":0,"event_name":"Living Wall","floor":7,"gold_loss":0}],"is_beta":false,"boss_relics":[],"items_purged_floors":[],"is_endless":false,"potions_floor_spawned":[2,3,4],"killed_by":"Gremlin Nob","ascension_level":18}