{"gold_per_floor":[363,381,60,75,88,113,113,188,239,266,278,289,289,307,307,378,378,333,333,333,333,151,151,151,151,151,77,77,2,2,2,2,2,2,2,2,0,0,0,0,0,0,0,0,0],"floor_reached":45,"playtime":3485,"items_purged":["Decay","Strike_R"],"score":832,"play_id":"9d4c1c8e-324d-460c-a71d-fddae43c4d26","local_time":"20190425173639","is_ascension_mode":true,"campfire_choices":[{"data":"Bash","floor":7,"key":"SMITH"},{"data":"Anger","floor":15,"key":"SMITH"},{"floor":23,"key":"REST"},{"data":"Searing Blow+1","floor":25,"key":"SMITH"},{"floor":32,"key":"REST"},{"floor":40,"key":"REST"}],"neow_cost":"CURSE","seed_source_timestamp":2097251976081751,"circlet_count":0,"master_deck":["AscendersBane","Strike_R","Defend_R","Defend_R","Defend_R","Bash+1","Anger+1","Sever Soul","Rampage","Feed","Shrug It Off","Impervious","Spot Weakness+1","Shrug It Off","Feed","Searing Blow+2","Brutality","Offering","Headbutt+1"],"relics":["Burning Blood","Sling","Mercury Hourglass","Vajra","Oddly Smooth Stone","Ectoplasm","GremlinMask","Lantern","Potion Belt","Empty Cage","Red Mask","Shuriken"],"potions_floor_usage":[6,6,11,11,11,16,16,18,28,28,42,44],"damage_taken":[{"damage":2,"enemies":"Small Slimes","floor":1,"turns":3},{"damage":5,"enemies":"2 Louse","floor":2,"turns":2},{"damage":11,"enemies":"Cultist","floor":4,"turns":4},{"damage":7,"enemies":"Looter","floor":5,"turns":4},{"damage":16,"enemies":"3 Sentries","floor":6,"turns":5},{"damage":5,"enemies":"Gremlin Nob","floor":10,"turns":3},{"damage":10,"enemies":"Lots of Slimes","floor":11,"turns":2},{"damage":0,"enemies":"2 Fungi Beasts","floor":12,"turns":2},{"damage":11,"enemies":"Looter","floor":14,"turns":2},{"damage":42,"enemies":"The Guardian","floor":16,"turns":11},{"damage":21,"enemies":"2 Thieves","floor":18,"turns":4},{"damage":12,"enemies":"Spheric Guardian","floor":20,"turns":4},{"damage":0,"enemies":"Centurion and Healer","floor":24,"turns":5},{"damage":26,"enemies":"Book of Stabbing","floor":28,"turns":4},{"damage":7,"enemies":"Colosseum Slavers","floor":30,"turns":5},{"damage":35,"enemies":"Champ","floor":33,"turns":11},{"damage":11,"enemies":"3 Shapes","floor":35,"turns":6},{"damage":6,"enemies":"Orb Walker","floor":36,"turns":3},{"damage":49,"enemies":"Sphere and 2 Shapes","floor":38,"turns":8},{"damage":37,"enemies":"Spire Growth","floor":41,"turns":4},{"damage":25,"enemies":"4 Shapes","floor":42,"turns":5},{"damage":21,"enemies":"3 Darklings","floor":44,"turns":6},{"damage":55,"enemies":"Maw","floor":45,"turns":4}],"seed_played":"1213931228282503693","potions_obtained":[{"floor":1,"key":"Dexterity Potion"},{"floor":6,"key":"Weak Potion"},{"floor":10,"key":"EntropicBrew"},{"floor":11,"key":"FearPotion"},{"floor":16,"key":"SteroidPotion"},{"floor":18,"key":"LiquidBronze"},{"floor":24,"key":"LiquidBronze"},{"floor":33,"key":"Weak Potion"},{"floor":35,"key":"Fire Potion"},{"floor":41,"key":"Swift Potion"}],"is_trial":false,"path_per_floor":["M","M","$","M","M","E","R","?","T","E","M","M","?","M","R","B",null,"M","?","M","?","$","R","M","R","T","$","E","?","?","$","R","B",null,"M","M","?","M","?","R","M","M","T","M","M"],"character_chosen":"IRONCLAD","items_purchased":["Explosive Potion","Sling","Feed","Brutality"],"campfire_rested":3,"item_purchase_floors":[3,3,22,27],"current_hp_per_floor":[72,73,73,68,67,57,57,46,46,47,46,55,55,53,53,17,67,52,52,46,46,46,71,83,83,83,83,66,66,68,68,96,70,92,93,96,96,56,56,89,58,45,45,30,0],"gold":0,"neow_bonus":"TWO_FIFTY_GOLD","is_prod":false,"is_daily":false,"chose_seed":false,"campfire_upgraded":3,"win_rate":0,"timestamp":1556192199,"path_taken":["M","M","$","M","M","E","R","?","T","E","M","M","?","?","R","BOSS","M","?","?","?","$","R","M","R","T","$","E","?","?","?","R","BOSS","M","M","?","M","?","R","M","M","T","M","M"],"build_version":"2019-01-23","purchased_purges":2,"victory":false,"max_hp_per_floor":[75,75,75,75,75,75,75,75,75,75,78,81,81,84,84,84,84,84,84,84,84,84,84,90,90,90,90,93,93,96,96,96,99,99,105,108,108,111,111,111,111,117,117,117,117],"card_choices":[{"not_picked":["Havoc","Shrug It Off"],"picked":"Anger","floor":1},{"not_picked":["Anger","Sever Soul","Bloodletting"],"picked":"SKIP","floor":2},{"not_picked":["Anger","Bloodletting"],"picked":"Sever Soul","floor":2},{"not_picked":["Havoc","Rupture","Dropkick"],"picked":"SKIP","floor":4},{"not_picked":["True Grit","Warcry"],"picked":"Rampage","floor":5},{"not_picked":["Infernal Blade","Body Slam","Thunderclap"],"picked":"SKIP","floor":6},{"not_picked":["Fire Breathing","Metallicize"],"picked":"Feed","floor":10},{"not_picked":["Seeing Red","Clash","Body Slam"],"picked":"SKIP","floor":11},{"not_picked":["Fire Breathing","Body Slam"],"picked":"Shrug It Off","floor":12},{"not_picked":["Shrug It Off","Clash","Pommel Strike"],"picked":"SKIP","floor":14},{"not_picked":["Demon Form","Bludgeon"],"picked":"Impervious","floor":16},{"not_picked":["Body Slam","Sword Boomerang"],"picked":"Spot Weakness+1","floor":18},{"not_picked":["Clothesline","Pommel Strike"],"picked":"Shrug It Off","floor":20},{"not_picked":["Twin Strike","Warcry+1"],"picked":"Searing Blow+1","floor":24},{"not_picked":["Twin Strike","Bloodletting","Shockwave"],"picked":"SKIP","floor":28},{"not_picked":["Barricade","Bludgeon"],"picked":"Offering","floor":33},{"not_picked":["Perfected Strike+1","Pommel Strike","Sword Boomerang"],"picked":"SKIP","floor":35},{"not_picked":["Bludgeon","Searing Blow","Infernal Blade"],"picked":"SKIP","floor":36},{"not_picked":["Hemokinesis","Pommel Strike","True Grit"],"picked":"SKIP","floor":38},{"not_picked":["Flex+1","Metallicize"],"picked":"Headbutt+1","floor":41},{"not_picked":["Body Slam","Iron Wave","Shockwave"],"picked":"SKIP","floor":42},{"not_picked":["Spot Weakness","Cleave","Body Slam"],"picked":"SKIP","floor":44}],"player_experience":1216636,"relics_obtained":[{"floor":6,"key":"Mercury Hourglass"},{"floor":9,"key":"Vajra"},{"floor":10,"key":"Oddly Smooth Stone"},{"floor":26,"key":"Lantern"},{"floor":28,"key":"Potion Belt"},{"floor":43,"key":"Shuriken"}],"event_choices":[{"damage_healed":0,"gold_gain":75,"player_choice":"Gather Gold","damage_taken":11,"max_hp_gain":0,"max_hp_loss":0,"event_name":"World of Goop","floor":8,"gold_loss":0},{"damage_healed":0,"gold_gain":0,"player_choice":"Got Potions","damage_taken":0,"max_hp_gain":0,"max_hp_loss":0,"event_name":"Lab","floor":13,"gold_loss":0},{"damage_healed":0,"gold_gain":0,"player_choice":"Trade","damage_taken":0,"relics_obtained":["GremlinMask"],"max_hp_gain":0,"max_hp_loss":0,"event_name":"FaceTrader","floor":19,"gold_loss":0},{"damage_healed":0,"gold_gain":50,"player_choice":"Stole From Cult","damage_taken":0,"max_hp_gain":0,"max_hp_loss":0,"event_name":"Nest","floor":21,"gold_loss":0},{"cards_removed":["Strike_R"],"damage_healed":0,"gold_gain":0,"player_choice":"Gave Gold","damage_taken":0,"max_hp_gain":0,"max_hp_loss":0,"event_name":"Beggar","floor":29,"gold_loss":75},{"damage_healed":0,"gold_gain":0,"player_choice":"Fight","damage_taken":0,"max_hp_gain":0,"max_hp_loss":0,"event_name":"Colosseum","floor":30,"gold_loss":0},{"damage_healed":0,"gold_gain":0,"player_choice":"Fled From Nobs","damage_taken":0,"max_hp_gain":0,"max_hp_loss":0,"event_name":"Colosseum","floor":30,"gold_loss":0},{"damage_healed":0,"gold_gain":0,"player_choice":"Paid","damage_taken":0,"relics_obtained":["Red Mask"],"max_hp_gain":0,"max_hp_loss":0,"event_name":"Tomb of Lord Red Mask","floor":37,"gold_loss":2},{"cards_removed":["Defend_R"],"damage_healed":0,"gold_gain":0,"player_choice":"Removed Skill","damage_taken":0,"max_hp_gain":0,"max_hp_loss":0,"event_name":"Falling","floor":39,"gold_loss":0}],"is_beta":false,"boss_relics":[{"not_picked":["Velvet Choker","Calling Bell"],"picked":"Ectoplasm"},{"not_picked":["Sozu","Pandora\u0027s Box"],"picked":"Empty Cage"}],"items_purged_floors":[3,22],"is_endless":false,"potions_floor_spawned":[1,4,6,10,11,16,18,24,30,33,35,41],"killed_by":"Maw","ascension_level":15}