{"gold_per_floor":[110,110,120,140,240,268,268,281,308,327,346,271,289,315,315,315],"floor_reached":16,"playtime":926,"items_purged":["Strike_R"],"score":104,"play_id":"392991c7-09cc-4e69-b611-3f7d206b8a9d","local_time":"20190529044057","is_ascension_mode":false,"campfire_choices":[{"data":"Bash","floor":7,"key":"SMITH"},{"floor":15,"key":"REST"}],"neow_cost":"NONE","seed_source_timestamp":8121502226502000,"circlet_count":0,"master_deck":["Strike_R","Strike_R","Strike_R","Strike_R","Defend_R","Defend_R","Defend_R","Bash+1","Thunderclap","Iron Wave","Feed","Searing Blow","Flex","Cleave","Pommel Strike"],"relics":["Burning Blood","Centennial Puzzle","Regal Pillow","Dream Catcher"],"potions_floor_usage":[],"damage_taken":[{"damage":14,"enemies":"2 Louse","floor":1,"turns":3},{"damage":6,"enemies":"Cultist","floor":3,"turns":3},{"damage":8,"enemies":"Small Slimes","floor":4,"turns":3},{"damage":23,"enemies":"Gremlin Nob","floor":6,"turns":4},{"damage":9,"enemies":"3 Louse","floor":8,"turns":4},{"damage":20,"enemies":"Looter","floor":10,"turns":4},{"damage":2,"enemies":"2 Fungi Beasts","floor":11,"turns":2},{"damage":11,"enemies":"Large Slime","floor":13,"turns":6},{"damage":89,"enemies":"The Guardian","floor":16,"turns":10}],"seed_played":"5840408705455855353","potions_obtained":[{"floor":1,"key":"GamblersBrew"},{"floor":6,"key":"Poison Potion"},{"floor":10,"key":"Block Potion"},{"floor":11,"key":"SteroidPotion"}],"is_trial":false,"path_per_floor":["M","?","M","M","?","E","R","M","T","M","M","$","M","T","R","B"],"character_chosen":"IRONCLAD","items_purchased":[],"campfire_rested":1,"item_purchase_floors":[],"current_hp_per_floor":[72,72,72,70,70,53,53,53,53,42,49,49,47,47,89,0],"gold":315,"neow_bonus":"REMOVE_CARD","is_prod":false,"is_daily":false,"chose_seed":false,"campfire_upgraded":1,"win_rate":0.0,"timestamp":1559119257,"path_taken":["M","?","?","M","?","E","R","M","T","M","?","$","M","?","R","BOSS"],"build_version":"2019-01-23","purchased_purges":1,"victory":false,"max_hp_per_floor":[80,80,80,80,80,80,80,83,83,86,89,89,92,92,92,92],"card_choices":[{"not_picked":["Dropkick","True Grit"],"picked":"Thunderclap","floor":1},{"not_picked":["Heavy Blade","Reckless Charge"],"picked":"Iron Wave","floor":3},{"not_picked":["Ghostly Armor","Flame Barrier"],"picked":"Feed","floor":4},{"not_picked":["Body Slam","Limit Break"],"picked":"Searing Blow","floor":6},{"not_picked":["Disarm","Clothesline"],"picked":"Flex","floor":8},{"not_picked":["Twin Strike","Sever Soul"],"picked":"Cleave","floor":10},{"not_picked":["Entrench","Flex"],"picked":"Pommel Strike","floor":11},{"not_picked":["Clothesline","Bloodletting","Shockwave"],"picked":"SKIP","floor":13}],"player_experience":20610,"relics_obtained":[{"floor":6,"key":"Centennial Puzzle"},{"floor":9,"key":"Regal Pillow"},{"floor":14,"key":"Dream Catcher"}],"event_choices":[{"damage_healed":0,"gold_gain":0,"player_choice":"Ignored","damage_taken":0,"max_hp_gain":0,"max_hp_loss":0,"event_name":"NoteForYourself","floor":2,"gold_loss":0},{"damage_healed":0,"gold_gain":100,"player_choice":"Pray","damage_taken":0,"max_hp_gain":0,"max_hp_loss":0,"event_name":"Golden Shrine","floor":5,"gold_loss":0}],"is_beta":false,"boss_relics":[],"items_purged_floors":[12],"is_endless":false,"potions_floor_spawned":[1,6,10,11],"killed_by":"The Guardian","ascension_level":0}