{"gold_per_floor":[115,290,306,256,281,281,307,307,332,351,371,383,383,410,410,410],"floor_reached":16,"playtime":680,"items_purged":[],"score":121,"play_id":"1b1fa356-2dd7-4537-a829-6199f6eabba3","local_time":"20190313210110","is_ascension_mode":true,"campfire_choices":[{"floor":6.0,"key":"RECALL"},{"floor":8.0,"key":"REST"},{"floor":15,"key":"REST"}],"neow_cost":"NONE","seed_source_timestamp":7673021686640183,"circlet_count":0,"master_deck":["Strike_B","Strike_B","Strike_B","Strike_B+1","Defend_B","Defend_B","Defend_B","Defend_B","Zap+1","Dualcast","Tempest","Leap","Melter"],"special_seed":0,"relics":["Cracked Core","Centennial Puzzle","PreservedInsect","Bag of Preparation","Bag of Marbles"],"potions_floor_usage":[14,14,16,16],"damage_taken":[{"damage":1.0,"enemies":"2 Louse","floor":1.0,"turns":3.0},{"damage":0.0,"enemies":"Small Slimes","floor":3.0,"turns":2.0},{"damage":49.0,"enemies":"3 Sentries","floor":7.0,"turns":10.0},{"damage":0.0,"enemies":"Jaw Worm","floor":10.0,"turns":3.0},{"damage":1.0,"enemies":"Exordium Wildlife","floor":11.0,"turns":3.0},{"damage":8.0,"enemies":"Blue Slaver","floor":12.0,"turns":3.0},{"damage":13,"enemies":"Lagavulin","floor":14,"turns":4},{"damage":46,"enemies":"Hexaghost","floor":16,"turns":11}],"seed_played":"-6035012783935016708","potions_obtained":[{"floor":7.0,"key":"Explosive Potion"},{"floor":10.0,"key":"PowerPotion"},{"floor":12.0,"key":"Regen Potion"},{"floor":14,"key":"SkillPotion"}],"is_trial":false,"path_per_floor":["M","?","M","?","T","R","E","R","T","M","M","M","?","E","R","B"],"character_chosen":"DEFECT","items_purchased":[],"campfire_rested":2,"item_purchase_floors":[],"current_hp_per_floor":[74,74,74,74,74,74,25,47,47,47,46,38,23,22,44,0],"gold":410,"neow_bonus":"RANDOM_COMMON_RELIC","is_prod":false,"is_daily":false,"chose_seed":false,"campfire_upgraded":0,"win_rate":0,"timestamp":1552525270,"path_taken":["M","?","M","?","?","R","E","R","T","M","M","?","?","E","R","BOSS"],"build_version":"2019-01-23","purchased_purges":0,"victory":false,"max_hp_per_floor":[75,75,75,75,75,75,75,75,75,75,75,75,75,75,75,75],"card_choices":[{"not_picked":["Leap","Barrage"],"picked":"Tempest","floor":1.0},{"not_picked":["Steam","Coolheaded","Cold Snap"],"picked":"SKIP","floor":3.0},{"not_picked":["Heatsinks","Beam Cell","Chaos"],"picked":"SKIP","floor":7.0},{"not_picked":["Go for the Eyes","Consume","Lockon"],"picked":"SKIP","floor":10.0},{"not_picked":["Fusion","Double Energy"],"picked":"Leap","floor":11.0},{"not_picked":["Cold Snap","Sweeping Beam","Beam Cell"],"picked":"SKIP","floor":12.0},{"not_picked":["Fusion","Amplify"],"picked":"Melter","floor":14}],"player_experience":221546,"relics_obtained":[{"floor":7.0,"key":"PreservedInsect"},{"floor":9.0,"key":"Bag of Preparation"},{"floor":14,"key":"Bag of Marbles"}],"event_choices":[{"damage_healed":0.0,"max_hp_gain":0.0,"max_hp_loss":0.0,"gold_gain":175.0,"event_name":"Liars Game","player_choice":"AGREE","floor":2.0,"gold_loss":0.0,"damage_taken":0.0,"cards_obtained":["Doubt"]},{"cards_removed":["Doubt"],"damage_healed":0.0,"max_hp_gain":0.0,"max_hp_loss":0.0,"gold_gain":0.0,"event_name":"The Cleric","player_choice":"Card Removal","floor":4.0,"gold_loss":50.0,"damage_taken":0.0},{"damage_healed":0.0,"max_hp_gain":0.0,"max_hp_loss":0.0,"gold_gain":0.0,"event_name":"Shining Light","player_choice":"Entered Light","floor":13.0,"gold_loss":0.0,"damage_taken":15.0,"cards_upgraded":["Strike_B","Zap"]}],"is_beta":false,"boss_relics":[],"items_purged_floors":[],"is_endless":false,"potions_floor_spawned":[7,10,12,14],"killed_by":"Hexaghost","ascension_level":2}