{"gold_per_floor":[119,16,36,36,36,69,81,113,113,38,38,51,92,92,92,92],"floor_reached":16,"playtime":631,"items_purged":["Strike_R"],"score":272,"play_id":"db2b1ae1-6977-4653-b39a-771879fb00e1","local_time":"20190513135807","is_ascension_mode":true,"campfire_choices":[{"data":"Armaments","floor":15,"key":"SMITH"}],"neow_cost":"NONE","seed_source_timestamp":3642216055394512,"circlet_count":0,"master_deck":["AscendersBane","Strike_R","Strike_R","Strike_R","Defend_R","Defend_R","Defend_R","Defend_R","Bash","Cleave+1","Clothesline","Evolve","Reaper","Disarm","Armaments+1"],"relics":["Burning Blood","NeowsBlessing","Happy Flower","Bottled Tornado","Smiling Mask","Golden Idol","Charon\u0027s Ashes"],"potions_floor_usage":[8,8],"damage_taken":[{"damage":0,"enemies":"2 Louse","floor":1,"turns":1},{"damage":0,"enemies":"Small Slimes","floor":3,"turns":1},{"damage":0,"enemies":"Gremlin Nob","floor":6,"turns":1},{"damage":12,"enemies":"Jaw Worm","floor":7,"turns":4},{"damage":47,"enemies":"Lagavulin","floor":8,"turns":9},{"damage":10,"enemies":"Red Slaver","floor":12,"turns":4},{"damage":19,"enemies":"Gremlin Nob","floor":13,"turns":4},{"damage":32,"enemies":"Hexaghost","floor":16,"turns":13}],"seed_played":"-2410167969958542591","potions_obtained":[{"floor":1,"key":"BloodPotion"},{"floor":3,"key":"LiquidBronze"},{"floor":13,"key":"Ancient Potion"}],"is_trial":false,"path_per_floor":["M","$","M","$","?","E","M","E","T","?","?","M","E","?","R","B"],"character_chosen":"IRONCLAD","items_purchased":["Clothesline"],"campfire_rested":0,"item_purchase_floors":[2],"current_hp_per_floor":[74,74,75,75,75,75,69,38,38,38,38,34,25,25,25,0],"gold":92,"neow_bonus":"THREE_ENEMY_KILL","is_prod":false,"is_daily":false,"chose_seed":false,"campfire_upgraded":1,"win_rate":0,"timestamp":1557734287,"path_taken":["M","$","M","$","?","E","M","E","T","?","?","M","E","?","R","BOSS"],"build_version":"2019-01-23","purchased_purges":1,"victory":false,"max_hp_per_floor":[75,75,75,75,75,75,75,75,75,75,68,68,68,68,68,68],"card_choices":[{"not_picked":["Evolve","Body Slam"],"picked":"Cleave","floor":1},{"not_picked":["Clothesline","Iron Wave","Wild Strike"],"picked":"SKIP","floor":3},{"not_picked":["Carnage","Sword Boomerang"],"picked":"Evolve","floor":6},{"not_picked":["Thunderclap","Cleave"],"picked":"Reaper","floor":7},{"not_picked":["Burning Pact","Intimidate"],"picked":"Disarm","floor":8},{"not_picked":["Body Slam","Intimidate","Burning Pact"],"picked":"SKIP","floor":12},{"not_picked":["Metallicize","Impervious"],"picked":"Armaments","floor":13}],"player_experience":1325191,"relics_obtained":[{"floor":6,"key":"Happy Flower"},{"floor":8,"key":"Bottled Tornado"},{"floor":9,"key":"Smiling Mask"},{"floor":13,"key":"Charon\u0027s Ashes"}],"event_choices":[{"damage_healed":0,"gold_gain":0,"player_choice":"Grow","damage_taken":0,"max_hp_gain":0,"max_hp_loss":0,"event_name":"Living Wall","floor":5,"gold_loss":0,"cards_upgraded":["Cleave"]},{"cards_removed":["Strike_R"],"damage_healed":0,"gold_gain":0,"player_choice":"Card Removal","damage_taken":0,"max_hp_gain":0,"max_hp_loss":0,"event_name":"The Cleric","floor":10,"gold_loss":75},{"damage_healed":0,"gold_gain":0,"player_choice":"Lose Max HP","damage_taken":0,"relics_obtained":["Golden Idol"],"max_hp_gain":0,"max_hp_loss":7,"event_name":"Golden Idol","floor":11,"gold_loss":0},{"damage_healed":0,"gold_gain":0,"player_choice":"Searched \u00271\u0027 times","damage_taken":0,"max_hp_gain":0,"max_hp_loss":0,"event_name":"Dead Adventurer","floor":14,"gold_loss":0}],"is_beta":false,"boss_relics":[],"items_purged_floors":[2],"is_endless":false,"potions_floor_spawned":[1,3,7,13],"killed_by":"Hexaghost","ascension_level":18}