{"gold_per_floor":[115,128,14,14,27,27,53,64,64,114,134,134,152,166,166,166],"floor_reached":16,"playtime":808,"items_purged":[],"score":198,"play_id":"9d18e0ee-6a46-445f-ba8a-7a7d90369b15","local_time":"20190425130355","is_ascension_mode":true,"campfire_choices":[{"data":"Chill","floor":6,"key":"SMITH"},{"floor":12,"key":"REST"},{"data":"Capacitor","floor":15,"key":"SMITH"}],"neow_cost":"NONE","seed_source_timestamp":2083568326624551,"circlet_count":0,"master_deck":["AscendersBane","Strike_B","Strike_B","Strike_B","Defend_B","Defend_B","Defend_B","Defend_B","Zap","Dualcast","Coolheaded","Cold Snap","Chill+1","Capacitor+1","Cold Snap","Undo","BootSequence"],"relics":["Cracked Core","NeowsBlessing","Calipers","Ornamental Fan"],"potions_floor_usage":[11],"damage_taken":[{"damage":0,"enemies":"2 Louse","floor":1,"turns":1},{"damage":0,"enemies":"Cultist","floor":2,"turns":1},{"damage":0,"enemies":"Jaw Worm","floor":5,"turns":1},{"damage":22,"enemies":"Lagavulin","floor":7,"turns":8},{"damage":26,"enemies":"Exordium Thugs","floor":8,"turns":9},{"damage":0,"enemies":"Lots of Slimes","floor":11,"turns":6},{"damage":0,"enemies":"3 Louse","floor":13,"turns":5},{"damage":3,"enemies":"2 Fungi Beasts","floor":14,"turns":5},{"damage":34,"enemies":"The Guardian","floor":16,"turns":11}],"seed_played":"-2663645128183286999","potions_obtained":[{"floor":8,"key":"EssenceOfSteel"},{"floor":13,"key":"Explosive Potion"},{"floor":14,"key":"Poison Potion"}],"is_trial":false,"path_per_floor":["M","M","$","?","M","R","E","M","T","?","M","R","M","M","R","B"],"character_chosen":"DEFECT","items_purchased":["Chill","Capacitor"],"campfire_rested":1,"item_purchase_floors":[3,3],"current_hp_per_floor":[64,64,64,64,64,64,42,16,16,16,16,37,37,34,34,0],"gold":166,"neow_bonus":"THREE_ENEMY_KILL","is_prod":false,"is_daily":false,"chose_seed":false,"campfire_upgraded":2,"win_rate":0,"timestamp":1556175835,"path_taken":["M","M","$","?","?","R","E","M","T","?","M","R","M","M","R","BOSS"],"build_version":"2019-01-23","purchased_purges":0,"victory":false,"max_hp_per_floor":[71,71,71,71,71,71,71,71,71,71,71,71,71,71,71,71],"card_choices":[{"not_picked":["Barrage","Sweeping Beam"],"picked":"Coolheaded","floor":1},{"not_picked":["Compile Driver","Stack"],"picked":"Cold Snap","floor":2},{"not_picked":["Meteor Strike","Steam"],"picked":"Cold Snap","floor":5},{"not_picked":["Double Energy","Streamline","Stack"],"picked":"SKIP","floor":7},{"not_picked":["Steam Power","Streamline","Sunder"],"picked":"SKIP","floor":8},{"not_picked":["Ball Lightning","Gash","Scrape"],"picked":"SKIP","floor":11},{"not_picked":["Coolheaded","Barrage"],"picked":"Undo","floor":13},{"not_picked":["Force Field","Rebound"],"picked":"BootSequence","floor":14}],"player_experience":1207826,"relics_obtained":[{"floor":7,"key":"Calipers"},{"floor":9,"key":"Ornamental Fan"}],"event_choices":[{"cards_removed":["Strike_B"],"damage_healed":0,"gold_gain":0,"player_choice":"Purged","damage_taken":0,"max_hp_gain":0,"max_hp_loss":0,"event_name":"Purifier","floor":4,"gold_loss":0},{"damage_healed":0,"gold_gain":50,"player_choice":"Pray","damage_taken":0,"max_hp_gain":0,"max_hp_loss":0,"event_name":"Golden Shrine","floor":10,"gold_loss":0}],"is_beta":false,"boss_relics":[],"items_purged_floors":[],"is_endless":false,"potions_floor_spawned":[8,13,14],"killed_by":"The Guardian","ascension_level":18}