{"gold_per_floor":[116,116,116,129,79,110,110,120,120,140,140,167,179,58,58,161,161,178,178,178,78,97,97,132,143,196,196,208,220,250,55,55,160,160,175,192,292,292,340,368,368,397,421,296,296,375,395,409,409,409],"floor_reached":51,"playtime":2045,"items_purged":["Strike_R","Writhe","Strike_R","Strike_R"],"score":1125,"play_id":"ee874573-ace4-4656-91e4-2abbbfac3b4f","local_time":"20190530215717","is_ascension_mode":true,"campfire_choices":[{"data":"Clothesline","floor":7.0,"key":"SMITH"},{"data":"Inflame","floor":11.0,"key":"SMITH"},{"data":"Rage","floor":15.0,"key":"SMITH"},{"data":"Fiend Fire","floor":27.0,"key":"SMITH"},{"floor":32.0,"key":"REST"},{"data":"Corruption","floor":41,"key":"SMITH"},{"data":"Sword Boomerang","floor":45,"key":"SMITH"},{"data":"Whirlwind","floor":49,"key":"SMITH"}],"neow_cost":"NONE","seed_source_timestamp":98393601717800,"circlet_count":0,"master_deck":["Strike_R","Strike_R","Defend_R","Defend_R+1","Defend_R","Defend_R","Bash+1","Clothesline+1","Shrug It Off","Sword Boomerang","Inflame+1","Rage+1","Shrug It Off+1","Fiend Fire+1","Hemokinesis","Metallicize+1","Inflame+1","Sword Boomerang+1","Shrug It Off+1","Dual Wield+1","Spot Weakness+1","Reaper","Shrug It Off+1","Heavy Blade+1","True Grit+1","Corruption+1","Ghostly Armor+1","Battle Trance+1","Limit Break+1","Whirlwind+1","Offering+1"],"special_seed":0,"relics":["Burning Blood","NeowsBlessing","WarpedTongs","Shuriken","Meat on the Bone","Mummified Hand","Philosopher\u0027s Stone","MutagenicStrength","Ornamental Fan","Toxic Egg 2","Bronze Scales","Smiling Mask","Sozu","Incense Burner","Dead Branch","Darkstone Periapt","War Paint","Omamori","Letter Opener"],"potions_floor_usage":[42,50],"damage_taken":[{"damage":0.0,"enemies":"Small Slimes","floor":1.0,"turns":1.0},{"damage":1.0,"enemies":"Jaw Worm","floor":4.0,"turns":1.0},{"damage":0.0,"enemies":"Lagavulin","floor":6.0,"turns":1.0},{"damage":0.0,"enemies":"Cultist","floor":8.0,"turns":3.0},{"damage":5.0,"enemies":"3 Louse","floor":10.0,"turns":6.0},{"damage":26.0,"enemies":"3 Sentries","floor":12.0,"turns":7.0},{"damage":0.0,"enemies":"2 Fungi Beasts","floor":13.0,"turns":4.0},{"damage":5.0,"enemies":"The Guardian","floor":16.0,"turns":13.0},{"damage":27.0,"enemies":"3 Byrds","floor":18.0,"turns":6.0},{"damage":3.0,"enemies":"Spheric Guardian","floor":22.0,"turns":3.0},{"damage":25.0,"enemies":"Book of Stabbing","floor":24.0,"turns":5.0},{"damage":2.0,"enemies":"3 Cultists","floor":25.0,"turns":5.0},{"damage":23.0,"enemies":"Cultist and Chosen","floor":28.0,"turns":6.0},{"damage":6.0,"enemies":"Sentry and Sphere","floor":29.0,"turns":4.0},{"damage":17.0,"enemies":"Slavers","floor":30.0,"turns":4.0},{"damage":25,"enemies":"Champ","floor":33,"turns":8},{"damage":19,"enemies":"3 Shapes","floor":35,"turns":9},{"damage":5,"enemies":"Orb Walker","floor":36,"turns":2},{"damage":17,"enemies":"Mind Bloom Boss Battle","floor":37,"turns":5},{"damage":39,"enemies":"2 Orb Walkers","floor":39,"turns":5},{"damage":1,"enemies":"Nemesis","floor":40,"turns":5},{"damage":9,"enemies":"Giant Head","floor":42,"turns":6},{"damage":18,"enemies":"3 Darklings","floor":47,"turns":4},{"damage":12,"enemies":"Spire Growth","floor":48,"turns":5},{"damage":27,"enemies":"Awakened One","floor":50,"turns":4}],"seed_played":"-7987483942107966064","potions_obtained":[{"floor":1.0,"key":"Block Potion"},{"floor":4.0,"key":"AttackPotion"},{"floor":12.0,"key":"GamblersBrew"},{"floor":16.0,"key":"Fire Potion"},{"floor":18.0,"key":"Energy Potion"},{"floor":33,"key":"Energy Potion"}],"is_trial":false,"path_per_floor":["M","?","?","M","?","E","R","M","T","M","R","E","M","$","R","B",null,"M","?","?","$","M","?","E","M","T","R","M","M","E","$","R","B",null,"M","M","?","?","?","E","R","E","T","$","R","T","M","M","R","B",null],"character_chosen":"IRONCLAD","items_purchased":["Shrug It Off","Dual Wield+1","Spot Weakness+1","Limit Break+1"],"campfire_rested":1,"item_purchase_floors":[14,31,31,44],"current_hp_per_floor":[78,78,78,80,80,80,80,80,80,80,80,60,66,66,66,67,77,56,56,56,56,59,59,52,56,56,56,51,51,52,52,76,57,74,73,80,69,69,46,75,75,73,73,73,73,73,61,76,76,55],"gold":409,"neow_bonus":"THREE_ENEMY_KILL","is_prod":false,"is_daily":false,"chose_seed":false,"campfire_upgraded":7,"win_rate":0,"timestamp":1559246237,"path_taken":["M","?","?","?","?","E","R","M","T","M","R","E","M","$","R","BOSS","M","?","?","$","M","?","E","M","T","R","?","M","E","?","R","BOSS","M","M","?","?","?","E","R","E","T","?","R","?","M","M","R","BOSS"],"build_version":"2019-01-23","purchased_purges":4,"victory":true,"max_hp_per_floor":[80,80,80,80,80,80,80,80,80,80,80,80,80,80,80,80,80,80,80,80,80,80,80,80,80,80,80,80,80,80,80,80,80,80,80,80,80,76,76,76,76,76,76,76,76,76,76,76,76,76],"card_choices":[{"not_picked":["Intimidate","Seeing Red","Heavy Blade"],"picked":"SKIP","floor":1.0},{"not_picked":["Bloodletting","Shockwave"],"picked":"Clothesline","floor":4.0},{"not_picked":["Pommel Strike","Infernal Blade"],"picked":"Shrug It Off","floor":6.0},{"not_picked":["Armaments","Shrug It Off"],"picked":"Sword Boomerang","floor":8.0},{"not_picked":["Shrug It Off","Flex"],"picked":"Inflame","floor":10.0},{"not_picked":["Second Wind","Berserk","Iron Wave"],"picked":"SKIP","floor":12.0},{"not_picked":["Pommel Strike","Perfected Strike"],"picked":"Rage","floor":13.0},{"not_picked":["Juggernaut","Demon Form"],"picked":"Fiend Fire","floor":16.0},{"not_picked":["Rupture+1","Flex+1"],"picked":"Hemokinesis","floor":18.0},{"not_picked":["Thunderclap","Warcry"],"picked":"Metallicize+1","floor":22.0},{"not_picked":["Whirlwind","Sentinel"],"picked":"Sword Boomerang","floor":24.0},{"not_picked":["Uppercut","Wild Strike+1","Twin Strike"],"picked":"SKIP","floor":25.0},{"not_picked":["Iron Wave+1","Second Wind+1","Evolve"],"picked":"SKIP","floor":28.0},{"not_picked":["Flex+1","Iron Wave","Clash"],"picked":"SKIP","floor":29.0},{"not_picked":["Berserk","Hemokinesis+1"],"picked":"Shrug It Off+1","floor":30.0},{"not_picked":["Juggernaut","Feed"],"picked":"Reaper","floor":33},{"not_picked":["Rampage+1","Clothesline"],"picked":"Shrug It Off+1","floor":35},{"not_picked":["Iron Wave","Cleave+1"],"picked":"Heavy Blade+1","floor":36},{"not_picked":["Carnage+1","Wild Strike"],"picked":"True Grit+1","floor":37},{"not_picked":["Seeing Red+1","Fire Breathing"],"picked":"Corruption","floor":39},{"not_picked":["Combust+1","Anger"],"picked":"Ghostly Armor+1","floor":40},{"not_picked":["Second Wind+1","Perfected Strike"],"picked":"Battle Trance+1","floor":42},{"not_picked":["Rampage+1","Dropkick"],"picked":"Whirlwind","floor":47},{"not_picked":["Pummel","Clothesline+1"],"picked":"Offering+1","floor":48}],"player_experience":77567,"relics_obtained":[{"floor":6.0,"key":"Shuriken"},{"floor":9.0,"key":"Meat on the Bone"},{"floor":12.0,"key":"Mummified Hand"},{"floor":24.0,"key":"Toxic Egg 2"},{"floor":26.0,"key":"Bronze Scales"},{"floor":30.0,"key":"Smiling Mask"},{"floor":37,"key":"Incense Burner"},{"floor":39,"key":"Dead Branch"},{"floor":40,"key":"Darkstone Periapt"},{"floor":42,"key":"War Paint"},{"floor":43,"key":"Omamori"},{"floor":46,"key":"Letter Opener"}],"event_choices":[{"damage_healed":0.0,"max_hp_gain":0.0,"max_hp_loss":0.0,"gold_gain":0.0,"event_name":"Living Wall","player_choice":"Grow","floor":2.0,"gold_loss":0.0,"damage_taken":0.0,"cards_upgraded":["Bash"]},{"damage_healed":0.0,"max_hp_gain":0.0,"max_hp_loss":0.0,"gold_gain":0.0,"event_name":"Accursed Blacksmith","player_choice":"Rummage","floor":3.0,"gold_loss":0.0,"damage_taken":0.0,"relics_obtained":["WarpedTongs"],"cards_obtained":["Pain"]},{"cards_removed":["Pain"],"damage_healed":0.0,"max_hp_gain":0.0,"max_hp_loss":0.0,"gold_gain":0.0,"event_name":"The Cleric","player_choice":"Card Removal","floor":5.0,"gold_loss":50.0,"damage_taken":0.0},{"damage_healed":0.0,"max_hp_gain":0.0,"max_hp_loss":0.0,"gold_gain":0.0,"event_name":"Drug Dealer","player_choice":"Inject Mutagens","floor":19.0,"gold_loss":0.0,"damage_taken":0.0,"relics_obtained":["MutagenicStrength"]},{"damage_healed":0.0,"max_hp_gain":0.0,"max_hp_loss":0.0,"gold_gain":0.0,"event_name":"The Mausoleum","player_choice":"Opened","floor":20.0,"gold_loss":0.0,"damage_taken":0.0,"relics_obtained":["Ornamental Fan"],"cards_obtained":["Writhe"]},{"damage_healed":0.0,"max_hp_gain":0.0,"max_hp_loss":0.0,"gold_gain":0.0,"event_name":"Duplicator","player_choice":"Copied","floor":23.0,"gold_loss":0.0,"damage_taken":0.0,"cards_obtained":["Inflame"]},{"damage_healed":0,"gold_gain":0,"player_choice":"Fight","damage_taken":0,"max_hp_gain":0,"max_hp_loss":0,"event_name":"MindBloom","floor":37,"gold_loss":0},{"damage_healed":0,"gold_gain":0,"player_choice":"Max HP","damage_taken":0,"max_hp_gain":0,"max_hp_loss":4,"event_name":"Winding Halls","floor":38,"gold_loss":0},{"damage_healed":0,"gold_gain":0,"player_choice":"Fight","damage_taken":0,"max_hp_gain":0,"max_hp_loss":0,"event_name":"Mysterious Sphere","floor":39,"gold_loss":0}],"is_beta":false,"boss_relics":[{"not_picked":["Astrolabe","Black Blood"],"picked":"Philosopher\u0027s Stone"},{"not_picked":["White Beast Statue","Velvet Choker"],"picked":"Sozu"}],"items_purged_floors":[14,21,31,44],"is_endless":false,"potions_floor_spawned":[1,4,12,16,18,28,33,35,36,40,48],"ascension_level":7}