{"gold_per_floor":[113,131,131,150,161,189,189,189,189,225,190,213,213,56,56,175,175,200,80,80,4,25,25,58,78,78,78,78,78,78,30,30,158,158,182,159,172,172,191,229,229,229,252,277,310,100,100,116,116,116,116,116,69,109,109],"floor_reached":55,"playtime":4223,"items_purged":["Strike_R","Pain"],"score":787,"play_id":"b251f349-59bd-47fb-99e2-e4df91d478ae","local_time":"20190527081112","is_ascension_mode":true,"campfire_choices":[{"floor":8,"key":"REST"},{"floor":13,"key":"REST"},{"floor":15,"key":"REST"},{"floor":23,"key":"RECALL"},{"data":"Barricade","floor":29,"key":"SMITH"},{"data":"Demon Form","floor":32,"key":"SMITH"},{"data":"Whirlwind","floor":42,"key":"SMITH"},{"data":"Metallicize","floor":47,"key":"SMITH"},{"data":"Twin Strike","floor":49,"key":"SMITH"},{"data":"Bash","floor":52,"key":"SMITH"}],"neow_cost":"NONE","seed_source_timestamp":964878669762600,"circlet_count":0,"master_deck":["Strike_R","Strike_R","Defend_R","Defend_R","Defend_R","Bash+1","Twin Strike+1","Carnage","Pummel+1","Whirlwind+1","Shrug It Off+1","Havoc+1","Demon Form+1","Feed","Spot Weakness+1","Shrug It Off+1","Battle Trance+1","Shrug It Off+1","Thunderclap","Barricade+1","True Grit+1","Double Tap+1","Shrug It Off+1","Pommel Strike+1","Sentinel+1","Impervious+1","Spot Weakness+1","Ghostly Armor+1","Metallicize+1","Shrug It Off+1","Twin Strike","Whirlwind"],"relics":["Runic Cube","Champion Belt","Golden Idol","Toxic Egg 2","Coffee Dripper","Pantograph","Question Card","Singing Bowl","Cursed Key","Matryoshka","Bronze Scales","Bottled Lightning","Bottled Flame","Blue Candle"],"potions_floor_usage":[10,16,16,33,55,55,55],"damage_taken":[{"damage":0,"enemies":"2 Louse","floor":1,"turns":3},{"damage":1,"enemies":"Cultist","floor":2,"turns":3},{"damage":2,"enemies":"Small Slimes","floor":4,"turns":3},{"damage":25,"enemies":"Exordium Thugs","floor":5,"turns":3},{"damage":28,"enemies":"Gremlin Nob","floor":6,"turns":4},{"damage":35,"enemies":"Lagavulin","floor":10,"turns":6},{"damage":25,"enemies":"Gremlin Gang","floor":12,"turns":4},{"damage":44,"enemies":"Hexaghost","floor":16,"turns":8},{"damage":0,"enemies":"3 Byrds","floor":18,"turns":6},{"damage":0,"enemies":"Shell Parasite","floor":22,"turns":4},{"damage":33,"enemies":"Slavers","floor":24,"turns":4},{"damage":5,"enemies":"Snecko","floor":25,"turns":5},{"damage":48,"enemies":"Collector","floor":33,"turns":9},{"damage":1,"enemies":"3 Darklings","floor":35,"turns":4},{"damage":8,"enemies":"Orb Walker","floor":37,"turns":3},{"damage":0,"enemies":"3 Darklings","floor":39,"turns":3},{"damage":5,"enemies":"Nemesis","floor":40,"turns":7},{"damage":18,"enemies":"Maw","floor":44,"turns":6},{"damage":3,"enemies":"Giant Head","floor":45,"turns":10},{"damage":10,"enemies":"Jaw Worm Horde","floor":48,"turns":1},{"damage":25,"enemies":"Awakened One","floor":50,"turns":11},{"damage":6,"enemies":"Shield and Spear","floor":54,"turns":5},{"damage":92,"enemies":"The Heart","floor":55,"turns":9}],"seed_played":"-7327601855957783970","potions_obtained":[{"floor":5,"key":"Ancient Potion"},{"floor":6,"key":"AttackPotion"},{"floor":10,"key":"EssenceOfSteel"},{"floor":12,"key":"SteroidPotion"},{"floor":16,"key":"FearPotion"},{"floor":22,"key":"SpeedPotion"},{"floor":33,"key":"Fire Potion"},{"floor":48,"key":"Energy Potion"}],"is_trial":false,"path_per_floor":["M","M","?","M","M","E","?","R","T","E","?","M","R","$","R","B",null,"M","$","?","$","M","R","E","M","T","?","?","R","?","$","R","B",null,"M","$","M","?","M","E","?","R","T","M","E","$","R","M","R","B",null,"R","$","E","B"],"character_chosen":"IRONCLAD","items_purchased":["Demon Form","Shrug It Off+1","Battle Trance+1","True Grit+1","Shrug It Off+1","Ghostly Armor+1","Metallicize","Twin Strike"],"campfire_rested":3,"item_purchase_floors":[14,19,21,31,36,46,46,53],"current_hp_per_floor":[80,79,79,77,52,24,24,46,46,11,29,4,26,26,48,4,74,77,77,77,77,77,77,47,42,42,42,68,68,68,68,68,35,83,84,84,76,76,78,73,73,73,73,58,55,55,55,45,45,45,90,90,90,84,0],"gold":109,"neow_bonus":"BOSS_RELIC","is_prod":false,"is_daily":false,"chose_seed":false,"campfire_upgraded":6,"win_rate":0,"timestamp":1558962672,"path_taken":["M","M","?","?","M","E","?","R","T","E","?","M","R","$","R","BOSS","M","$","?","?","M","R","E","?","T","?","?","R","?","$","R","BOSS","M","$","M","?","M","E","?","R","T","?","E","?","R","M","R","BOSS","R","$","E","BOSS"],"build_version":"2019-01-23","purchased_purges":2,"victory":false,"max_hp_per_floor":[80,80,80,80,80,80,74,74,74,74,74,74,74,74,74,74,74,77,77,77,77,77,77,80,80,80,80,80,80,80,80,80,83,83,85,85,85,85,87,87,87,87,87,90,90,90,90,90,90,90,90,90,90,90,90],"card_choices":[{"not_picked":["Anger","Clash"],"picked":"Twin Strike","floor":1},{"not_picked":["True Grit","Thunderclap"],"picked":"Perfected Strike","floor":2},{"not_picked":["Warcry","Combust"],"picked":"Carnage","floor":4},{"not_picked":["Havoc","Bloodletting"],"picked":"Pummel","floor":5},{"not_picked":["Perfected Strike","Sword Boomerang"],"picked":"Whirlwind","floor":6},{"not_picked":["Dark Embrace","Twin Strike"],"picked":"Shrug It Off","floor":10},{"not_picked":["Clash","Corruption"],"picked":"Havoc+1","floor":12},{"not_picked":["Offering+1","Demon Form"],"picked":"Feed","floor":16},{"not_picked":["Flex+1","Pommel Strike"],"picked":"Spot Weakness+1","floor":18},{"not_picked":["Sever Soul","Corruption"],"picked":"Shrug It Off+1","floor":22},{"not_picked":["Anger+1","Sever Soul"],"picked":"Thunderclap","floor":24},{"not_picked":["Perfected Strike+1","Sever Soul+1"],"picked":"Barricade","floor":25},{"not_picked":["Brutality","Barricade","Feed"],"picked":"Double Tap+1","floor":33},{"not_picked":["Bloodletting+1","Wild Strike","Flex+1","Iron Wave"],"picked":"Singing Bowl","floor":35},{"not_picked":["Power Through+1","Clothesline","Blood for Blood"],"picked":"Pommel Strike+1","floor":37},{"not_picked":["Perfected Strike+1","Twin Strike+1","Wild Strike+1","Clothesline+1"],"picked":"Singing Bowl","floor":39},{"not_picked":["Searing Blow+1","Wild Strike","Headbutt+1"],"picked":"Sentinel+1","floor":40},{"not_picked":["Heavy Blade+1","Carnage","Body Slam"],"picked":"Impervious+1","floor":44},{"not_picked":["Cleave","Clash+1","Rage+1"],"picked":"Spot Weakness+1","floor":45},{"not_picked":["Iron Wave","Pummel","Perfected Strike+1"],"picked":"Shrug It Off+1","floor":48},{"not_picked":["Bloodletting+1","Power Through+1","Infernal Blade+1"],"picked":"Whirlwind","floor":54}],"player_experience":198943,"relics_obtained":[{"floor":6,"key":"Champion Belt"},{"floor":10,"key":"Toxic Egg 2"},{"floor":24,"key":"Pantograph"},{"floor":26,"key":"Question Card"},{"floor":40,"key":"Matryoshka"},{"floor":43,"key":"Bronze Scales"},{"floor":43,"key":"Bottled Lightning"},{"floor":45,"key":"Bottled Flame"},{"floor":54,"key":"Blue Candle"}],"event_choices":[{"cards_removed":["Strike_R"],"damage_healed":0,"gold_gain":0,"player_choice":"Offered Basic","damage_taken":0,"max_hp_gain":0,"max_hp_loss":0,"event_name":"Bonfire Elementals","floor":3,"gold_loss":0},{"damage_healed":0,"gold_gain":0,"player_choice":"Lose Max HP","damage_taken":0,"relics_obtained":["Golden Idol"],"max_hp_gain":0,"max_hp_loss":6,"event_name":"Golden Idol","floor":7,"gold_loss":0},{"damage_healed":18,"gold_gain":0,"player_choice":"Healed","damage_taken":0,"max_hp_gain":0,"max_hp_loss":0,"event_name":"The Cleric","floor":11,"gold_loss":35},{"cards_removed":["Perfected Strike"],"damage_healed":0,"gold_gain":0,"player_choice":"Purged","damage_taken":0,"max_hp_gain":0,"max_hp_loss":0,"event_name":"Purifier","floor":20,"gold_loss":0},{"damage_healed":0,"gold_gain":0,"player_choice":"Opened","damage_taken":0,"relics_obtained":["Singing Bowl"],"max_hp_gain":0,"max_hp_loss":0,"event_name":"The Mausoleum","floor":27,"gold_loss":0},{"damage_healed":26,"gold_gain":0,"player_choice":"Heal","damage_taken":0,"max_hp_gain":0,"max_hp_loss":0,"event_name":"The Library","floor":28,"gold_loss":0},{"cards_removed":["Strike_R"],"damage_healed":0,"gold_gain":0,"player_choice":"Elegance","damage_taken":0,"max_hp_gain":0,"max_hp_loss":0,"event_name":"Back to Basics","floor":30,"gold_loss":0},{"cards_removed":["Defend_R"],"damage_healed":0,"gold_gain":0,"player_choice":"Removed Skill","damage_taken":0,"max_hp_gain":0,"max_hp_loss":0,"event_name":"Falling","floor":38,"gold_loss":0},{"damage_healed":0,"gold_gain":0,"player_choice":"Upgraded","damage_taken":0,"max_hp_gain":0,"max_hp_loss":0,"event_name":"Upgrade Shrine","floor":41,"gold_loss":0,"cards_upgraded":["Pummel"]}],"is_beta":false,"boss_relics":[{"not_picked":["Black Star","White Beast Statue"],"picked":"Coffee Dripper"},{"not_picked":["Pandora\u0027s Box","Lizard Tail"],"picked":"Cursed Key"}],"items_purged_floors":[19,46],"is_endless":false,"potions_floor_spawned":[5,6,10,12,16,22,33,35,39,44,48],"killed_by":"The Heart","ascension_level":1}