{"gold_per_floor":[216,216,24,24,94,122,122,141,141,174,190,200,200,231,231,335,335,351,351,370,370,370,370,370,370,370,398,9,39,59,94,94,199,199,217,217,228,303,303,303,336,336,382,408,426,426,2,16,16,16],"floor_reached":51,"playtime":10513,"items_purged":["Writhe"],"score":1243,"play_id":"f449ad76-25c2-42e5-a728-f29a1d5aecbc","local_time":"20190527182151","is_ascension_mode":true,"campfire_choices":[{"floor":7,"key":"REST"},{"data":"Beam Cell","floor":15,"key":"SMITH"},{"floor":23,"key":"REST"},{"floor":25,"key":"REST"},{"floor":32,"key":"REST"},{"data":"Creative AI","floor":40,"key":"SMITH"},{"floor":42,"key":"REST"},{"floor":49,"key":"REST"}],"neow_cost":"NONE","seed_source_timestamp":524144827379850,"circlet_count":0,"master_deck":["AscendersBane","Strike_B","Defend_B","Defend_B","Defend_B","Defend_B+1","Zap+1","Dualcast","Beam Cell+1","Defragment+1","Sweeping Beam","Streamline","Cold Snap","Reinforced Body","Ball Lightning","Creative AI+1","Chaos","Auto Shields","Steam","Thunder Strike","Biased Cognition","Go for the Eyes","Compile Driver","Multi-Cast","Defragment","Echo Form+1","Capacitor+1","Aggregate","Storm+1"],"relics":["Cracked Core","Meat on the Bone","Art of War","Gremlin Horn","Darkstone Periapt","Calipers","Juzu Bracelet","DataDisk","Nuclear Battery","Nunchaku","PreservedInsect","Pantograph","Mercury Hourglass","Pocketwatch","Boot","Sozu","Frozen Egg 2","Centennial Puzzle","Orichalcum","The Courier","Bottled Tornado","Chemical X"],"potions_floor_usage":[21,27,29,31],"damage_taken":[{"damage":6,"enemies":"Cultist","floor":1,"turns":3},{"damage":25,"enemies":"Gremlin Nob","floor":6,"turns":4},{"damage":0,"enemies":"Small Slimes","floor":8,"turns":2},{"damage":15,"enemies":"Lagavulin","floor":10,"turns":5},{"damage":5,"enemies":"Jaw Worm","floor":11,"turns":2},{"damage":0,"enemies":"Large Slime","floor":12,"turns":4},{"damage":16,"enemies":"3 Sentries","floor":14,"turns":6},{"damage":20,"enemies":"The Guardian","floor":16,"turns":13},{"damage":2,"enemies":"Spheric Guardian","floor":18,"turns":4},{"damage":14,"enemies":"2 Thieves","floor":20,"turns":4},{"damage":49,"enemies":"Colosseum Slavers","floor":21,"turns":5},{"damage":22,"enemies":"Book of Stabbing","floor":27,"turns":6},{"damage":15,"enemies":"Slavers","floor":29,"turns":3},{"damage":0,"enemies":"Centurion and Healer","floor":30,"turns":5},{"damage":4,"enemies":"Book of Stabbing","floor":31,"turns":5},{"damage":0,"enemies":"Champ","floor":33,"turns":10},{"damage":27,"enemies":"3 Darklings","floor":35,"turns":4},{"damage":4,"enemies":"3 Shapes","floor":37,"turns":4},{"damage":17,"enemies":"Nemesis","floor":41,"turns":8},{"damage":28,"enemies":"Reptomancer","floor":44,"turns":5},{"damage":28,"enemies":"Jaw Worm Horde","floor":45,"turns":4},{"damage":3,"enemies":"3 Darklings","floor":48,"turns":4},{"damage":81,"enemies":"Donu and Deca","floor":50,"turns":8}],"seed_played":"-768047143815559539","potions_obtained":[{"floor":8,"key":"Weak Potion"},{"floor":10,"key":"Energy Potion"},{"floor":20,"key":"Regen Potion"},{"floor":30,"key":"Strength Potion"}],"is_trial":false,"path_per_floor":["M","T","$","?","T","E","R","M","T","E","M","M","?","E","R","B",null,"M","?","M","?","?","R","?","R","T","E","$","E","M","E","R","B",null,"M","?","M","T","?","R","E","R","T","E","M","?","$","M","R","B",null],"character_chosen":"DEFECT","items_purchased":["Defragment","Art of War","Mercury Hourglass","PowerPotion","Bottled Tornado","Chemical X","Storm+1"],"campfire_rested":6,"item_purchase_floors":[3,3,28,28,47,47,47],"current_hp_per_floor":[62,62,62,47,47,34,56,56,56,41,48,48,48,44,44,36,65,63,63,49,26,32,56,56,80,80,58,58,43,43,51,75,81,81,54,54,50,50,76,76,59,85,85,57,41,41,41,50,76,18],"gold":16,"neow_bonus":"HUNDRED_GOLD","is_prod":false,"is_daily":false,"chose_seed":false,"campfire_upgraded":2,"win_rate":0,"timestamp":1558995711,"path_taken":["M","?","$","?","?","E","R","M","T","E","M","M","?","E","R","BOSS","M","?","M","?","?","R","?","R","T","E","$","E","M","E","R","BOSS","M","?","M","?","?","R","E","R","T","E","M","?","?","M","R","BOSS"],"build_version":"2019-01-23","purchased_purges":1,"victory":true,"max_hp_per_floor":[75,75,75,75,75,75,75,75,75,75,75,75,75,75,75,75,75,75,75,75,75,81,81,81,81,81,81,81,81,81,81,81,81,81,81,81,81,81,87,87,87,87,87,87,87,87,87,87,87,87],"card_choices":[{"not_picked":["Steam","Scrape"],"picked":"Beam Cell","floor":1},{"not_picked":["Storm","Blizzard"],"picked":"Sweeping Beam","floor":6},{"not_picked":["Sweeping Beam","Coolheaded"],"picked":"Streamline","floor":8},{"not_picked":["Fusion","Consume"],"picked":"Cold Snap","floor":10},{"not_picked":["Redo","Barrage"],"picked":"Reinforced Body","floor":11},{"not_picked":["Stack","Redo","Sweeping Beam"],"picked":"SKIP","floor":12},{"not_picked":["Thunder Strike","Sweeping Beam"],"picked":"Ball Lightning","floor":14},{"not_picked":["Rainbow","Multi-Cast"],"picked":"Creative AI","floor":16},{"not_picked":["Beam Cell","Steam"],"picked":"Chaos","floor":18},{"not_picked":["Go for the Eyes","Cold Snap","Gash"],"picked":"SKIP","floor":20},{"not_picked":["Thunder Strike","Steam"],"picked":"Biased Cognition","floor":27},{"not_picked":["Stack","Streamline","Multi-Cast"],"picked":"SKIP","floor":29},{"not_picked":["Recycle","Redo"],"picked":"Go for the Eyes","floor":30},{"not_picked":["Cold Snap+1","Recycle"],"picked":"Compile Driver","floor":31},{"not_picked":["All For One","Meteor Strike"],"picked":"Multi-Cast","floor":33},{"not_picked":["Redo","Go for the Eyes+1"],"picked":"Defragment","floor":35},{"not_picked":["Reprogram+1","Gash+1","Tempest+1"],"picked":"SKIP","floor":37},{"not_picked":["Cold Snap","Conserve Battery"],"picked":"Echo Form+1","floor":41},{"not_picked":["Redo","Steam+1"],"picked":"Capacitor+1","floor":44},{"not_picked":["Fusion","Sweeping Beam"],"picked":"Aggregate","floor":45},{"not_picked":["Go for the Eyes","Turbo","Scrape"],"picked":"SKIP","floor":48}],"player_experience":545062,"relics_obtained":[{"floor":2,"key":"Meat on the Bone"},{"floor":5,"key":"Gremlin Horn"},{"floor":6,"key":"Darkstone Periapt"},{"floor":9,"key":"Calipers"},{"floor":10,"key":"Juzu Bracelet"},{"floor":14,"key":"DataDisk"},{"floor":26,"key":"PreservedInsect"},{"floor":27,"key":"Pantograph"},{"floor":29,"key":"Pocketwatch"},{"floor":31,"key":"Boot"},{"floor":38,"key":"Frozen Egg 2"},{"floor":41,"key":"Centennial Puzzle"},{"floor":43,"key":"Orichalcum"},{"floor":44,"key":"The Courier"}],"event_choices":[{"damage_healed":0,"gold_gain":0,"player_choice":"Entered Light","damage_taken":15,"max_hp_gain":0,"max_hp_loss":0,"event_name":"Shining Light","floor":4,"gold_loss":0,"cards_upgraded":["Zap","Defend_B"]},{"damage_healed":0,"gold_gain":0,"player_choice":"Grow","damage_taken":0,"max_hp_gain":0,"max_hp_loss":0,"event_name":"Living Wall","floor":13,"gold_loss":0,"cards_upgraded":["Defragment"]},{"damage_healed":0,"gold_gain":0,"cards_transformed":["Strike_B"],"player_choice":"Transformed","damage_taken":0,"max_hp_gain":0,"max_hp_loss":0,"event_name":"Transmorgrifier","floor":19,"gold_loss":0,"cards_obtained":["Auto Shields"]},{"damage_healed":0,"gold_gain":0,"player_choice":"Fight","damage_taken":0,"max_hp_gain":0,"max_hp_loss":0,"event_name":"Colosseum","floor":21,"gold_loss":0},{"damage_healed":0,"gold_gain":0,"player_choice":"Fled From Nobs","damage_taken":0,"max_hp_gain":0,"max_hp_loss":0,"event_name":"Colosseum","floor":21,"gold_loss":0},{"damage_healed":0,"gold_gain":0,"player_choice":"Opened","damage_taken":0,"relics_obtained":["Nunchaku"],"max_hp_gain":0,"max_hp_loss":0,"event_name":"The Mausoleum","floor":22,"gold_loss":0,"cards_obtained":["Writhe"]},{"damage_healed":0,"gold_gain":0,"cards_transformed":["Strike_B","Strike_B"],"player_choice":"Became Test Subject","damage_taken":0,"max_hp_gain":0,"max_hp_loss":0,"event_name":"Drug Dealer","floor":24,"gold_loss":0,"cards_obtained":["Steam","Thunder Strike"]},{"damage_healed":0,"gold_gain":0,"player_choice":"Ignored","damage_taken":0,"max_hp_gain":0,"max_hp_loss":0,"event_name":"Mysterious Sphere","floor":36,"gold_loss":0},{"damage_healed":20,"gold_gain":0,"player_choice":"Writhe","damage_taken":0,"max_hp_gain":0,"max_hp_loss":0,"event_name":"Winding Halls","floor":39,"gold_loss":0,"cards_obtained":["Writhe"]},{"cards_removed":["Writhe"],"damage_healed":0,"gold_gain":0,"player_choice":"Removed Curses","damage_taken":0,"max_hp_gain":0,"max_hp_loss":0,"event_name":"Fountain of Cleansing","floor":46,"gold_loss":0}],"is_beta":false,"boss_relics":[{"not_picked":["Eternal Feather","Empty Cage"],"picked":"Nuclear Battery"},{"not_picked":["Pandora\u0027s Box","Black Star"],"picked":"Sozu"}],"items_purged_floors":[28],"is_endless":false,"potions_floor_spawned":[8,10,11,14,20,21,30,41,48],"ascension_level":12}