{"gold_per_floor":[115,40,51,51,63,63,78,108,190,190,210,210,210],"floor_reached":13,"playtime":735,"items_purged":["Doubt"],"score":162,"play_id":"6d269d74-8a69-4948-afb6-cd34268fd79e","local_time":"20190513142758","is_ascension_mode":true,"campfire_choices":[{"data":"Spot Weakness","floor":6,"key":"SMITH"},{"floor":10,"key":"REST"},{"data":"Disarm","floor":12,"key":"SMITH"}],"neow_cost":"CURSE","seed_source_timestamp":3643902176162978,"circlet_count":0,"master_deck":["AscendersBane","Strike_R","Strike_R","Strike_R","Defend_R","Defend_R","Defend_R","Defend_R","Bash","Headbutt","Seeing Red","Disarm+1","Pain","Spot Weakness+1","Pommel Strike","Reaper"],"relics":["Burning Blood","WarpedTongs","Gambling Chip","Gremlin Horn"],"potions_floor_usage":[8],"damage_taken":[{"damage":11,"enemies":"Small Slimes","floor":1,"turns":5},{"damage":2,"enemies":"Cultist","floor":3,"turns":4},{"damage":0,"enemies":"2 Louse","floor":5,"turns":4},{"damage":14,"enemies":"2 Fungi Beasts","floor":7,"turns":3},{"damage":49,"enemies":"Lagavulin","floor":8,"turns":8},{"damage":13,"enemies":"Red Slaver","floor":11,"turns":4},{"damage":57,"enemies":"Gremlin Nob","floor":13,"turns":4}],"seed_played":"-147271054780603266","potions_obtained":[{"floor":3,"key":"Dexterity Potion"},{"floor":5,"key":"Strength Potion"},{"floor":7,"key":"BloodPotion"}],"is_trial":false,"path_per_floor":["M","$","M","?","M","R","M","E","T","R","M","R","E"],"character_chosen":"IRONCLAD","items_purchased":[],"campfire_rested":1,"item_purchase_floors":[],"current_hp_per_floor":[63,63,67,67,73,73,65,29,29,51,44,44,0],"gold":210,"neow_bonus":"TRANSFORM_TWO_CARDS","is_prod":false,"is_daily":false,"chose_seed":false,"campfire_upgraded":2,"win_rate":0,"timestamp":1557736078,"path_taken":["M","$","M","?","M","R","M","E","T","R","M","R","E"],"build_version":"2019-01-23","purchased_purges":1,"victory":false,"max_hp_per_floor":[75,75,75,75,75,75,75,75,75,75,75,75,75],"card_choices":[{"not_picked":["Hemokinesis","Burning Pact","Thunderclap"],"picked":"SKIP","floor":1},{"not_picked":["Hemokinesis","Burning Pact","Thunderclap"],"picked":"SKIP","floor":1},{"not_picked":["Clash","Evolve"],"picked":"Disarm","floor":3},{"not_picked":["True Grit","Clash"],"picked":"Spot Weakness","floor":5},{"not_picked":["Havoc","Body Slam"],"picked":"Pommel Strike","floor":7},{"not_picked":["True Grit","Intimidate","Pommel Strike"],"picked":"SKIP","floor":8},{"not_picked":["Cleave","Wild Strike"],"picked":"Reaper","floor":11}],"player_experience":1326747,"relics_obtained":[{"floor":8,"key":"Gambling Chip"},{"floor":9,"key":"Gremlin Horn"}],"event_choices":[{"damage_healed":0,"gold_gain":0,"player_choice":"Rummage","damage_taken":0,"relics_obtained":["WarpedTongs"],"max_hp_gain":0,"max_hp_loss":0,"event_name":"Accursed Blacksmith","floor":4,"gold_loss":0,"cards_obtained":["Pain"]}],"is_beta":false,"boss_relics":[],"items_purged_floors":[2],"is_endless":false,"potions_floor_spawned":[3,5,7],"killed_by":"Gremlin Nob","ascension_level":18}