{"gold_per_floor":[110,285,285,296,316,316,348,361,443,469,483,494,494,528,528,628,628,645,679,679,690,275,275,307,323,395,395,395,395,112,141,141,244,244,257,276,276,216,22,51,51,71,71,84,113,127,127,160,160,160,160,160,33,63,63],"floor_reached":55,"playtime":6212,"items_purged":["Doubt","Strike_B","Strike_B"],"score":930,"play_id":"2e63f733-b745-48d5-af23-8a8037b916ea","local_time":"20190527164048","is_ascension_mode":true,"campfire_choices":[{"data":"Echo Form","floor":6,"key":"SMITH"},{"data":"Chaos","floor":13,"key":"SMITH"},{"floor":15,"key":"REST"},{"data":"Electrodynamics","floor":23,"key":"SMITH"},{"data":"Sunder","floor":27,"key":"SMITH"},{"floor":29,"key":"REST"},{"floor":32,"key":"REST"},{"floor":41,"key":"REST"},{"floor":47,"key":"RECALL"},{"floor":49,"key":"REST"},{"data":"Capacitor","floor":52,"key":"SMITH"}],"neow_cost":"NONE","seed_source_timestamp":993416668502800,"circlet_count":0,"master_deck":["Strike_B","Defend_B","Defend_B","Defend_B","Zap","Dualcast+1","Streamline","Echo Form+1","Madness","Barrage","Loop","Chill","Redo","Reinforced Body","Chaos+1","Sunder+1","Electrodynamics+1","Go for the Eyes+1","Cold Snap","Ball Lightning+1","Magnetism","Core Surge","Capacitor+1","BootSequence","Glacier","Compile Driver","Deep Breath+1","Multi-Cast","Creative AI","Glacier+1","Hologram","Violence","Ball Lightning","Conserve Battery","Self Repair","Turbo","Hologram","Aggregate+1","Seek"],"relics":["Snecko Eye","Ice Cream","Oddly Smooth Stone","Bag of Marbles","Black Star","Red Mask","Enchiridion","Pocketwatch","Bottled Flame","Sundial","Omamori","War Paint","Philosopher\u0027s Stone","Vajra","The Courier","Incense Burner","Mercury Hourglass","Blood Vial","Gambling Chip","Anchor","Mummified Hand","Symbiotic Virus"],"potions_floor_usage":[21,33,33,55,55,55,55,55,55],"damage_taken":[{"damage":0,"enemies":"Small Slimes","floor":1,"turns":3},{"damage":0,"enemies":"Cultist","floor":4,"turns":2},{"damage":3,"enemies":"Jaw Worm","floor":5,"turns":3},{"damage":21,"enemies":"Lagavulin","floor":7,"turns":6},{"damage":8,"enemies":"2 Fungi Beasts","floor":8,"turns":4},{"damage":7,"enemies":"3 Sentries","floor":10,"turns":8},{"damage":2,"enemies":"Exordium Thugs","floor":11,"turns":7},{"damage":6,"enemies":"Blue Slaver","floor":12,"turns":3},{"damage":16,"enemies":"Lagavulin","floor":14,"turns":5},{"damage":18,"enemies":"Slime Boss","floor":16,"turns":8},{"damage":15,"enemies":"3 Byrds","floor":18,"turns":4},{"damage":1,"enemies":"Masked Bandits","floor":19,"turns":3},{"damage":8,"enemies":"Spheric Guardian","floor":21,"turns":4},{"damage":0,"enemies":"Gremlin Leader","floor":24,"turns":5},{"damage":13,"enemies":"Snake Plant","floor":25,"turns":2},{"damage":13,"enemies":"Book of Stabbing","floor":31,"turns":4},{"damage":43,"enemies":"Champ","floor":33,"turns":10},{"damage":0,"enemies":"3 Darklings","floor":35,"turns":3},{"damage":0,"enemies":"Orb Walker","floor":36,"turns":5},{"damage":56,"enemies":"Reptomancer","floor":40,"turns":6},{"damage":12,"enemies":"Jaw Worm Horde","floor":42,"turns":2},{"damage":0,"enemies":"4 Shapes","floor":44,"turns":4},{"damage":20,"enemies":"Nemesis","floor":45,"turns":7},{"damage":0,"enemies":"3 Darklings","floor":46,"turns":2},{"damage":0,"enemies":"Giant Head","floor":48,"turns":7},{"damage":20,"enemies":"Donu and Deca","floor":50,"turns":8},{"damage":0,"enemies":"Shield and Spear","floor":54,"turns":6},{"damage":77,"enemies":"The Heart","floor":55,"turns":6}],"seed_played":"3032579361546919716","potions_obtained":[{"floor":4,"key":"Poison Potion"},{"floor":7,"key":"Swift Potion"},{"floor":10,"key":"Energy Potion"},{"floor":14,"key":"GamblersBrew"},{"floor":33,"key":"Ancient Potion"},{"floor":36,"key":"EntropicBrew"},{"floor":44,"key":"Ancient Potion"},{"floor":46,"key":"LiquidBronze"},{"floor":48,"key":"FocusPotion"}],"is_trial":false,"path_per_floor":["M","?","?","M","M","R","E","M","T","E","M","M","R","E","R","B",null,"M","?","?","M","$","R","E","M","T","R","?","R","$","E","R","B",null,"M","M","?","?","$","E","R","M","T","M","E","M","R","E","R","B",null,"R","$","E","B"],"character_chosen":"DEFECT","items_purchased":["Magnetism","Core Surge","Glacier","Compile Driver","Deep Breath","Ball Lightning","Conserve Battery","Seek"],"campfire_rested":5,"item_purchase_floors":[22,22,30,30,30,39,39,53],"current_hp_per_floor":[75,75,75,75,72,72,51,43,43,36,34,28,28,12,34,16,75,60,59,43,35,35,35,35,22,22,22,22,44,44,31,53,10,75,75,75,75,75,75,19,41,29,29,43,30,32,32,48,70,66,75,75,75,75,0],"gold":63,"neow_bonus":"BOSS_RELIC","is_prod":false,"is_daily":false,"chose_seed":false,"campfire_upgraded":5,"win_rate":0,"timestamp":1558993248,"path_taken":["M","?","?","M","?","R","E","M","T","E","M","M","R","E","R","BOSS","M","?","?","M","$","R","E","?","T","R","?","R","$","E","R","BOSS","M","M","?","?","$","E","R","M","T","M","E","M","R","E","R","BOSS","R","$","E","BOSS"],"build_version":"2019-01-23","purchased_purges":3,"victory":false,"max_hp_per_floor":[75,75,75,75,75,75,75,75,75,75,75,75,75,75,75,75,75,75,75,75,75,75,75,75,75,75,75,75,75,75,75,75,75,75,75,75,75,75,75,75,75,75,75,75,75,75,75,75,75,75,75,75,75,75,75],"card_choices":[{"not_picked":["White Noise","Chaos"],"picked":"Streamline","floor":1},{"not_picked":["Doom and Gloom","Double Energy"],"picked":"Barrage","floor":4},{"not_picked":["Force Field","Compile Driver"],"picked":"Loop","floor":5},{"not_picked":["Streamline","Skim"],"picked":"Chill","floor":7},{"not_picked":["Auto Shields","Heatsinks"],"picked":"Redo","floor":8},{"not_picked":["Fusion","Barrage"],"picked":"Reinforced Body","floor":10},{"not_picked":["Rebound","Stack","Chaos"],"picked":"SKIP","floor":11},{"not_picked":["Redo","Genetic Algorithm"],"picked":"Chaos","floor":12},{"not_picked":["Steam","Heatsinks"],"picked":"Sunder","floor":14},{"not_picked":["Thunder Strike","Seek"],"picked":"Electrodynamics","floor":16},{"not_picked":["Beam Cell+1","Tempest"],"picked":"Go for the Eyes+1","floor":18},{"not_picked":["Conserve Battery+1","Barrage"],"picked":"Cold Snap","floor":19},{"not_picked":["Stack","Scrape+1"],"picked":"Ball Lightning+1","floor":21},{"not_picked":["Barrage","Coolheaded+1"],"picked":"Capacitor","floor":24},{"not_picked":["Beam Cell","Ball Lightning"],"picked":"BootSequence","floor":25},{"not_picked":["Tempest","Stack"],"picked":"Multi-Cast","floor":31},{"not_picked":["Core Surge","Electrodynamics"],"picked":"Creative AI","floor":33},{"not_picked":["Turbo","Beam Cell+1"],"picked":"Glacier+1","floor":35},{"not_picked":["Force Field","All For One"],"picked":"Hologram","floor":36},{"not_picked":["Deep Breath","Bandage Up"],"picked":"Violence","floor":37},{"not_picked":["FTL","BootSequence","Sweeping Beam"],"picked":"SKIP","floor":40},{"not_picked":["Fusion+1","Leap+1"],"picked":"Self Repair","floor":42},{"not_picked":["Barrage","Streamline+1"],"picked":"Turbo","floor":44},{"not_picked":["Genetic Algorithm","Fusion+1"],"picked":"Hologram","floor":45},{"not_picked":["Streamline+1","Reprogram","Barrage"],"picked":"SKIP","floor":46},{"not_picked":["Barrage+1","Tempest"],"picked":"Aggregate+1","floor":48},{"not_picked":["Redo+1","Hologram+1","Darkness+1"],"picked":"SKIP","floor":54}],"player_experience":207879,"relics_obtained":[{"floor":7,"key":"Ice Cream"},{"floor":10,"key":"Oddly Smooth Stone"},{"floor":14,"key":"Bag of Marbles"},{"floor":19,"key":"Red Mask"},{"floor":20,"key":"Enchiridion"},{"floor":24,"key":"Pocketwatch"},{"floor":24,"key":"Bottled Flame"},{"floor":26,"key":"Sundial"},{"floor":31,"key":"Omamori"},{"floor":31,"key":"War Paint"},{"floor":40,"key":"Vajra"},{"floor":40,"key":"The Courier"},{"floor":43,"key":"Incense Burner"},{"floor":45,"key":"Mercury Hourglass"},{"floor":45,"key":"Blood Vial"},{"floor":48,"key":"Gambling Chip"},{"floor":48,"key":"Anchor"},{"floor":54,"key":"Mummified Hand"},{"floor":54,"key":"Symbiotic Virus"}],"event_choices":[{"damage_healed":0,"gold_gain":175,"player_choice":"AGREE","damage_taken":0,"max_hp_gain":0,"max_hp_loss":0,"event_name":"Liars Game","floor":2,"gold_loss":0,"cards_obtained":["Doubt"]},{"damage_healed":0,"gold_gain":0,"player_choice":"2 cards matched","damage_taken":0,"max_hp_gain":0,"max_hp_loss":0,"event_name":"Match and Keep!","floor":3,"gold_loss":0,"cards_obtained":["Echo Form","Madness"]},{"damage_healed":0,"gold_gain":0,"player_choice":"2 cards matched","damage_taken":0,"max_hp_gain":0,"max_hp_loss":0,"event_name":"Match and Keep!","floor":3,"gold_loss":0,"cards_obtained":["Echo Form","Madness"]},{"damage_healed":0,"gold_gain":0,"player_choice":"Fought Bandits","damage_taken":0,"max_hp_gain":0,"max_hp_loss":0,"event_name":"Masked Bandits","floor":19,"gold_loss":0},{"damage_healed":0,"gold_gain":0,"player_choice":"Obtained Book","damage_taken":16,"max_hp_gain":0,"max_hp_loss":0,"event_name":"Cursed Tome","floor":20,"gold_loss":0},{"cards_removed":["Strike_B"],"damage_healed":0,"gold_gain":0,"player_choice":"Elegance","damage_taken":0,"max_hp_gain":0,"max_hp_loss":0,"event_name":"Back to Basics","floor":28,"gold_loss":0},{"damage_healed":0,"gold_gain":0,"player_choice":"Memory 1","damage_taken":0,"max_hp_gain":0,"max_hp_loss":0,"event_name":"SensoryStone","floor":37,"gold_loss":0},{"cards_removed":["Defend_B"],"damage_healed":0,"gold_gain":0,"player_choice":"Single Remove","damage_taken":0,"max_hp_gain":0,"max_hp_loss":0,"event_name":"Designer","floor":38,"gold_loss":60}],"is_beta":false,"boss_relics":[{"not_picked":["Empty Cage","Velvet Choker"],"picked":"Black Star"},{"not_picked":["Sozu","Runic Dome"],"picked":"Philosopher\u0027s Stone"}],"items_purged_floors":[22,30,39],"is_endless":false,"potions_floor_spawned":[4,7,10,14,18,33,36,44,46,48],"killed_by":"The Heart","ascension_level":1}