{"gold_per_floor":[113,113,133,147,167,195,214,229,229,258,269,279,299,334,334,411,411,378,404,420,420,420,420,454,454,536,555,66,97,109,127,127,205,205,225,225,243,56,56,88,88,88,169,169,188,188],"floor_reached":46,"playtime":3311,"items_purged":["Strike_R","Writhe"],"score":925,"play_id":"f5ebd124-8a78-450e-91e8-7f586ec1e788","local_time":"20190504132527","is_ascension_mode":true,"campfire_choices":[{"data":"Spot Weakness","floor":15.0,"key":"SMITH"},{"data":"Inflame","floor":23.0,"key":"SMITH"},{"floor":32.0,"key":"REST"},{"floor":42.0,"key":"REST"}],"neow_cost":"NONE","seed_source_timestamp":2859638367875071,"circlet_count":0,"master_deck":["AscendersBane","Strike_R","Defend_R+1","Defend_R","Defend_R","Defend_R+1","Bash+1","Pommel Strike","Anger","True Grit","Pommel Strike","Headbutt","Sword Boomerang","Metallicize","Shrug It Off","Spot Weakness+1","Feed","Pummel","Inflame+1","True Grit","Warcry","Disarm","Double Tap","Trip","Bandage Up","Shrug It Off+1","Heavy Blade","Feed"],"special_seed":0,"relics":["Black Blood","War Paint","Juzu Bracelet","Mercury Hourglass","Pen Nib","Boot","Red Mask","Sundial","MutagenicStrength","Art of War","Pantograph","ClockworkSouvenir","Bottled Flame","Empty Cage","Anchor","Singing Bowl"],"potions_floor_usage":[46],"damage_taken":[{"damage":10.0,"enemies":"Jaw Worm","floor":1.0,"turns":4.0},{"damage":2.0,"enemies":"Cultist","floor":3.0,"turns":4.0},{"damage":0.0,"enemies":"Small Slimes","floor":4.0,"turns":3.0},{"damage":4.0,"enemies":"Blue Slaver","floor":5.0,"turns":5.0},{"damage":20.0,"enemies":"3 Sentries","floor":6.0,"turns":9.0},{"damage":8.0,"enemies":"Large Slime","floor":7.0,"turns":5.0},{"damage":8.0,"enemies":"Exordium Thugs","floor":8.0,"turns":4.0},{"damage":20.0,"enemies":"Lagavulin","floor":10.0,"turns":5.0},{"damage":0.0,"enemies":"3 Louse","floor":11.0,"turns":2.0},{"damage":7.0,"enemies":"Lots of Slimes","floor":12.0,"turns":3.0},{"damage":1.0,"enemies":"2 Fungi Beasts","floor":13.0,"turns":3.0},{"damage":9.0,"enemies":"3 Sentries","floor":14.0,"turns":6.0},{"damage":14.0,"enemies":"Slime Boss","floor":16.0,"turns":7.0},{"damage":17.0,"enemies":"2 Thieves","floor":18.0,"turns":5.0},{"damage":12.0,"enemies":"Masked Bandits","floor":19.0,"turns":2.0},{"damage":11.0,"enemies":"Shell Parasite","floor":20.0,"turns":4.0},{"damage":28.0,"enemies":"Book of Stabbing","floor":24.0,"turns":4.0},{"damage":11.0,"enemies":"Cultist and Chosen","floor":27.0,"turns":5.0},{"damage":23.0,"enemies":"Gremlin Leader","floor":29.0,"turns":3.0},{"damage":21.0,"enemies":"Sentry and Sphere","floor":30.0,"turns":5.0},{"damage":24.0,"enemies":"Snake Plant","floor":31.0,"turns":3.0},{"damage":68.0,"enemies":"Champ","floor":33.0,"turns":9.0},{"damage":17.0,"enemies":"Orb Walker","floor":35.0,"turns":5.0},{"damage":24.0,"enemies":"3 Darklings","floor":37.0,"turns":5.0},{"damage":21.0,"enemies":"Nemesis","floor":40.0,"turns":3.0},{"damage":37.0,"enemies":"Maw","floor":45.0,"turns":6.0},{"damage":56,"enemies":"Spire Growth","floor":46,"turns":3}],"seed_played":"-8754939673144980626","potions_obtained":[{"floor":1.0,"key":"FairyPotion"},{"floor":4.0,"key":"Block Potion"},{"floor":10.0,"key":"Fire Potion"},{"floor":12.0,"key":"AttackPotion"},{"floor":18.0,"key":"AttackPotion"},{"floor":19.0,"key":"GamblersBrew"},{"floor":24.0,"key":"Regen Potion"},{"floor":35.0,"key":"BloodPotion"},{"floor":45.0,"key":"Swift Potion"}],"is_trial":false,"path_per_floor":["M","?","M","M","M","E","M","M","T","E","M","M","M","E","R","B",null,"M","?","M","?","?","R","E","?","T","M","$","E","M","M","R","B",null,"M","?","M","$","?","E","?","R","T","?","M","M"],"character_chosen":"IRONCLAD","items_purchased":["Explosive Potion","Explosive Potion","ClockworkSouvenir","True Grit","Warcry","Heavy Blade","SteroidPotion"],"campfire_rested":2,"item_purchase_floors":[28,28,28,28,28,38,38],"current_hp_per_floor":[64,64,68,74,75,61,59,57,57,43,49,48,53,50,50,42,67,63,61,63,63,63,63,45,61,61,77,77,67,59,45,72,32,76,69,59,49,49,49,42,42,69,69,69,48,0],"gold":188,"neow_bonus":"RANDOM_COMMON_RELIC","is_prod":false,"is_daily":false,"chose_seed":false,"campfire_upgraded":2,"win_rate":0,"timestamp":1556954727,"path_taken":["M","?","M","M","?","E","M","M","T","E","M","M","M","E","R","BOSS","M","?","M","?","?","R","E","?","T","M","$","E","M","M","R","BOSS","M","?","M","?","?","E","?","R","T","?","M","M"],"build_version":"2019-01-23","purchased_purges":2,"victory":false,"max_hp_per_floor":[75,75,75,75,75,75,75,75,75,75,75,75,75,75,75,75,75,78,78,81,81,81,81,81,81,81,84,84,87,90,90,90,90,90,90,90,90,90,90,90,90,90,90,90,92,92],"card_choices":[{"not_picked":["Sentinel","Heavy Blade"],"picked":"Pommel Strike","floor":1.0},{"not_picked":["Intimidate","Sentinel"],"picked":"Anger","floor":3.0},{"not_picked":["Sentinel","Wild Strike"],"picked":"True Grit","floor":4.0},{"not_picked":["Cleave","Perfected Strike"],"picked":"Pommel Strike","floor":5.0},{"not_picked":["Pummel","Wild Strike"],"picked":"Headbutt","floor":6.0},{"not_picked":["Thunderclap","Iron Wave"],"picked":"Sword Boomerang","floor":7.0},{"not_picked":["Iron Wave","Flex","Clothesline"],"picked":"SKIP","floor":8.0},{"not_picked":["Entrench","Sword Boomerang","Berserk"],"picked":"SKIP","floor":10.0},{"not_picked":["Uppercut","Headbutt"],"picked":"Metallicize","floor":11.0},{"not_picked":["Pummel","Searing Blow"],"picked":"Shrug It Off","floor":12.0},{"not_picked":["Warcry","Twin Strike","Wild Strike"],"picked":"SKIP","floor":13.0},{"not_picked":["Metallicize","Corruption"],"picked":"Spot Weakness","floor":14.0},{"not_picked":["Offering","Fiend Fire"],"picked":"Feed","floor":16.0},{"not_picked":["Sentinel","Clash"],"picked":"Pummel","floor":18.0},{"not_picked":["Sentinel","Juggernaut"],"picked":"Inflame","floor":20.0},{"not_picked":["Pommel Strike","Exhume","Thunderclap"],"picked":"SKIP","floor":24.0},{"not_picked":["Perfected Strike+1","Body Slam+1","Combust+1"],"picked":"SKIP","floor":29.0},{"not_picked":["Clothesline","Twin Strike+1","Anger"],"picked":"SKIP","floor":30.0},{"not_picked":["Thunderclap","Anger"],"picked":"Disarm","floor":31.0},{"not_picked":["Barricade","Juggernaut"],"picked":"Double Tap","floor":33.0},{"not_picked":["Flex","Cleave+1","Uppercut"],"picked":"SKIP","floor":35.0},{"not_picked":["Magnetism","Jack Of All Trades"],"picked":"Trip","floor":36.0},{"not_picked":["Madness","Good Instincts"],"picked":"Bandage Up","floor":36.0},{"not_picked":["Inflame","Second Wind+1"],"picked":"Shrug It Off+1","floor":37.0},{"not_picked":["Pummel","Carnage","Anger"],"picked":"SKIP","floor":40.0},{"not_picked":["Fire Breathing","Whirlwind","Sword Boomerang"],"picked":"Singing Bowl","floor":45.0}],"player_experience":1285269,"relics_obtained":[{"floor":6.0,"key":"Juzu Bracelet"},{"floor":9.0,"key":"Mercury Hourglass"},{"floor":10.0,"key":"Pen Nib"},{"floor":14.0,"key":"Boot"},{"floor":19.0,"key":"Red Mask"},{"floor":24.0,"key":"Art of War"},{"floor":26.0,"key":"Pantograph"},{"floor":29.0,"key":"Bottled Flame"},{"floor":40.0,"key":"Anchor"},{"floor":43.0,"key":"Singing Bowl"}],"event_choices":[{"damage_healed":0.0,"max_hp_gain":0.0,"max_hp_loss":0.0,"gold_gain":0.0,"event_name":"Upgrade Shrine","player_choice":"Upgraded","floor":2.0,"gold_loss":0.0,"damage_taken":0.0,"cards_upgraded":["Bash"]},{"damage_healed":0.0,"max_hp_gain":0.0,"max_hp_loss":0.0,"gold_gain":0.0,"event_name":"Masked Bandits","player_choice":"Fought Bandits","floor":19.0,"gold_loss":0.0,"damage_taken":0.0},{"damage_healed":0.0,"max_hp_gain":0.0,"max_hp_loss":0.0,"gold_gain":0.0,"event_name":"The Mausoleum","player_choice":"Opened","floor":21.0,"gold_loss":0.0,"damage_taken":0.0,"relics_obtained":["Sundial"],"cards_obtained":["Writhe"]},{"damage_healed":0.0,"max_hp_gain":0.0,"max_hp_loss":0.0,"gold_gain":0.0,"event_name":"Drug Dealer","player_choice":"Inject Mutagens","floor":22.0,"gold_loss":0.0,"damage_taken":0.0,"relics_obtained":["MutagenicStrength"]},{"damage_healed":16.0,"max_hp_gain":0.0,"max_hp_loss":0.0,"gold_gain":0.0,"event_name":"The Library","player_choice":"Heal","floor":25.0,"gold_loss":0.0,"damage_taken":0.0},{"damage_healed":0.0,"max_hp_gain":0.0,"max_hp_loss":0.0,"gold_gain":0.0,"event_name":"SensoryStone","player_choice":"Memory 3","floor":36.0,"gold_loss":0.0,"damage_taken":10.0},{"damage_healed":0.0,"max_hp_gain":0.0,"max_hp_loss":0.0,"gold_gain":0.0,"cards_transformed":["Strike_R"],"event_name":"Transmorgrifier","player_choice":"Transformed","floor":39.0,"gold_loss":0.0,"damage_taken":0.0,"cards_obtained":["Clash"]},{"damage_healed":0.0,"max_hp_gain":0.0,"max_hp_loss":0.0,"gold_gain":0.0,"event_name":"Duplicator","player_choice":"Copied","floor":41.0,"gold_loss":0.0,"damage_taken":0.0,"cards_obtained":["Feed"]},{"cards_removed":["Clash"],"damage_healed":0.0,"max_hp_gain":0.0,"max_hp_loss":0.0,"gold_gain":0.0,"event_name":"Falling","player_choice":"Removed Attack","floor":44.0,"gold_loss":0.0,"damage_taken":0.0}],"is_beta":false,"boss_relics":[{"not_picked":["Lizard Tail","Velvet Choker"],"picked":"Black Blood"},{"not_picked":["Calling Bell","Coffee Dripper"],"picked":"Empty Cage"}],"items_purged_floors":[28,38],"is_endless":false,"potions_floor_spawned":[1,4,5,10,12,14,18,19,24,35,45],"killed_by":"Spire Growth","ascension_level":16}