{"gold_per_floor":[112,112,37,50,67,67,43,55,102,124,136,148,21,35,35,139,139,156,156,107,126,1,31,31,44,71,71],"floor_reached":27,"playtime":1454,"items_purged":["Defend_G","Strike_G","Strike_G"],"score":223,"play_id":"2a05b7f5-3adc-46d7-bc04-f02d4d56176b","local_time":"20190529004931","is_ascension_mode":false,"campfire_choices":[{"data":"Deadly Poison","floor":6,"key":"SMITH"},{"floor":11,"key":"REST"},{"data":"Bouncing Flask","floor":15,"key":"SMITH"},{"floor":24,"key":"REST"}],"neow_cost":"NONE","seed_source_timestamp":8107088976872600,"circlet_count":0,"master_deck":["Defend_G","Defend_G","Defend_G","Defend_G","Strike_G","Strike_G","Strike_G","Survivor","Neutralize","Dagger Spray","Deadly Poison+1","Poisoned Stab","Bane+1","Bouncing Flask+1","Poisoned Stab","Bullet Time","PiercingWail","Deadly Poison","Deadly Poison","Night Terror","Crippling Poison+1"],"relics":["Ring of the Serpent","MawBank","PreservedInsect","Lantern"],"potions_floor_usage":[],"damage_taken":[{"damage":2,"enemies":"Small Slimes","floor":1,"turns":4},{"damage":6,"enemies":"Cultist","floor":4,"turns":4},{"damage":4,"enemies":"Jaw Worm","floor":5,"turns":4},{"damage":9,"enemies":"Exordium Thugs","floor":8,"turns":3},{"damage":15,"enemies":"Large Slime","floor":10,"turns":7},{"damage":3,"enemies":"Red Slaver","floor":14,"turns":3},{"damage":26,"enemies":"The Guardian","floor":16,"turns":7},{"damage":14,"enemies":"2 Thieves","floor":18,"turns":4},{"damage":7,"enemies":"Shell Parasite","floor":21,"turns":4},{"damage":41,"enemies":"Gremlin Leader","floor":23,"turns":7},{"damage":26,"enemies":"Centurion and Healer","floor":25,"turns":6},{"damage":14,"enemies":"Snecko","floor":27,"turns":3}],"seed_played":"-1583953905012572339","potions_obtained":[{"floor":5,"key":"Explosive Potion"},{"floor":8,"key":"Dexterity Potion"},{"floor":14,"key":"Ancient Potion"},{"floor":25,"key":"SteroidPotion"}],"is_trial":false,"path_per_floor":["M","?","$","M","M","R","$","M","T","M","R","?","$","M","R","B",null,"M","?","$","M","$","E","R","M","T","M"],"character_chosen":"THE_SILENT","items_purchased":["Poisoned Stab","Bouncing Flask","Deadly Poison"],"campfire_rested":2,"item_purchase_floors":[7,13,20],"current_hp_per_floor":[75,75,75,69,65,65,65,56,56,41,64,64,64,61,61,35,77,63,63,63,56,56,15,38,12,12,0],"gold":71,"neow_bonus":"TEN_PERCENT_HP_BONUS","is_prod":false,"is_daily":false,"chose_seed":false,"campfire_upgraded":2,"win_rate":0.0,"timestamp":1559105371,"path_taken":["M","?","$","?","M","R","$","M","T","M","R","?","$","M","R","BOSS","M","?","$","M","?","E","R","M","T","M"],"build_version":"2019-01-23","purchased_purges":3,"victory":false,"max_hp_per_floor":[77,77,77,77,77,77,77,77,77,77,77,77,77,77,77,77,77,77,77,77,77,77,77,77,77,77,77],"card_choices":[{"not_picked":["Blade Dance","Acrobatics","Backflip"],"picked":"SKIP","floor":1},{"not_picked":["Malaise","Dagger Throw"],"picked":"Dagger Spray","floor":4},{"not_picked":["Backflip","Flying Knee"],"picked":"Deadly Poison","floor":5},{"not_picked":["Dagger Throw","Prepared","Masterful Stab"],"picked":"SKIP","floor":8},{"not_picked":["Prepared","Tactician"],"picked":"Bane","floor":10},{"not_picked":["Predator","Well Laid Plans"],"picked":"Poisoned Stab","floor":14},{"not_picked":["A Thousand Cuts","Burst"],"picked":"Bullet Time","floor":16},{"not_picked":["Sucker Punch","Dagger Throw+1"],"picked":"PiercingWail","floor":18},{"not_picked":["Dodge and Roll+1","Underhanded Strike"],"picked":"Deadly Poison","floor":21},{"not_picked":["Deflect","Dagger Spray"],"picked":"Night Terror","floor":23},{"not_picked":["PiercingWail","Riddle With Holes"],"picked":"Crippling Poison+1","floor":25}],"player_experience":9544,"relics_obtained":[{"floor":9,"key":"MawBank"},{"floor":23,"key":"PreservedInsect"},{"floor":26,"key":"Lantern"}],"event_choices":[{"damage_healed":0,"gold_gain":0,"player_choice":"Ignored","damage_taken":0,"max_hp_gain":0,"max_hp_loss":0,"event_name":"NoteForYourself","floor":2,"gold_loss":0},{"damage_healed":0,"gold_gain":0,"player_choice":"Ignored","damage_taken":0,"max_hp_gain":0,"max_hp_loss":0,"event_name":"Shining Light","floor":12,"gold_loss":0},{"damage_healed":0,"gold_gain":0,"player_choice":"Upgraded","damage_taken":0,"max_hp_gain":0,"max_hp_loss":0,"event_name":"Upgrade Shrine","floor":19,"gold_loss":0,"cards_upgraded":["Bane"]}],"is_beta":false,"boss_relics":[{"not_picked":["Sozu","Eternal Feather"],"picked":"Ring of the Serpent"}],"items_purged_floors":[3,13,22],"is_endless":false,"potions_floor_spawned":[5,8,14,25],"killed_by":"Snecko","ascension_level":0}