{"gold_per_floor":[111,131,131,50,50,77,89,117,202,230,275,287,31,50,50,149,149,166,166,265,265,279,279,307,307,307,335,335],"floor_reached":28,"playtime":1204,"items_purged":["Strike_G"],"score":381,"play_id":"5d4be7cf-c6a2-41cb-8e80-7f68a436f569","local_time":"20190529122146","is_ascension_mode":true,"campfire_choices":[{"data":"Dagger Spray","floor":7.0,"key":"SMITH"},{"floor":12.0,"key":"REST"},{"data":"Footwork","floor":15.0,"key":"SMITH"},{"data":"Ghostly","floor":23.0,"key":"SMITH"},{"data":"Malaise","floor":25.0,"key":"SMITH"}],"neow_cost":"NONE","seed_source_timestamp":0,"circlet_count":0,"master_deck":["Defend_G","Defend_G","Defend_G","Defend_G","Defend_G","Strike_G","Strike_G","Strike_G","Survivor","Neutralize+1","Backflip","Dagger Spray+1","Heel Hook","Bouncing Flask","Malaise+1","Dagger Spray","Dagger Spray+1","Footwork+1","Glass Knife+1","PiercingWail","Ghostly+1","Ghostly","Ghostly","Ghostly","Ghostly","Deflect"],"special_seed":0,"relics":["Ring of the Snake","Boot","MawBank","Molten Egg 2","Centennial Puzzle","Oddly Smooth Stone","Velvet Choker","Gambling Chip","Ninja Scroll","Frozen Egg 2"],"potions_floor_usage":[],"damage_taken":[{"damage":1.0,"enemies":"Jaw Worm","floor":1.0,"turns":6.0},{"damage":0.0,"enemies":"Cultist","floor":2.0,"turns":4.0},{"damage":26.0,"enemies":"3 Sentries","floor":6.0,"turns":7.0},{"damage":8.0,"enemies":"Small Slimes","floor":8.0,"turns":4.0},{"damage":3.0,"enemies":"3 Louse","floor":10.0,"turns":3.0},{"damage":20.0,"enemies":"Lagavulin","floor":11.0,"turns":8.0},{"damage":0.0,"enemies":"Blue Slaver","floor":14.0,"turns":4.0},{"damage":21.0,"enemies":"Slime Boss","floor":16.0,"turns":6.0},{"damage":6.0,"enemies":"Shell Parasite","floor":18.0,"turns":4.0},{"damage":0.0,"enemies":"3 Byrds","floor":22.0,"turns":5.0},{"damage":8.0,"enemies":"Book of Stabbing","floor":24.0,"turns":9.0},{"damage":2,"enemies":"Slavers","floor":27,"turns":4},{"damage":14,"enemies":"3 Cultists","floor":28,"turns":4}],"seed_played":"-3629607647430746716","potions_obtained":[{"floor":2.0,"key":"Dexterity Potion"},{"floor":11.0,"key":"LiquidBronze"},{"floor":14.0,"key":"FearPotion"},{"floor":16.0,"key":"Ancient Potion"}],"is_trial":false,"path_per_floor":["M","M","?","$","?","E","R","M","T","M","E","R","$","M","R","B",null,"M","?","?","?","M","R","E","R","T","E","M"],"character_chosen":"THE_SILENT","items_purchased":["Bouncing Flask","Footwork","Oddly Smooth Stone"],"campfire_rested":1,"item_purchase_floors":[4,13,13],"current_hp_per_floor":[62,62,62,62,62,36,36,28,28,25,5,26,26,26,26,5,54,48,35,35,35,35,35,27,27,27,25,11],"gold":335,"neow_bonus":"RANDOM_COMMON_RELIC","is_prod":false,"is_daily":false,"chose_seed":false,"campfire_upgraded":4,"win_rate":0,"timestamp":1559125306,"path_taken":["M","M","?","?","?","E","R","M","T","M","E","R","$","M","R","BOSS","M","?","?","?","?","R","E","R","T","E","M"],"build_version":"2019-01-23","purchased_purges":1,"victory":false,"max_hp_per_floor":[70,70,70,70,70,70,70,70,70,70,70,70,70,70,70,70,70,70,75,75,37,37,37,37,37,37,37,37],"card_choices":[{"not_picked":["Deflect","Dodge and Roll"],"picked":"Backflip","floor":1.0},{"not_picked":["Blur","Bane"],"picked":"Dagger Spray","floor":2.0},{"not_picked":["Infinite Blades","Terror"],"picked":"Malaise","floor":6.0},{"not_picked":["Poisoned Stab","Deadly Poison"],"picked":"Dagger Spray","floor":8.0},{"not_picked":["Underhanded Strike+1","Setup","Prepared"],"picked":"SKIP","floor":10.0},{"not_picked":["Flying Knee+1","Underhanded Strike+1"],"picked":"Dagger Spray+1","floor":11.0},{"not_picked":["Dagger Throw+1","Unload+1","Poisoned Stab+1"],"picked":"SKIP","floor":14.0},{"not_picked":["Bullet Time","Burst"],"picked":"Glass Knife+1","floor":16.0},{"not_picked":["Prepared","Choke+1"],"picked":"PiercingWail","floor":18.0},{"not_picked":["Quick Slash+1","Distraction"],"picked":"Deflect","floor":22.0},{"not_picked":["Infinite Blades","Expertise","Riddle With Holes+1"],"picked":"SKIP","floor":24.0},{"not_picked":["Finisher+1","Acrobatics","Flying Knee+1"],"picked":"SKIP","floor":27}],"player_experience":66738,"relics_obtained":[{"floor":6.0,"key":"MawBank"},{"floor":9.0,"key":"Molten Egg 2"},{"floor":11.0,"key":"Centennial Puzzle"},{"floor":24.0,"key":"Gambling Chip"},{"floor":26.0,"key":"Ninja Scroll"},{"floor":27,"key":"Frozen Egg 2"}],"event_choices":[{"damage_healed":0.0,"max_hp_gain":0.0,"max_hp_loss":0.0,"gold_gain":0.0,"cards_transformed":["Strike_G"],"event_name":"Transmorgrifier","player_choice":"Transformed","floor":3.0,"gold_loss":0.0,"damage_taken":0.0,"cards_obtained":["Heel Hook"]},{"damage_healed":0.0,"max_hp_gain":0.0,"max_hp_loss":0.0,"gold_gain":0.0,"event_name":"Living Wall","player_choice":"Grow","floor":5.0,"gold_loss":0.0,"damage_taken":0.0,"cards_upgraded":["Neutralize"]},{"damage_healed":0.0,"max_hp_gain":5.0,"max_hp_loss":0.0,"gold_gain":0.0,"event_name":"Forgotten Altar","player_choice":"Shed Blood","floor":19.0,"gold_loss":0.0,"damage_taken":18.0},{"damage_healed":0.0,"max_hp_gain":0.0,"max_hp_loss":0.0,"gold_gain":99.0,"event_name":"Nest","player_choice":"Stole From Cult","floor":20.0,"gold_loss":0.0,"damage_taken":0.0},{"damage_healed":0.0,"max_hp_gain":0.0,"max_hp_loss":38.0,"gold_gain":0.0,"event_name":"Ghosts","player_choice":"Became a Ghost","floor":21.0,"gold_loss":0.0,"damage_taken":0.0,"cards_obtained":["Ghostly","Ghostly","Ghostly","Ghostly","Ghostly"]}],"is_beta":false,"boss_relics":[{"not_picked":["Black Star","Snecko Eye"],"picked":"Velvet Choker"}],"items_purged_floors":[13],"is_endless":false,"potions_floor_spawned":[2,11,14,16,24],"killed_by":"3 Cultists","ascension_level":7}