{"gold_per_floor":[113,131,281,281,296,296,323,337,363,363],"floor_reached":10,"playtime":503,"items_purged":[],"score":122,"play_id":"d5991d7d-d381-4890-b2f4-8033a88b3b54","local_time":"20190504142703","is_ascension_mode":true,"campfire_choices":[{"data":"Armaments","floor":6,"key":"SMITH"}],"neow_cost":"CURSE","seed_source_timestamp":2866471043344728,"circlet_count":0,"master_deck":["AscendersBane","Strike_R","Strike_R","Strike_R","Strike_R","Strike_R","Defend_R","Defend_R","Defend_R","Defend_R","Bash","Decay","Clothesline","Combust","Doubt","Armaments+1","Pommel Strike","Anger"],"relics":["Burning Blood","Regal Pillow","Vajra","Smiling Mask"],"potions_floor_usage":[10],"damage_taken":[{"damage":18,"enemies":"Small Slimes","floor":1,"turns":4},{"damage":11,"enemies":"Jaw Worm","floor":2,"turns":4},{"damage":10,"enemies":"Cultist","floor":5,"turns":5},{"damage":35,"enemies":"Gremlin Nob","floor":7,"turns":5},{"damage":18,"enemies":"Exordium Wildlife","floor":8,"turns":5},{"damage":33,"enemies":"Lagavulin","floor":10,"turns":7}],"seed_played":"8379452881948791360","potions_obtained":[{"floor":2,"key":"SkillPotion"},{"floor":7,"key":"Fire Potion"}],"is_trial":false,"path_per_floor":["M","M","?","?","M","R","E","M","T","E"],"character_chosen":"IRONCLAD","items_purchased":[],"campfire_rested":0,"item_purchase_floors":[],"current_hp_per_floor":[70,65,65,65,61,61,32,20,20,0],"gold":363,"neow_bonus":"TWENTY_PERCENT_HP_BONUS","is_prod":false,"is_daily":false,"chose_seed":false,"campfire_upgraded":1,"win_rate":0,"timestamp":1556958423,"path_taken":["M","M","?","?","M","R","E","?","T","E"],"build_version":"2019-01-23","purchased_purges":0,"victory":false,"max_hp_per_floor":[89,89,89,89,89,89,89,89,89,89],"card_choices":[{"not_picked":["Rampage","Headbutt"],"picked":"Clothesline","floor":1},{"not_picked":["Clothesline","Clash"],"picked":"Combust","floor":2},{"not_picked":["Wild Strike","Flex"],"picked":"Armaments","floor":5},{"not_picked":["Reckless Charge","Pommel Strike","Anger"],"picked":"SKIP","floor":7},{"not_picked":["Reckless Charge","Anger"],"picked":"Pommel Strike","floor":7},{"not_picked":["Twin Strike","Exhume"],"picked":"Anger","floor":8}],"player_experience":1288580,"relics_obtained":[{"floor":7,"key":"Vajra"},{"floor":9,"key":"Smiling Mask"}],"event_choices":[{"damage_healed":0,"gold_gain":150,"player_choice":"AGREE","damage_taken":0,"max_hp_gain":0,"max_hp_loss":0,"event_name":"Liars Game","floor":3,"gold_loss":0,"cards_obtained":["Doubt"]},{"damage_healed":0,"gold_gain":0,"player_choice":"Gave Potion","damage_taken":0,"relics_obtained":["Regal Pillow"],"max_hp_gain":0,"max_hp_loss":0,"event_name":"WeMeetAgain","floor":4,"gold_loss":0}],"is_beta":false,"boss_relics":[],"items_purged_floors":[],"is_endless":false,"potions_floor_spawned":[2,7],"killed_by":"Lagavulin","ascension_level":16}