{"gold_per_floor":[115,115,190,155,167,200,200,217,242,267,267,277,310,310,310,429,429,444,433,348,348,362,395,395,436,481,481,500,518,518,518,518,618,618,633,633,407,421,433,433,460,480,556,586,598,108,108,141,141,141],"floor_reached":51,"playtime":3368,"items_purged":["Strike_B","Strike_B"],"score":976,"play_id":"4d271e19-6b45-4dde-aeb1-077e2a0cc1ba","local_time":"20190527085729","is_ascension_mode":true,"campfire_choices":[{"floor":7.0,"key":"REST"},{"data":"Zap","floor":11.0,"key":"SMITH"},{"data":"Chaos","floor":15.0,"key":"SMITH"},{"data":"Darkness","floor":27,"key":"SMITH"},{"floor":30,"key":"REST"},{"data":"Capacitor","floor":32,"key":"SMITH"},{"data":"Buffer","floor":40,"key":"SMITH"},{"data":"Creative AI","floor":45,"key":"SMITH"},{"data":"Seek","floor":49,"key":"SMITH"}],"neow_cost":"PERCENT_DAMAGE","seed_source_timestamp":0,"circlet_count":0,"master_deck":["Strike_B","Strike_B+1","Defend_B+1","Defend_B","Defend_B","Defend_B","Zap+1","Dualcast","Self Repair+1","FTL","Genetic Algorithm","Chaos+1","Ball Lightning","Echo Form","White Noise+1","Auto Shields+1","Darkness+1","Conserve Battery","Static Discharge+1","Reinforced Body","Writhe","Capacitor+1","Coolheaded","Seek+1","Genetic Algorithm+1","Electrodynamics","Recycle+1","Buffer+1","Creative AI+1","Doubt","Redo+1","Conserve Battery+1"],"special_seed":0,"relics":["Cracked Core","Torii","Bag of Marbles","Symbiotic Virus","Darkstone Periapt","Bloody Idol","Cursed Key","Pear","Cables","Nloth\u0027s Gift","Potion Belt","Dream Catcher","Inserter","Meat on the Bone","Pantograph","MawBank","Oddly Smooth Stone","Chemical X","DataDisk"],"potions_floor_usage":[22,23,33,35,41,50,50,50],"damage_taken":[{"damage":3.0,"enemies":"Jaw Worm","floor":1.0,"turns":4.0},{"damage":12.0,"enemies":"Small Slimes","floor":5.0,"turns":3.0},{"damage":27.0,"enemies":"Lagavulin","floor":6.0,"turns":9.0},{"damage":1.0,"enemies":"2 Louse","floor":8.0,"turns":3.0},{"damage":22.0,"enemies":"Gremlin Nob","floor":10.0,"turns":4.0},{"damage":1.0,"enemies":"Blue Slaver","floor":12.0,"turns":4.0},{"damage":7.0,"enemies":"Lagavulin","floor":13.0,"turns":6.0},{"damage":10.0,"enemies":"Hexaghost","floor":16.0,"turns":9.0},{"damage":2.0,"enemies":"Chosen","floor":18.0,"turns":5.0},{"damage":12.0,"enemies":"2 Thieves","floor":19.0,"turns":4.0},{"damage":17,"enemies":"3 Cultists","floor":22,"turns":6},{"damage":25,"enemies":"Book of Stabbing","floor":23,"turns":6},{"damage":23,"enemies":"Slavers","floor":25,"turns":5},{"damage":1,"enemies":"Snake Plant","floor":28,"turns":4},{"damage":26,"enemies":"Sentry and Sphere","floor":29,"turns":5},{"damage":42,"enemies":"Collector","floor":33,"turns":10},{"damage":15,"enemies":"3 Shapes","floor":35,"turns":7},{"damage":9,"enemies":"Orb Walker","floor":38,"turns":3},{"damage":1,"enemies":"Maw","floor":39,"turns":10},{"damage":71,"enemies":"Reptomancer","floor":41,"turns":8},{"damage":35,"enemies":"Transient","floor":42,"turns":5},{"damage":8,"enemies":"Nemesis","floor":44,"turns":7},{"damage":13,"enemies":"Giant Head","floor":48,"turns":8},{"damage":90,"enemies":"Awakened One","floor":50,"turns":11}],"seed_played":"545954624045644432","potions_obtained":[{"floor":5.0,"key":"SteroidPotion"},{"floor":6.0,"key":"Energy Potion"},{"floor":10.0,"key":"PowerPotion"},{"floor":12.0,"key":"Explosive Potion"},{"floor":13.0,"key":"GamblersBrew"},{"floor":22,"key":"EssenceOfSteel"},{"floor":28,"key":"SteroidPotion"},{"floor":29,"key":"LiquidBronze"},{"floor":33,"key":"Dexterity Potion"},{"floor":35,"key":"SteroidPotion"},{"floor":39,"key":"Poison Potion"},{"floor":42,"key":"Ancient Potion"}],"is_trial":false,"path_per_floor":["M","?","?","?","M","E","R","M","T","E","R","M","E","?","R","B",null,"M","M","?","?","M","E","?","E","T","R","M","M","R","?","R","B",null,"M","?","$","M","M","R","E","M","T","E","R","$","?","E","R","B",null],"character_chosen":"DEFECT","items_purchased":["Electrodynamics","Oddly Smooth Stone","Chemical X","SpeedPotion"],"campfire_rested":2,"item_purchase_floors":[37,46,46,46],"current_hp_per_floor":[51,36,25,43,38,18,40,46,46,31,31,37,44,44,44,41,62,69,69,79,79,69,58,58,49,55,55,54,42,67,67,67,37,73,77,77,77,73,85,85,39,21,32,61,66,71,71,83,83,23],"gold":141,"neow_bonus":"ONE_RARE_RELIC","is_prod":false,"is_daily":false,"chose_seed":false,"campfire_upgraded":7,"win_rate":0,"timestamp":1558940249,"path_taken":["M","?","?","?","M","E","R","M","T","E","R","?","E","?","R","BOSS","M","M","?","?","M","E","?","E","T","R","M","?","R","?","R","BOSS","M","?","$","M","M","R","E","M","T","E","R","?","?","E","R","BOSS"],"build_version":"2019-01-23","purchased_purges":2,"victory":true,"max_hp_per_floor":[75,75,75,75,75,75,75,75,75,75,75,75,75,69,69,69,69,69,69,79,79,79,79,79,79,85,85,85,85,85,85,85,85,85,85,85,85,85,85,85,85,85,91,91,91,91,91,91,91,91],"card_choices":[{"not_picked":["Ball Lightning","Static Discharge"],"picked":"Self Repair","floor":1.0},{"not_picked":["Stack","Steam","Tempest"],"picked":"SKIP","floor":5.0},{"not_picked":["Undo","Sweeping Beam"],"picked":"FTL","floor":6.0},{"not_picked":["Hello World","Beam Cell","Barrage"],"picked":"SKIP","floor":8.0},{"not_picked":["Tempest","Redo"],"picked":"Genetic Algorithm","floor":10.0},{"not_picked":["Tempest","Stack"],"picked":"Chaos","floor":12.0},{"not_picked":["Blizzard","Sweeping Beam"],"picked":"Ball Lightning","floor":13.0},{"not_picked":["Meteor Strike","Hyperbeam"],"picked":"Echo Form","floor":16.0},{"not_picked":["Stack","Darkness"],"picked":"White Noise+1","floor":18.0},{"not_picked":["Hologram","Skim"],"picked":"Auto Shields+1","floor":19.0},{"not_picked":["Steam","Lockon"],"picked":"Conserve Battery","floor":22},{"not_picked":["Go for the Eyes","Compile Driver"],"picked":"Static Discharge+1","floor":23},{"not_picked":["Turbo+1","Stack"],"picked":"Reinforced Body","floor":25},{"not_picked":["Gash","Sweeping Beam"],"picked":"Go for the Eyes+1","floor":28},{"not_picked":["Core Surge","Auto Shields+1"],"picked":"Capacitor","floor":29},{"not_picked":["Doom and Gloom","Redo+1"],"picked":"Coolheaded","floor":30},{"not_picked":["Electrodynamics","Fission"],"picked":"Seek","floor":33},{"not_picked":["Static Discharge","Leap"],"picked":"Genetic Algorithm+1","floor":35},{"not_picked":["Go for the Eyes","Cold Snap+1"],"picked":"Recycle+1","floor":38},{"not_picked":["Rainbow","Sweeping Beam"],"picked":"Buffer","floor":39},{"not_picked":["Sweeping Beam+1","All For One"],"picked":"Creative AI","floor":41},{"not_picked":["Steam+1","Sunder","Turbo"],"picked":"SKIP","floor":42},{"not_picked":["Steam+1","Sunder","Turbo"],"picked":"SKIP","floor":42},{"not_picked":["Beam Cell","Rainbow"],"picked":"Redo+1","floor":44},{"not_picked":["Sweeping Beam+1","Streamline+1"],"picked":"Conserve Battery+1","floor":48}],"player_experience":39036,"relics_obtained":[{"floor":6.0,"key":"Orichalcum"},{"floor":9.0,"key":"Bag of Marbles"},{"floor":10.0,"key":"Symbiotic Virus"},{"floor":13.0,"key":"Darkstone Periapt"},{"floor":23,"key":"Cables"},{"floor":25,"key":"Potion Belt"},{"floor":26,"key":"Dream Catcher"},{"floor":41,"key":"Meat on the Bone"},{"floor":43,"key":"Pantograph"},{"floor":44,"key":"MawBank"},{"floor":48,"key":"DataDisk"}],"event_choices":[{"damage_healed":0.0,"max_hp_gain":0.0,"max_hp_loss":0.0,"gold_gain":0.0,"event_name":"Shining Light","player_choice":"Entered Light","floor":2.0,"gold_loss":0.0,"damage_taken":15.0,"cards_upgraded":["Strike_B","Defend_B"]},{"damage_healed":0.0,"max_hp_gain":0.0,"max_hp_loss":0.0,"gold_gain":75.0,"event_name":"World of Goop","player_choice":"Gather Gold","floor":3.0,"gold_loss":0.0,"damage_taken":11.0},{"damage_healed":18.0,"max_hp_gain":0.0,"max_hp_loss":0.0,"gold_gain":0.0,"event_name":"The Cleric","player_choice":"Healed","floor":4.0,"gold_loss":35.0,"damage_taken":0.0},{"damage_healed":0.0,"max_hp_gain":0.0,"max_hp_loss":6.0,"gold_gain":0.0,"event_name":"Golden Idol","player_choice":"Lose Max HP","floor":14.0,"gold_loss":0.0,"damage_taken":0.0,"relics_obtained":["Golden Idol"]},{"damage_healed":0.0,"max_hp_gain":0.0,"max_hp_loss":0.0,"gold_gain":0.0,"event_name":"Addict","player_choice":"Obtained Relic","floor":20.0,"gold_loss":85.0,"damage_taken":0.0,"relics_obtained":["Pear"]},{"damage_healed":0.0,"max_hp_gain":0.0,"max_hp_loss":0.0,"gold_gain":0.0,"event_name":"The Library","player_choice":"Read","floor":21.0,"gold_loss":0.0,"damage_taken":0.0,"cards_obtained":["Darkness"]},{"damage_healed":0,"gold_gain":0,"player_choice":"Traded Relic","damage_taken":0,"relics_obtained":["Nloth\u0027s Gift"],"max_hp_gain":0,"max_hp_loss":0,"event_name":"N\u0027loth","floor":24,"relics_lost":["Orichalcum"],"gold_loss":0},{"damage_healed":0,"gold_gain":0,"player_choice":"Gave Idol","damage_taken":0,"relics_obtained":["Bloody Idol"],"max_hp_gain":0,"max_hp_loss":0,"event_name":"Forgotten Altar","floor":31,"relics_lost":["Golden Idol"],"gold_loss":0},{"damage_healed":0,"gold_gain":0,"player_choice":"Upgraded","damage_taken":0,"max_hp_gain":0,"max_hp_loss":0,"event_name":"Upgrade Shrine","floor":36,"gold_loss":0,"cards_upgraded":["Self Repair"]},{"cards_removed":["Go for the Eyes"],"damage_healed":0,"gold_gain":0,"player_choice":"Removed Attack","damage_taken":0,"max_hp_gain":0,"max_hp_loss":0,"event_name":"Falling","floor":47,"gold_loss":0}],"is_beta":false,"boss_relics":[{"not_picked":["Ectoplasm","Nuclear Battery"],"picked":"Cursed Key"},{"not_picked":["Orrery","Velvet Choker"],"picked":"Inserter"}],"items_purged_floors":[37,46],"is_endless":false,"potions_floor_spawned":[5,6,10,12,13,19,22,28,29,33,35,39,42],"ascension_level":5}