{"gold_per_floor":[110,126,226,27,43,43,102,122,145,145,160,160,160,186,186,287,287,287,287,61,0,0,0,0,0,0,0,0,0,0,0,0,0,0,0,0,0,0,0,0,0,0,0,0,0,0,0,0,0,0],"floor_reached":51,"playtime":2798,"items_purged":["Strike_B"],"score":816,"play_id":"92f2ae27-83b0-435a-ac30-49e8eac6adda","local_time":"20190525180503","is_ascension_mode":true,"campfire_choices":[{"data":"Coolheaded","floor":6,"key":"SMITH"},{"data":"Genetic Algorithm","floor":10,"key":"SMITH"},{"floor":15,"key":"REST"},{"data":"Redo","floor":24,"key":"SMITH"},{"data":"Rainbow","floor":27,"key":"SMITH"},{"floor":30,"key":"REST"},{"floor":32,"key":"REST"},{"floor":42,"key":"REST"},{"floor":46,"key":"REST"},{"data":"Capacitor","floor":49,"key":"SMITH"}],"neow_cost":"NONE","seed_source_timestamp":355455206479500,"circlet_count":0,"master_deck":["Strike_B+1","Strike_B+1","Strike_B+1","Defend_B+1","Defend_B+1","Defend_B+1","Defend_B+1","Zap+1","Dualcast","Capacitor+1","Capacitor","Coolheaded+1","Genetic Algorithm+1","FTL","Consume+1","FTL","Rainbow+1","Compile Driver+1","Conserve Battery+1","Redo+1","Cold Snap","Hologram+1","Echo Form","Redo+1","Coolheaded","Loop+1","Multi-Cast","Self Repair","Clumsy","Force Field","Barrage","Trip"],"relics":["Cracked Core","Bronze Scales","Tiny Chest","Juzu Bracelet","Bag of Preparation","Ectoplasm","Oddly Smooth Stone","Kunai","Question Card","Happy Flower","Pocketwatch","Cursed Key","PreservedInsect","Boot","Nunchaku"],"potions_floor_usage":[7,31,31,31,33,45,50],"damage_taken":[{"damage":6,"enemies":"Cultist","floor":1,"turns":3},{"damage":0,"enemies":"2 Louse","floor":2,"turns":2},{"damage":1,"enemies":"Small Slimes","floor":5,"turns":4},{"damage":26,"enemies":"3 Sentries","floor":7,"turns":9},{"damage":2,"enemies":"2 Fungi Beasts","floor":8,"turns":4},{"damage":1,"enemies":"3 Louse","floor":11,"turns":3},{"damage":35,"enemies":"Gremlin Nob","floor":14,"turns":4},{"damage":10,"enemies":"The Guardian","floor":16,"turns":8},{"damage":0,"enemies":"Spheric Guardian","floor":18,"turns":4},{"damage":31,"enemies":"Colosseum Slavers","floor":19,"turns":6},{"damage":12,"enemies":"2 Thieves","floor":21,"turns":4},{"damage":2,"enemies":"Book of Stabbing","floor":23,"turns":5},{"damage":14,"enemies":"Cultist and Chosen","floor":29,"turns":7},{"damage":0,"enemies":"Slavers","floor":31,"turns":5},{"damage":7,"enemies":"Champ","floor":33,"turns":11},{"damage":0,"enemies":"3 Shapes","floor":35,"turns":5},{"damage":0,"enemies":"Orb Walker","floor":36,"turns":3},{"damage":0,"enemies":"4 Shapes","floor":38,"turns":5},{"damage":21,"enemies":"3 Darklings","floor":39,"turns":7},{"damage":1,"enemies":"Reptomancer","floor":40,"turns":10},{"damage":12,"enemies":"Writhing Mass","floor":41,"turns":7},{"damage":13,"enemies":"Jaw Worm Horde","floor":44,"turns":5},{"damage":32,"enemies":"Nemesis","floor":45,"turns":7},{"damage":16,"enemies":"Time Eater","floor":50,"turns":19}],"seed_played":"4640319757785088446","potions_obtained":[{"floor":2,"key":"SpeedPotion"},{"floor":8,"key":"Strength Potion"},{"floor":16,"key":"SteroidPotion"},{"floor":29,"key":"EntropicBrew"},{"floor":31,"key":"Weak Potion"},{"floor":33,"key":"SkillPotion"},{"floor":35,"key":"SkillPotion"},{"floor":38,"key":"Fire Potion"}],"is_trial":false,"path_per_floor":["M","M","?","$","M","R","E","M","T","R","M","?","?","E","R","B",null,"M","?","$","M","?","E","R","T","T","R","?","M","R","E","R","B",null,"M","M","?","M","M","E","M","R","T","M","E","R","?","$","R","B",null],"character_chosen":"DEFECT","items_purchased":["Bronze Scales","Coolheaded","Oddly Smooth Stone"],"campfire_rested":5,"item_purchase_floors":[4,4,20],"current_hp_per_floor":[69,69,69,69,68,68,42,40,40,40,39,39,39,4,26,16,75,75,44,44,32,32,30,30,30,30,30,30,16,38,38,60,53,75,75,75,75,75,54,53,41,63,63,50,32,54,54,54,54,45],"gold":0,"neow_bonus":"UPGRADE_CARD","is_prod":false,"is_daily":false,"chose_seed":false,"campfire_upgraded":5,"win_rate":1,"timestamp":1558800303,"path_taken":["M","?","?","$","M","R","E","M","T","R","M","?","?","E","R","BOSS","M","?","$","M","?","E","R","?","T","R","?","M","R","E","R","BOSS","M","M","?","M","M","E","M","R","T","M","E","R","?","$","R","BOSS"],"build_version":"2019-01-23","purchased_purges":1,"victory":true,"max_hp_per_floor":[75,75,75,75,75,75,75,75,75,75,75,75,75,75,75,75,75,75,75,75,75,75,75,75,75,75,75,75,75,75,75,75,75,75,75,75,75,75,75,75,75,75,75,75,75,75,75,75,75,75],"card_choices":[{"not_picked":["Conserve Battery","Beam Cell"],"picked":"Capacitor","floor":1},{"not_picked":["Conserve Battery","Go for the Eyes"],"picked":"Capacitor","floor":2},{"not_picked":["Heatsinks","Go for the Eyes"],"picked":"Genetic Algorithm","floor":5},{"not_picked":["Beam Cell","Reboot"],"picked":"FTL","floor":7},{"not_picked":["Scrape","Hologram","Fusion"],"picked":"SKIP","floor":8},{"not_picked":["Rip and Tear","Sweeping Beam"],"picked":"Consume","floor":11},{"not_picked":["Steam","Force Field"],"picked":"FTL","floor":14},{"not_picked":["Multi-Cast","Creative AI"],"picked":"Rainbow","floor":16},{"not_picked":["Hello World","Stack+1"],"picked":"Compile Driver+1","floor":18},{"not_picked":["Beam Cell","Ball Lightning"],"picked":"Conserve Battery+1","floor":21},{"not_picked":["Hologram","Capacitor+1"],"picked":"Redo","floor":23},{"not_picked":["Gash","Tempest","Heatsinks+1"],"picked":"Cold Snap","floor":29},{"not_picked":["Amplify","Compile Driver","FTL"],"picked":"Hologram+1","floor":31},{"not_picked":["Buffer","Biased Cognition","Fission"],"picked":"Echo Form","floor":33},{"not_picked":["Skim","Melter+1","Rebound+1"],"picked":"Redo+1","floor":35},{"not_picked":["Chill+1","Compile Driver+1","Redo"],"picked":"Coolheaded","floor":36},{"not_picked":["Consume+1","Skim+1","Gash","Storm+1"],"picked":"SKIP","floor":38},{"not_picked":["Streamline+1","Ball Lightning+1","Beam Cell+1"],"picked":"Loop+1","floor":39},{"not_picked":["Sweeping Beam+1","Rip and Tear","Stack+1"],"picked":"Multi-Cast","floor":40},{"not_picked":["Hologram","Go for the Eyes+1","Reprogram+1"],"picked":"Self Repair","floor":41},{"not_picked":["Lockon","Reprogram","Streamline+1"],"picked":"Force Field","floor":44},{"not_picked":["Steam Power+1","Beam Cell+1","Ball Lightning"],"picked":"Barrage","floor":45},{"not_picked":["Deep Breath","PanicButton","Impatience"],"picked":"Trip","floor":47}],"player_experience":12908,"relics_obtained":[{"floor":7,"key":"Tiny Chest"},{"floor":9,"key":"Juzu Bracelet"},{"floor":14,"key":"Bag of Preparation"},{"floor":23,"key":"Kunai"},{"floor":25,"key":"Question Card"},{"floor":26,"key":"Happy Flower"},{"floor":31,"key":"Pocketwatch"},{"floor":40,"key":"PreservedInsect"},{"floor":43,"key":"Boot"},{"floor":45,"key":"Nunchaku"}],"event_choices":[{"damage_healed":0,"gold_gain":100,"player_choice":"Gold","damage_taken":0,"max_hp_gain":0,"max_hp_loss":0,"event_name":"Wheel of Change","floor":3,"gold_loss":0},{"damage_healed":0,"gold_gain":0,"player_choice":"Ignored","damage_taken":0,"max_hp_gain":0,"max_hp_loss":0,"event_name":"Shining Light","floor":12,"gold_loss":0},{"damage_healed":0,"gold_gain":0,"player_choice":"Grow","damage_taken":0,"max_hp_gain":0,"max_hp_loss":0,"event_name":"Living Wall","floor":13,"gold_loss":0,"cards_upgraded":["Consume"]},{"damage_healed":0,"gold_gain":0,"player_choice":"Fight","damage_taken":0,"max_hp_gain":0,"max_hp_loss":0,"event_name":"Colosseum","floor":19,"gold_loss":0},{"damage_healed":0,"gold_gain":0,"player_choice":"Fled From Nobs","damage_taken":0,"max_hp_gain":0,"max_hp_loss":0,"event_name":"Colosseum","floor":19,"gold_loss":0},{"damage_healed":0,"gold_gain":0,"player_choice":"Simplicity","damage_taken":0,"max_hp_gain":0,"max_hp_loss":0,"event_name":"Back to Basics","floor":28,"gold_loss":0,"cards_upgraded":["Strike_B","Strike_B","Strike_B","Defend_B","Defend_B","Defend_B","Defend_B"]},{"damage_healed":0,"gold_gain":0,"player_choice":"Got Potions","damage_taken":0,"max_hp_gain":0,"max_hp_loss":0,"event_name":"Lab","floor":37,"gold_loss":0},{"damage_healed":0,"gold_gain":0,"player_choice":"Memory 1","damage_taken":0,"max_hp_gain":0,"max_hp_loss":0,"event_name":"SensoryStone","floor":47,"gold_loss":0}],"is_beta":false,"boss_relics":[{"not_picked":["Nuclear Battery","Coffee Dripper"],"picked":"Ectoplasm"},{"not_picked":["Lizard Tail","White Beast Statue"],"picked":"Cursed Key"}],"items_purged_floors":[20],"is_endless":false,"potions_floor_spawned":[2,8,16,29,31,33,35,36,38,41],"ascension_level":1}