{"gold_per_floor":[116,266,283,283,6,6,6,38,93,93,107,107,119,133,133,210,210,223,223,238,255,255,255],"floor_reached":23,"playtime":1017,"items_purged":["Doubt"],"score":378,"play_id":"1e58740c-f6de-4a47-bef3-79ac6f2f7e8b","local_time":"20190527141155","is_ascension_mode":true,"campfire_choices":[{"data":"Dagger Spray","floor":7,"key":"SMITH"},{"data":"Leg Sweep","floor":12,"key":"SMITH"},{"data":"Noxious Fumes","floor":15,"key":"SMITH"}],"neow_cost":"NONE","seed_source_timestamp":4852263451621472,"circlet_count":0,"master_deck":["AscendersBane","Defend_G","Defend_G","Defend_G","Defend_G","Defend_G","Strike_G","Strike_G","Strike_G","Strike_G","Strike_G","Survivor","Neutralize+1","Dagger Spray+1","Flying Knee","Noxious Fumes+1","Leg Sweep+1","Poisoned Stab","Cloak And Dagger","Deflect","Ghostly","Ghostly","Ghostly","Calculated Gamble","Well Laid Plans","Shame"],"relics":["Ring of the Snake","NeowsBlessing","Blood Vial","Strawberry","Anchor","Black Star","Bag of Preparation"],"potions_floor_usage":[18,23],"damage_taken":[{"damage":0,"enemies":"2 Louse","floor":1,"turns":1},{"damage":0,"enemies":"Small Slimes","floor":3,"turns":1},{"damage":0,"enemies":"Lagavulin","floor":8,"turns":1},{"damage":2,"enemies":"Jaw Worm","floor":11,"turns":4},{"damage":0,"enemies":"2 Fungi Beasts","floor":13,"turns":3},{"damage":7,"enemies":"Large Slime","floor":14,"turns":7},{"damage":13,"enemies":"The Guardian","floor":16,"turns":13},{"damage":3,"enemies":"Chosen","floor":18,"turns":8},{"damage":5,"enemies":"Shell Parasite","floor":20,"turns":7},{"damage":5,"enemies":"Sentry and Sphere","floor":21,"turns":7},{"damage":33,"enemies":"Book of Stabbing","floor":23,"turns":7}],"seed_played":"8129300062128825593","potions_obtained":[{"floor":1,"key":"Fire Potion"},{"floor":8,"key":"SkillPotion"},{"floor":16,"key":"EssenceOfSteel"},{"floor":20,"key":"Poison Potion"}],"is_trial":false,"path_per_floor":["M","?","M","?","$","?","R","E","T","?","M","R","M","M","R","B",null,"M","?","M","M","?","E"],"character_chosen":"THE_SILENT","items_purchased":["Noxious Fumes","Leg Sweep","Poisoned Stab"],"campfire_rested":0,"item_purchase_floors":[5,5,5],"current_hp_per_floor":[59,59,59,54,54,59,59,68,68,68,68,68,70,65,65,54,72,71,39,34,31,31,0],"gold":255,"neow_bonus":"THREE_ENEMY_KILL","is_prod":false,"is_daily":false,"chose_seed":false,"campfire_upgraded":3,"win_rate":0,"timestamp":1558944715,"path_taken":["M","?","M","?","$","?","R","E","T","?","M","R","M","M","R","BOSS","M","?","M","M","?","E"],"build_version":"2019-01-23","purchased_purges":1,"victory":false,"max_hp_per_floor":[66,66,66,66,66,71,71,78,78,78,78,78,78,78,78,78,78,78,39,39,39,39,39],"card_choices":[{"not_picked":["Prepared","Backstab"],"picked":"Dagger Spray","floor":1},{"not_picked":["Backflip","Prepared"],"picked":"Flying Knee","floor":3},{"not_picked":["Dodge and Roll","Die Die Die","Deadly Poison"],"picked":"SKIP","floor":8},{"not_picked":["Riddle With Holes","Backstab"],"picked":"Cloak And Dagger","floor":11},{"not_picked":["Quick Slash","Dagger Throw","Sucker Punch"],"picked":"SKIP","floor":13},{"not_picked":["Sucker Punch","Quick Slash"],"picked":"Deflect","floor":14},{"not_picked":["Deadly Poison","Outmaneuver","Skewer"],"picked":"SKIP","floor":18},{"not_picked":["Quick Slash","Deadly Poison"],"picked":"Calculated Gamble","floor":20},{"not_picked":["Expertise","Sucker Punch"],"picked":"Well Laid Plans","floor":21}],"player_experience":1396509,"relics_obtained":[{"floor":8,"key":"Strawberry"},{"floor":9,"key":"Anchor"}],"event_choices":[{"damage_healed":0,"gold_gain":150,"player_choice":"AGREE","damage_taken":0,"max_hp_gain":0,"max_hp_loss":0,"event_name":"Liars Game","floor":2,"gold_loss":0,"cards_obtained":["Doubt"]},{"damage_healed":0,"gold_gain":0,"player_choice":"Success","damage_taken":5,"relics_obtained":["Blood Vial"],"max_hp_gain":0,"max_hp_loss":0,"event_name":"Scrap Ooze","floor":4,"gold_loss":0},{"damage_healed":0,"gold_gain":0,"player_choice":"Donut","damage_taken":0,"max_hp_gain":5,"max_hp_loss":0,"event_name":"Big Fish","floor":6,"gold_loss":0},{"damage_healed":0,"gold_gain":0,"player_choice":"Grow","damage_taken":0,"max_hp_gain":0,"max_hp_loss":0,"event_name":"Living Wall","floor":10,"gold_loss":0,"cards_upgraded":["Neutralize"]},{"damage_healed":0,"gold_gain":0,"player_choice":"Became a Ghost","damage_taken":0,"max_hp_gain":0,"max_hp_loss":39,"event_name":"Ghosts","floor":19,"gold_loss":0,"cards_obtained":["Ghostly","Ghostly","Ghostly"]},{"damage_healed":0,"gold_gain":0,"player_choice":"Stole Relic","damage_taken":0,"relics_obtained":["Bag of Preparation"],"max_hp_gain":0,"max_hp_loss":0,"event_name":"Addict","floor":22,"gold_loss":0,"cards_obtained":["Shame"]}],"is_beta":false,"boss_relics":[{"not_picked":["Snecko Eye","Runic Dome"],"picked":"Black Star"}],"items_purged_floors":[5],"is_endless":false,"potions_floor_spawned":[1,8,14,16,20,21],"killed_by":"Book of Stabbing","ascension_level":15}