{"gold_per_floor":[112,165,37,37,56,89,89,155,155,155,176,194,144,158,158,281,281,299,320,139,154,173,211,211],"floor_reached":24,"playtime":1003,"items_purged":["Strike_R","Strike_R"],"score":251,"play_id":"141b4cc8-5dff-49a8-99b2-7113a2d51df4","local_time":"20190525190028","is_ascension_mode":true,"campfire_choices":[{"data":"Battle Trance","floor":7.0,"key":"SMITH"},{"data":"Metallicize","floor":10.0,"key":"SMITH"},{"data":"Twin Strike","floor":15.0,"key":"SMITH"}],"neow_cost":"NONE","seed_source_timestamp":0,"circlet_count":0,"master_deck":["Strike_R","Strike_R","Defend_R","Defend_R","Defend_R","Defend_R","Bash+1","Twin Strike+1","Sword Boomerang","Sword Boomerang","Battle Trance+1","Metallicize+1","Shockwave+1","Shrug It Off+1","Juggernaut","Evolve","Warcry+1","Ghostly Armor+1","Burning Pact+1","Corruption+1","True Grit+1"],"special_seed":0,"relics":["Burning Blood","Golden Idol","Regal Pillow","Tiny Chest","Toxic Egg 2","Mark of Pain","Oddly Smooth Stone"],"potions_floor_usage":[22,23,23],"damage_taken":[{"damage":0.0,"enemies":"2 Louse","floor":1.0,"turns":3.0},{"damage":0.0,"enemies":"Small Slimes","floor":5.0,"turns":2.0},{"damage":14.0,"enemies":"Gremlin Nob","floor":6.0,"turns":3.0},{"damage":36.0,"enemies":"Lagavulin","floor":8.0,"turns":4.0},{"damage":6.0,"enemies":"Jaw Worm","floor":11.0,"turns":5.0},{"damage":0.0,"enemies":"2 Fungi Beasts","floor":12.0,"turns":4.0},{"damage":4.0,"enemies":"Blue Slaver","floor":14.0,"turns":4.0},{"damage":4.0,"enemies":"The Guardian","floor":16.0,"turns":16.0},{"damage":17.0,"enemies":"2 Thieves","floor":18.0,"turns":4.0},{"damage":13.0,"enemies":"Spheric Guardian","floor":19.0,"turns":4.0},{"damage":33.0,"enemies":"Cultist and Chosen","floor":21.0,"turns":8.0},{"damage":5,"enemies":"Shelled Parasite and Fungi","floor":22,"turns":9},{"damage":27,"enemies":"Slavers","floor":23,"turns":5},{"damage":0,"enemies":"Chosen and Byrds","floor":24,"turns":5}],"seed_played":"2836591932785657535","potions_obtained":[{"floor":5.0,"key":"SkillPotion"},{"floor":12.0,"key":"Explosive Potion"},{"floor":14.0,"key":"LiquidBronze"},{"floor":16.0,"key":"Swift Potion"},{"floor":18.0,"key":"SpeedPotion"},{"floor":19.0,"key":"PowerPotion"},{"floor":22,"key":"Swift Potion"},{"floor":23,"key":"PowerPotion"}],"is_trial":false,"path_per_floor":["M","?","$","?","M","E","R","E","T","R","M","M","?","M","R","B",null,"M","M","$","M","M","E","M"],"character_chosen":"IRONCLAD","items_purchased":["Sword Boomerang","Ghostly Armor+1"],"campfire_rested":0,"item_purchase_floors":[3,20],"current_hp_per_floor":[80,80,80,74,74,66,66,36,36,36,36,42,42,44,44,46,74,63,56,56,29,30,9,9],"gold":211,"neow_bonus":"UPGRADE_CARD","is_prod":false,"is_daily":false,"chose_seed":false,"campfire_upgraded":3,"win_rate":1,"timestamp":1558803628,"path_taken":["M","?","$","?","M","E","R","E","T","R","M","?","?","M","R","BOSS","M","M","$","M","M","E","M"],"build_version":"2019-01-23","purchased_purges":2,"victory":false,"max_hp_per_floor":[80,80,80,74,74,74,74,74,74,74,74,74,74,74,74,74,74,74,74,74,74,74,74,74],"card_choices":[{"not_picked":["Second Wind","Warcry"],"picked":"Twin Strike","floor":1.0},{"not_picked":["Rage","Iron Wave"],"picked":"Sword Boomerang","floor":5.0},{"not_picked":["Pommel Strike","Power Through"],"picked":"Battle Trance","floor":6.0},{"not_picked":["Reckless Charge","Uppercut"],"picked":"Metallicize","floor":8.0},{"not_picked":["Bloodletting+1","Warcry+1"],"picked":"Shockwave+1","floor":11.0},{"not_picked":["Shockwave+1","Combust"],"picked":"Shrug It Off+1","floor":12.0},{"not_picked":["Headbutt","Entrench+1","Pommel Strike"],"picked":"SKIP","floor":14.0},{"not_picked":["Double Tap+1","Barricade"],"picked":"Juggernaut","floor":16.0},{"not_picked":["Infernal Blade+1","Perfected Strike"],"picked":"Evolve","floor":18.0},{"not_picked":["Whirlwind","Second Wind+1"],"picked":"Warcry+1","floor":19.0},{"not_picked":["Flex+1","Limit Break+1"],"picked":"Burning Pact+1","floor":21.0},{"not_picked":["Flex+1","True Grit+1"],"picked":"Corruption+1","floor":22},{"not_picked":["Seeing Red+1","Sever Soul"],"picked":"True Grit+1","floor":23}],"player_experience":15706,"relics_obtained":[{"floor":6.0,"key":"Regal Pillow"},{"floor":8.0,"key":"Tiny Chest"},{"floor":9.0,"key":"Toxic Egg 2"},{"floor":23,"key":"Oddly Smooth Stone"}],"event_choices":[{"damage_healed":0.0,"max_hp_gain":0.0,"max_hp_loss":0.0,"gold_gain":53.0,"event_name":"Golden Wing","player_choice":"Gained Gold","floor":2.0,"gold_loss":0.0,"damage_taken":0.0},{"damage_healed":0.0,"max_hp_gain":0.0,"max_hp_loss":6.0,"gold_gain":0.0,"event_name":"Golden Idol","player_choice":"Lose Max HP","floor":4.0,"gold_loss":0.0,"damage_taken":0.0,"relics_obtained":["Golden Idol"]},{"cards_removed":["Strike_R"],"damage_healed":0.0,"max_hp_gain":0.0,"max_hp_loss":0.0,"gold_gain":0.0,"event_name":"The Cleric","player_choice":"Card Removal","floor":13.0,"gold_loss":50.0,"damage_taken":0.0}],"is_beta":false,"boss_relics":[{"not_picked":["Orrery","Astrolabe"],"picked":"Mark of Pain"}],"items_purged_floors":[3,20],"is_endless":false,"potions_floor_spawned":[5,12,14,16,18,19,22,23],"killed_by":"Chosen and Byrds","ascension_level":2}