{"gold_per_floor":[113,113,113,113,124,152,171,197,197,222,222,222,233,249,249,249],"floor_reached":16,"playtime":538,"items_purged":[],"score":290,"play_id":"cb065045-4d62-463b-9055-72b3b19103d9","local_time":"20190514132626","is_ascension_mode":true,"campfire_choices":[{"floor":12,"key":"REST"},{"floor":15,"key":"REST"}],"neow_cost":"NONE","seed_source_timestamp":3726808238986157,"circlet_count":0,"master_deck":["AscendersBane","Strike_B","Strike_B","Strike_B","Defend_B","Defend_B","Defend_B","Zap","Dualcast","Storm","Beam Cell","Defragment","Cold Snap","Coolheaded","Loop+1","Heatsinks+1","Coolheaded","Reinforced Body"],"relics":["Cracked Core","NeowsBlessing","Ancient Tea Set","Frozen Egg 2","The Courier","Vajra"],"potions_floor_usage":[10,10,16],"damage_taken":[{"damage":0,"enemies":"Cultist","floor":1,"turns":1},{"damage":0,"enemies":"Jaw Worm","floor":5,"turns":1},{"damage":0,"enemies":"3 Sentries","floor":6,"turns":1},{"damage":10,"enemies":"Small Slimes","floor":7,"turns":3},{"damage":17,"enemies":"Lagavulin","floor":8,"turns":7},{"damage":23,"enemies":"Gremlin Nob","floor":10,"turns":4},{"damage":17,"enemies":"Exordium Wildlife","floor":13,"turns":5},{"damage":12,"enemies":"Red Slaver","floor":14,"turns":4},{"damage":32,"enemies":"Hexaghost","floor":16,"turns":9}],"seed_played":"7479251756354623860","potions_obtained":[{"floor":5,"key":"Strength Potion"},{"floor":7,"key":"LiquidBronze"},{"floor":13,"key":"EssenceOfSteel"}],"is_trial":false,"path_per_floor":["M","?","?","?","M","E","M","E","T","E","?","R","M","M","R","B"],"character_chosen":"DEFECT","items_purchased":[],"campfire_rested":2,"item_purchase_floors":[],"current_hp_per_floor":[64,64,69,62,62,62,52,35,35,12,12,34,17,5,27,0],"gold":249,"neow_bonus":"THREE_ENEMY_KILL","is_prod":false,"is_daily":false,"chose_seed":false,"campfire_upgraded":0,"win_rate":0,"timestamp":1557818786,"path_taken":["M","?","?","?","M","E","?","E","T","E","?","R","M","M","R","BOSS"],"build_version":"2019-01-23","purchased_purges":0,"victory":false,"max_hp_per_floor":[71,71,76,76,76,76,76,76,76,76,76,76,76,76,76,76],"card_choices":[{"not_picked":["Stack","White Noise","Redo"],"picked":"SKIP","floor":1},{"not_picked":["Recycle","Coolheaded"],"picked":"Beam Cell","floor":5},{"not_picked":["Force Field","Chaos"],"picked":"Defragment","floor":6},{"not_picked":["Sweeping Beam","Streamline"],"picked":"Cold Snap","floor":7},{"not_picked":["Compile Driver","Barrage"],"picked":"Coolheaded","floor":8},{"not_picked":["Meteor Strike","Chaos"],"picked":"Loop+1","floor":10},{"not_picked":["FTL","Beam Cell"],"picked":"Coolheaded","floor":13},{"not_picked":["Chaos","Recycle"],"picked":"Reinforced Body","floor":14}],"player_experience":1331973,"relics_obtained":[{"floor":6,"key":"Ancient Tea Set"},{"floor":8,"key":"Frozen Egg 2"},{"floor":9,"key":"The Courier"},{"floor":10,"key":"Vajra"}],"event_choices":[{"damage_healed":0,"gold_gain":0,"cards_transformed":["Strike_B"],"player_choice":"Change","damage_taken":0,"max_hp_gain":0,"max_hp_loss":0,"event_name":"Living Wall","floor":2,"gold_loss":0,"cards_obtained":["Storm"]},{"damage_healed":0,"gold_gain":0,"player_choice":"Donut","damage_taken":0,"max_hp_gain":5,"max_hp_loss":0,"event_name":"Big Fish","floor":3,"gold_loss":0},{"cards_removed":["Defend_B"],"damage_healed":0,"gold_gain":0,"player_choice":"Card Removal","damage_taken":7,"max_hp_gain":0,"max_hp_loss":0,"event_name":"Golden Wing","floor":4,"gold_loss":0},{"damage_healed":0,"gold_gain":0,"player_choice":"1 cards matched","damage_taken":0,"max_hp_gain":0,"max_hp_loss":0,"event_name":"Match and Keep!","floor":11,"gold_loss":0,"cards_obtained":["Heatsinks"]},{"damage_healed":0,"gold_gain":0,"player_choice":"1 cards matched","damage_taken":0,"max_hp_gain":0,"max_hp_loss":0,"event_name":"Match and Keep!","floor":11,"gold_loss":0,"cards_obtained":["Heatsinks"]}],"is_beta":false,"boss_relics":[],"items_purged_floors":[],"is_endless":false,"potions_floor_spawned":[5,7,8,13],"killed_by":"Hexaghost","ascension_level":20}