{"gold_per_floor":[119,294,304,404,113,113,148,148,174,202,78,92,108,128,128,225,225,243,10,10,22,22,22,22,38,38,38,53,53,73,3,3,101,101,114,126,126,46,46,63,63,63],"floor_reached":42,"playtime":3049,"items_purged":["Doubt","Strike_G"],"score":589,"play_id":"829694ad-437b-4944-8fa9-24e836d1e075","local_time":"20190402145859","is_ascension_mode":true,"campfire_choices":[{"data":"Neutralize","floor":6,"key":"SMITH"},{"floor":8,"key":"REST"},{"floor":15,"key":"REST"},{"floor":23,"key":"REST"},{"floor":27,"key":"REST"},{"data":"Leg Sweep","floor":29,"key":"SMITH"},{"data":"Noxious Fumes","floor":32,"key":"SMITH"},{"floor":41,"key":"REST"}],"neow_cost":"NONE","seed_source_timestamp":101013899739378,"circlet_count":0,"master_deck":["Defend_G","Defend_G+1","Defend_G","Defend_G","Defend_G","Strike_G","Strike_G","Strike_G","Strike_G","Survivor","Neutralize+1","Heel Hook","Slice","Poisoned Stab","Infinite Blades","Flash of Steel","Deflect+1","Crippling Poison","Well Laid Plans","Sucker Punch","Acrobatics","Noxious Fumes+1","After Image+1","Corpse Explosion","Backflip","Dash","Bullet Time","Backflip+1","Leg Sweep+1","Panache","Backflip","Deflect","Caltrops","Footwork"],"relics":["Ring of the Snake","Pen Nib","Potion Belt","War Paint","Blood Vial","Orrery","The Courier","WristBlade"],"potions_floor_usage":[10,14,16,30,33,33,42,42,42],"damage_taken":[{"damage":11,"enemies":"Small Slimes","floor":1,"turns":5},{"damage":0,"enemies":"Cultist","floor":3,"turns":4},{"damage":25,"enemies":"Gremlin Nob","floor":7,"turns":5},{"damage":23,"enemies":"Lagavulin","floor":10,"turns":4},{"damage":0,"enemies":"2 Louse","floor":12,"turns":3},{"damage":4,"enemies":"Exordium Wildlife","floor":13,"turns":3},{"damage":10,"enemies":"Lots of Slimes","floor":14,"turns":4},{"damage":35,"enemies":"Slime Boss","floor":16,"turns":12},{"damage":9,"enemies":"Chosen","floor":18,"turns":5},{"damage":0,"enemies":"3 Byrds","floor":21,"turns":5},{"damage":17,"enemies":"Shelled Parasite and Fungi","floor":25,"turns":6},{"damage":0,"enemies":"Centurion and Healer","floor":28,"turns":9},{"damage":16,"enemies":"Snake Plant","floor":30,"turns":5},{"damage":6,"enemies":"Automaton","floor":33,"turns":10},{"damage":4,"enemies":"3 Shapes","floor":35,"turns":6},{"damage":19,"enemies":"3 Darklings","floor":36,"turns":4},{"damage":20,"enemies":"Maw","floor":40,"turns":9},{"damage":44,"enemies":"Sphere and 2 Shapes","floor":42,"turns":5}],"seed_played":"-2088090651292953534","potions_obtained":[{"floor":7,"key":"SkillPotion"},{"floor":12,"key":"EssenceOfSteel"},{"floor":14,"key":"Dexterity Potion"},{"floor":16,"key":"Strength Potion"},{"floor":28,"key":"SkillPotion"},{"floor":30,"key":"GamblersBrew"},{"floor":33,"key":"Poison Potion"},{"floor":40,"key":"Energy Potion"}],"is_trial":false,"path_per_floor":["M","?","M","?","$","R","E","R","T","E","$","M","M","M","R","B",null,"M","$","?","M","$","R","?","M","T","R","M","R","M","$","R","B",null,"M","M","?","$","?","M","R","M"],"character_chosen":"THE_SILENT","items_purchased":["Poisoned Stab","Infinite Blades","Flash of Steel","Well Laid Plans","Sucker Punch","Leg Sweep","Panache","Caltrops","Dexterity Potion"],"campfire_rested":5,"item_purchase_floors":[5,5,5,11,11,19,19,31,31],"current_hp_per_floor":[52,52,52,52,52,52,27,48,48,25,25,27,25,17,38,5,54,47,47,47,49,49,70,70,53,53,70,70,70,54,54,54,50,65,63,46,46,46,39,21,42,0],"gold":63,"neow_bonus":"RANDOM_COMMON_RELIC","is_prod":false,"is_daily":false,"chose_seed":false,"campfire_upgraded":3,"win_rate":0,"timestamp":1554195539,"path_taken":["M","?","M","?","$","R","E","R","T","E","$","M","?","M","R","BOSS","M","$","?","M","?","R","?","M","T","R","?","R","M","$","R","BOSS","M","?","?","$","?","M","R","?"],"build_version":"2019-01-23","purchased_purges":2,"victory":false,"max_hp_per_floor":[70,70,70,70,70,70,70,70,70,70,70,70,70,70,70,70,70,70,70,70,70,70,70,70,70,70,70,70,70,70,70,70,70,70,70,70,70,70,70,70,70,70],"card_choices":[{"not_picked":["Blade Dance","Underhanded Strike"],"picked":"Heel Hook","floor":1},{"not_picked":["Setup","Deflect"],"picked":"Slice","floor":3},{"not_picked":["Predator","Terror"],"picked":"Deflect","floor":7},{"not_picked":["Setup","Sucker Punch"],"picked":"Crippling Poison","floor":10},{"not_picked":["PiercingWail","All Out Attack"],"picked":"Acrobatics","floor":12},{"not_picked":["Dagger Spray","Choke"],"picked":"Noxious Fumes","floor":13},{"not_picked":["Dagger Spray","PiercingWail"],"picked":"After Image","floor":14},{"not_picked":["A Thousand Cuts","Burst"],"picked":"Corpse Explosion","floor":16},{"not_picked":["Flying Knee","Sucker Punch"],"picked":"Backflip","floor":17},{"not_picked":["Poisoned Stab","Flying Knee"],"picked":"Dash","floor":17},{"not_picked":["Quick Slash","PiercingWail"],"picked":"Bullet Time","floor":17},{"not_picked":["Eviscerate","Blade Dance"],"picked":"Backflip+1","floor":18},{"not_picked":["Setup+1","Accuracy","Riddle With Holes"],"picked":"SKIP","floor":21},{"not_picked":["Riddle With Holes","PiercingWail"],"picked":"Backflip","floor":25},{"not_picked":["Deadly Poison","Prepared","Poisoned Stab"],"picked":"SKIP","floor":28},{"not_picked":["Well Laid Plans+1","Quick Slash"],"picked":"Deflect","floor":30},{"not_picked":["Tactician+1","Acrobatics","Sucker Punch+1"],"picked":"SKIP","floor":35},{"not_picked":["Catalyst","Outmaneuver+1","Dodge and Roll"],"picked":"SKIP","floor":36},{"not_picked":["Expertise","Slice+1"],"picked":"Footwork","floor":40}],"player_experience":1093430,"relics_obtained":[{"floor":7,"key":"Potion Belt"},{"floor":9,"key":"War Paint"},{"floor":10,"key":"Blood Vial"},{"floor":26,"key":"The Courier"}],"event_choices":[{"damage_healed":0,"gold_gain":175,"player_choice":"AGREE","damage_taken":0,"max_hp_gain":0,"max_hp_loss":0,"event_name":"Liars Game","floor":2,"gold_loss":0,"cards_obtained":["Doubt"]},{"damage_healed":0,"gold_gain":100,"player_choice":"Pray","damage_taken":0,"max_hp_gain":0,"max_hp_loss":0,"event_name":"Golden Shrine","floor":4,"gold_loss":0},{"damage_healed":0,"gold_gain":0,"player_choice":"Forge","damage_taken":0,"max_hp_gain":0,"max_hp_loss":0,"event_name":"Accursed Blacksmith","floor":20,"gold_loss":0,"cards_upgraded":["After Image"]},{"damage_healed":0,"gold_gain":0,"player_choice":"Ignored","damage_taken":0,"max_hp_gain":0,"max_hp_loss":0,"event_name":"Ghosts","floor":24,"gold_loss":0},{"damage_healed":0,"gold_gain":0,"player_choice":"Ignored","damage_taken":0,"max_hp_gain":0,"max_hp_loss":0,"event_name":"Mysterious Sphere","floor":37,"gold_loss":0},{"damage_healed":0,"gold_gain":0,"player_choice":"Damaged","damage_taken":7,"max_hp_gain":0,"max_hp_loss":0,"event_name":"Wheel of Change","floor":39,"gold_loss":0}],"is_beta":false,"boss_relics":[{"not_picked":["Sozu","Tiny House"],"picked":"Orrery"},{"not_picked":["White Beast Statue","Lizard Tail"],"picked":"WristBlade"}],"items_purged_floors":[5,38],"is_endless":false,"potions_floor_spawned":[7,12,14,16,28,30,33,40],"killed_by":"Sphere and 2 Shapes","ascension_level":9}