{"gold_per_floor":[12,12,25,25,38,81,81,115,115,158,178,191,205,185,185,316,316,332,78,103,126,142,142,177,190,220,220,145,163,182,182,182,307,307,320,320,339,339,30,71,71,112,136,177,54,54,54,4,4,4],"floor_reached":51,"playtime":4644,"items_purged":["Strike_G","Strike_G","Defend_G","Defend_G+1"],"score":725,"play_id":"24f27547-29f0-4481-96ce-a59cd36df294","local_time":"20190531041619","is_ascension_mode":false,"campfire_choices":[{"data":"Crippling Poison","floor":7.0,"key":"SMITH"},{"floor":15.0,"key":"REST"},{"data":"Footwork","floor":23.0,"key":"SMITH"},{"floor":27.0,"key":"REST"},{"floor":32.0,"key":"REST"},{"floor":41,"key":"REST"},{"data":"Discovery","floor":47,"key":"SMITH"},{"floor":49,"key":"REST"}],"neow_cost":"NO_GOLD","seed_source_timestamp":0,"circlet_count":0,"master_deck":["Survivor","Neutralize","Corpse Explosion","Slice","Crippling Poison+1","Quick Slash","Dodge and Roll+1","Dagger Spray","Night Terror","Glass Knife+1","Tactician","Calculated Gamble","Slice+1","Malaise","Cloak And Dagger+1","Footwork","Flying Knee+1","Dramatic Entrance+1","Backflip+1","PiercingWail","Footwork+1","Backstab+1","Escape Plan+1","Malaise","Expertise+1","Well Laid Plans","Discovery+1","Dash+1","Caltrops","Escape Plan"],"special_seed":0,"relics":["Ring of the Snake","Golden Idol","Strawberry","Molten Egg 2","War Paint","Juzu Bracelet","Empty Cage","Smiling Mask","Tiny Chest","Kunai","Philosopher\u0027s Stone","Singing Bowl","Pen Nib","Centennial Puzzle","Unceasing Top"],"potions_floor_usage":[33,42,44,50],"damage_taken":[{"damage":0.0,"enemies":"Cultist","floor":1.0,"turns":4.0},{"damage":0.0,"enemies":"Small Slimes","floor":3.0,"turns":3.0},{"damage":0.0,"enemies":"Jaw Worm","floor":5.0,"turns":3.0},{"damage":31.0,"enemies":"Lagavulin","floor":6.0,"turns":11.0},{"damage":10.0,"enemies":"3 Sentries","floor":8.0,"turns":8.0},{"damage":2.0,"enemies":"Lagavulin","floor":10.0,"turns":10.0},{"damage":7.0,"enemies":"Exordium Wildlife","floor":11.0,"turns":3.0},{"damage":6.0,"enemies":"2 Fungi Beasts","floor":12.0,"turns":3.0},{"damage":2.0,"enemies":"Looter","floor":13.0,"turns":3.0},{"damage":20.0,"enemies":"Slime Boss","floor":16.0,"turns":10.0},{"damage":16.0,"enemies":"3 Byrds","floor":18.0,"turns":5.0},{"damage":4.0,"enemies":"Shell Parasite","floor":20.0,"turns":6.0},{"damage":12.0,"enemies":"Snake Plant","floor":21.0,"turns":9.0},{"damage":20.0,"enemies":"Snecko","floor":22.0,"turns":6.0},{"damage":8.0,"enemies":"Book of Stabbing","floor":24.0,"turns":9.0},{"damage":6.0,"enemies":"Cultist and Chosen","floor":25.0,"turns":3.0},{"damage":15.0,"enemies":"Shelled Parasite and Fungi","floor":29.0,"turns":7.0},{"damage":0.0,"enemies":"3 Cultists","floor":30.0,"turns":3.0},{"damage":20,"enemies":"Champ","floor":33,"turns":19},{"damage":8,"enemies":"3 Darklings","floor":35,"turns":2},{"damage":14,"enemies":"Orb Walker","floor":37,"turns":6},{"damage":22,"enemies":"Nemesis","floor":40,"turns":13},{"damage":19,"enemies":"Giant Head","floor":42,"turns":13},{"damage":8,"enemies":"Reptomancer","floor":44,"turns":9},{"damage":69,"enemies":"Awakened One","floor":50,"turns":18}],"seed_played":"3015293379217488774","potions_obtained":[{"floor":1.0,"key":"SteroidPotion"},{"floor":5.0,"key":"Dexterity Potion"},{"floor":6.0,"key":"Energy Potion"},{"floor":12.0,"key":"SpeedPotion"},{"floor":18.0,"key":"Swift Potion"},{"floor":24.0,"key":"AttackPotion"},{"floor":25.0,"key":"Explosive Potion"},{"floor":29.0,"key":"Poison Potion"},{"floor":37,"key":"Explosive Potion"},{"floor":40,"key":"LiquidBronze"},{"floor":44,"key":"Regen Potion"}],"is_trial":false,"path_per_floor":["M","?","M","$","M","E","R","E","T","E","M","M","M","?","R","B",null,"M","$","M","M","M","R","E","M","T","R","?","M","M","T","R","B",null,"M","?","M","?","$","E","R","E","T","E","$","?","R","$","R","B",null],"character_chosen":"THE_SILENT","items_purchased":["Footwork","Flying Knee+1","Dramatic Entrance+1","Discovery","Dash+1","FairyPotion","Caltrops"],"campfire_rested":5,"item_purchase_floors":[19,19,19,39,39,39,45],"current_hp_per_floor":[70,53,53,53,53,29,29,19,19,17,10,4,2,2,25,5,77,61,61,57,45,25,25,17,11,11,34,34,19,19,19,42,22,77,69,69,55,55,55,35,58,41,41,35,35,35,35,35,59,5],"gold":4,"neow_bonus":"TRANSFORM_TWO_CARDS","is_prod":false,"is_daily":false,"chose_seed":false,"campfire_upgraded":3,"win_rate":0,"timestamp":1559272579,"path_taken":["M","?","M","$","M","E","R","E","T","E","M","M","M","?","R","BOSS","M","$","M","M","M","R","E","M","T","R","?","M","M","?","R","BOSS","M","?","M","?","$","E","R","E","T","E","$","?","R","$","R","BOSS"],"build_version":"2019-01-23","purchased_purges":4,"victory":true,"max_hp_per_floor":[70,70,70,70,70,77,77,77,77,77,77,77,77,77,77,77,77,77,77,77,77,77,77,77,77,77,77,77,77,77,77,77,77,77,77,77,77,77,77,79,79,81,81,83,83,83,83,83,83,83],"card_choices":[{"not_picked":["All Out Attack","Poisoned Stab"],"picked":"Crippling Poison","floor":1.0},{"not_picked":["Underhanded Strike","Outmaneuver"],"picked":"Quick Slash","floor":3.0},{"not_picked":["All Out Attack","Dagger Spray"],"picked":"Dodge and Roll","floor":5.0},{"not_picked":["Grand Finale","Outmaneuver"],"picked":"Dagger Spray","floor":6.0},{"not_picked":["Deflect","Reflex"],"picked":"Night Terror","floor":8.0},{"not_picked":["Bouncing Flask","Dagger Spray+1"],"picked":"Glass Knife+1","floor":10.0},{"not_picked":["Heel Hook+1","Flying Knee+1"],"picked":"Tactician","floor":11.0},{"not_picked":["Tactician","Deflect"],"picked":"Calculated Gamble","floor":12.0},{"not_picked":["Dagger Throw+1","Cloak And Dagger"],"picked":"Slice+1","floor":13.0},{"not_picked":["Corpse Explosion","Venomology"],"picked":"Malaise","floor":16.0},{"not_picked":["Sucker Punch+1","Bane+1"],"picked":"Cloak And Dagger+1","floor":18.0},{"not_picked":["All Out Attack+1","Blade Dance+1"],"picked":"Backflip+1","floor":20.0},{"not_picked":["Cloak And Dagger+1","Quick Slash+1"],"picked":"PiercingWail","floor":21.0},{"not_picked":["Terror","Dash+1"],"picked":"Footwork","floor":22.0},{"not_picked":["Caltrops","Prepared"],"picked":"Backstab+1","floor":24.0},{"not_picked":["Die Die Die+1","Heel Hook+1"],"picked":"Escape Plan+1","floor":25.0},{"not_picked":["Cloak And Dagger","Bane+1","Underhanded Strike+1"],"picked":"SKIP","floor":29.0},{"not_picked":["Bane+1","All Out Attack+1"],"picked":"Flechettes+1","floor":30.0},{"not_picked":["Grand Finale+1","Tools of the Trade"],"picked":"Malaise","floor":33},{"not_picked":["Backstab+1","Backflip+1"],"picked":"Expertise+1","floor":35},{"not_picked":["Bane+1","Poisoned Stab+1"],"picked":"Well Laid Plans","floor":37},{"not_picked":["Outmaneuver","Dagger Throw+1","Catalyst+1"],"picked":"Singing Bowl","floor":40},{"not_picked":["Die Die Die+1","Sucker Punch+1","Catalyst+1"],"picked":"Singing Bowl","floor":42},{"not_picked":["Die Die Die+1","Blade Dance+1","Dagger Throw+1"],"picked":"Singing Bowl","floor":44}],"player_experience":733130,"relics_obtained":[{"floor":6.0,"key":"Strawberry"},{"floor":8.0,"key":"Molten Egg 2"},{"floor":9.0,"key":"War Paint"},{"floor":10.0,"key":"Juzu Bracelet"},{"floor":24.0,"key":"Smiling Mask"},{"floor":26.0,"key":"Tiny Chest"},{"floor":31.0,"key":"Kunai"},{"floor":40,"key":"Singing Bowl"},{"floor":42,"key":"Pen Nib"},{"floor":43,"key":"Centennial Puzzle"},{"floor":44,"key":"Unceasing Top"}],"event_choices":[{"damage_healed":0.0,"max_hp_gain":0.0,"max_hp_loss":0.0,"gold_gain":0.0,"event_name":"Golden Idol","player_choice":"Take Damage","floor":2.0,"gold_loss":0.0,"damage_taken":17.0,"relics_obtained":["Golden Idol"]},{"damage_healed":0.0,"max_hp_gain":0.0,"max_hp_loss":0.0,"gold_gain":0.0,"event_name":"World of Goop","player_choice":"Left Gold","floor":14.0,"gold_loss":20.0,"damage_taken":0.0},{"cards_removed":["Defend_G"],"damage_healed":0.0,"max_hp_gain":0.0,"max_hp_loss":0.0,"gold_gain":0.0,"event_name":"Beggar","player_choice":"Gave Gold","floor":28.0,"gold_loss":75.0,"damage_taken":0.0},{"cards_removed":["Flechettes"],"damage_healed":0,"gold_gain":0,"player_choice":"Removed Attack","damage_taken":0,"max_hp_gain":0,"max_hp_loss":0,"event_name":"Falling","floor":36,"gold_loss":0},{"damage_healed":0,"gold_gain":0,"player_choice":"Ignored","damage_taken":0,"max_hp_gain":0,"max_hp_loss":0,"event_name":"Tomb of Lord Red Mask","floor":38,"gold_loss":0},{"damage_healed":0,"gold_gain":0,"cards_transformed":["Strike_G"],"player_choice":"Transformed","damage_taken":0,"max_hp_gain":0,"max_hp_loss":0,"event_name":"Transmorgrifier","floor":46,"gold_loss":0,"cards_obtained":["Escape Plan"]}],"is_beta":false,"boss_relics":[{"not_picked":["Eternal Feather","Calling Bell"],"picked":"Empty Cage"},{"not_picked":["Runic Pyramid","Astrolabe"],"picked":"Philosopher\u0027s Stone"}],"items_purged_floors":[19,39,45,48],"is_endless":false,"potions_floor_spawned":[1,5,6,12,18,24,25,29,37,40,44],"ascension_level":0}