{"gold_per_floor":[117,97,55,20,37,64,76,106,183,183,210,210,210,243,243,243],"floor_reached":16,"playtime":925,"items_purged":[],"score":332,"play_id":"a1c6cb03-e36a-4bc4-ada1-fbd1f1069ed7","local_time":"20190513141407","is_ascension_mode":true,"campfire_choices":[{"data":"Chill","floor":10,"key":"SMITH"},{"data":"Glacier","floor":12,"key":"SMITH"},{"data":"Doom and Gloom","floor":15,"key":"SMITH"}],"neow_cost":"PERCENT_DAMAGE","seed_source_timestamp":3642882189687562,"circlet_count":0,"master_deck":["AscendersBane","Strike_B","Strike_B","Strike_B","Defend_B","Defend_B","Defend_B","Defend_B","Zap","Dualcast","Barrage","Rip and Tear","Glacier+1","Chill+1","Loop","Compile Driver","Doom and Gloom+1"],"relics":["Cracked Core","FossilizedHelix","Thread and Needle","Strawberry","Bag of Marbles"],"potions_floor_usage":[6,8,8,14],"damage_taken":[{"damage":0,"enemies":"2 Louse","floor":1,"turns":2},{"damage":0,"enemies":"Cultist","floor":5,"turns":3},{"damage":31,"enemies":"3 Sentries","floor":6,"turns":13},{"damage":0,"enemies":"Jaw Worm","floor":7,"turns":3},{"damage":0,"enemies":"Lagavulin","floor":8,"turns":5},{"damage":0,"enemies":"3 Sentries","floor":14,"turns":8},{"damage":38,"enemies":"Hexaghost","floor":16,"turns":11}],"seed_played":"1135957259119722853","potions_obtained":[{"floor":1,"key":"Swift Potion"},{"floor":2,"key":"AttackPotion"},{"floor":5,"key":"Poison Potion"},{"floor":6,"key":"SkillPotion"},{"floor":8,"key":"GamblersBrew"}],"is_trial":false,"path_per_floor":["M","?","$","?","M","E","M","E","T","R","T","R","?","E","R","B"],"character_chosen":"DEFECT","items_purchased":["Rip and Tear"],"campfire_rested":0,"item_purchase_floors":[3],"current_hp_per_floor":[46,46,46,63,63,32,32,39,39,39,39,39,32,32,32,0],"gold":243,"neow_bonus":"ONE_RARE_RELIC","is_prod":false,"is_daily":false,"chose_seed":false,"campfire_upgraded":3,"win_rate":0,"timestamp":1557735247,"path_taken":["M","?","?","?","M","E","M","E","T","R","?","R","?","E","R","BOSS"],"build_version":"2019-01-23","purchased_purges":0,"victory":false,"max_hp_per_floor":[71,71,71,71,71,71,71,78,78,78,78,78,78,78,78,78],"card_choices":[{"not_picked":["Stack","Beam Cell"],"picked":"Barrage","floor":1},{"not_picked":["Coolheaded","Ball Lightning"],"picked":"Glacier","floor":5},{"not_picked":["BootSequence","Self Repair"],"picked":"Chill","floor":6},{"not_picked":["Beam Cell","Turbo"],"picked":"Loop","floor":7},{"not_picked":["Leap","Redo"],"picked":"Compile Driver","floor":8},{"not_picked":["FTL","Turbo"],"picked":"Doom and Gloom","floor":14}],"player_experience":1325822,"relics_obtained":[{"floor":6,"key":"Thread and Needle"},{"floor":8,"key":"Strawberry"},{"floor":11,"key":"Bag of Marbles"}],"event_choices":[{"damage_healed":0,"gold_gain":0,"player_choice":"Bought 1 Potion","damage_taken":0,"max_hp_gain":0,"max_hp_loss":0,"event_name":"The Woman in Blue","floor":2,"gold_loss":0},{"damage_healed":17,"gold_gain":0,"player_choice":"Healed","damage_taken":0,"max_hp_gain":0,"max_hp_loss":0,"event_name":"The Cleric","floor":4,"gold_loss":35},{"cards_removed":["Strike_B"],"damage_healed":0,"gold_gain":0,"player_choice":"Card Removal","damage_taken":7,"max_hp_gain":0,"max_hp_loss":0,"event_name":"Golden Wing","floor":13,"gold_loss":0}],"is_beta":false,"boss_relics":[],"items_purged_floors":[],"is_endless":false,"potions_floor_spawned":[1,5,6,8],"killed_by":"Hexaghost","ascension_level":20}