{"gold_per_floor":[118,118,26,46,46,77,2,27,53,78,78,78,114,130,130,260,260,279,295,565,289,304,345,364,364,391,403,436,483,495,532,544,685,697,722,734,34,54,123,161,161,179,202,202,182,182,206,221,221,221],"floor_reached":51,"playtime":2041,"items_purged":["Strike_B","Strike_B","Strike_B+1"],"score":902,"play_id":"499027c6-ea07-4172-9e1a-cd0481c0d4ec","local_time":"20190525152416","is_ascension_mode":false,"campfire_choices":[{"data":"Loop","floor":12,"key":"SMITH"},{"data":"Electrodynamics","floor":15,"key":"SMITH"},{"floor":25,"key":"REST"},{"data":"Capacitor","floor":30,"key":"SMITH"},{"data":"All For One","floor":32,"key":"SMITH"},{"floor":41,"key":"REST"},{"data":"Apotheosis","floor":46,"key":"SMITH"},{"floor":49,"key":"REST"}],"neow_cost":"NONE","seed_source_timestamp":346562979188100,"circlet_count":0,"master_deck":["Strike_B+1","Defend_B","Defend_B","Defend_B","Defend_B","Zap+1","Dualcast","Melter","Cold Snap","Chill","Ball Lightning","BootSequence","Gash","Loop+1","Electrodynamics+1","Coolheaded","All For One+1","Chill+1","Glacier","Gash","Capacitor+1","Ghostly","Ghostly","Ghostly","Ghostly","Ghostly","Cold Snap+1","Lockon+1","Coolheaded","Creative AI","Conserve Battery+1","Apotheosis+1","Creative AI","Gash+1","Capacitor+1","Barrage+1","Darkness","Defragment+1","Coolheaded+1","Consume+1"],"relics":["Cracked Core","NeowsBlessing","Golden Idol","Vajra","Blood Vial","Nunchaku","Philosopher\u0027s Stone","Pen Nib","Lantern","MawBank","Whetstone","Inserter","Oddly Smooth Stone","Ornamental Fan","DollysMirror","Prayer Wheel","Pocketwatch","Orichalcum"],"potions_floor_usage":[18,24,33,33,39],"damage_taken":[{"damage":0,"enemies":"Small Slimes","floor":1,"turns":1},{"damage":0,"enemies":"Jaw Worm","floor":4,"turns":1},{"damage":0,"enemies":"3 Sentries","floor":6,"turns":1},{"damage":0,"enemies":"Cultist","floor":8,"turns":3},{"damage":0,"enemies":"Red Slaver","floor":10,"turns":2},{"damage":12,"enemies":"Lagavulin","floor":13,"turns":6},{"damage":0,"enemies":"Large Slime","floor":14,"turns":3},{"damage":0,"enemies":"Slime Boss","floor":16,"turns":5},{"damage":0,"enemies":"Chosen","floor":18,"turns":3},{"damage":0,"enemies":"Shell Parasite","floor":19,"turns":4},{"damage":10,"enemies":"3 Cultists","floor":22,"turns":4},{"damage":9,"enemies":"Slavers","floor":23,"turns":5},{"damage":8,"enemies":"Snake Plant","floor":24,"turns":5},{"damage":0,"enemies":"Chosen and Byrds","floor":28,"turns":8},{"damage":0,"enemies":"Gremlin Leader","floor":29,"turns":9},{"damage":12,"enemies":"Shelled Parasite and Fungi","floor":31,"turns":7},{"damage":16,"enemies":"Collector","floor":33,"turns":7},{"damage":6,"enemies":"3 Darklings","floor":35,"turns":7},{"damage":0,"enemies":"Orb Walker","floor":38,"turns":3},{"damage":0,"enemies":"2 Orb Walkers","floor":39,"turns":5},{"damage":21,"enemies":"Giant Head","floor":40,"turns":9},{"damage":1,"enemies":"3 Darklings","floor":42,"turns":6},{"damage":15,"enemies":"Spire Growth","floor":47,"turns":7},{"damage":0,"enemies":"Sphere and 2 Shapes","floor":48,"turns":5},{"damage":1,"enemies":"Time Eater","floor":50,"turns":12}],"seed_played":"-4873948233670408614","potions_obtained":[{"floor":4,"key":"SteroidPotion"},{"floor":6,"key":"Weak Potion"},{"floor":10,"key":"EssenceOfSteel"},{"floor":18,"key":"Dexterity Potion"},{"floor":24,"key":"Weak Potion"},{"floor":28,"key":"FocusPotion"},{"floor":38,"key":"Explosive Potion"},{"floor":42,"key":"Explosive Potion"},{"floor":45,"key":"FearPotion"}],"is_trial":false,"path_per_floor":["M","?","$","M","?","E","$","M","T","M","?","R","E","M","R","B",null,"M","M","?","$","M","E","M","R","T","?","M","E","R","M","R","B",null,"M","?","$","M","?","E","R","M","T","?","?","R","M","M","R","B",null],"character_chosen":"DEFECT","items_purchased":["Cold Snap","Chill","Gash","Pen Nib","Oddly Smooth Stone","Ornamental Fan","DollysMirror"],"campfire_rested":3,"item_purchase_floors":[3,3,21,21,37,37,37],"current_hp_per_floor":[75,75,75,75,57,57,57,57,57,59,64,64,54,56,56,58,80,80,80,48,48,40,33,27,51,51,40,40,40,40,28,28,14,40,34,34,34,36,38,19,31,32,32,32,32,32,19,21,32,33],"gold":221,"neow_bonus":"THREE_ENEMY_KILL","is_prod":false,"is_daily":false,"chose_seed":false,"campfire_upgraded":5,"win_rate":0.0,"timestamp":1558790656,"path_taken":["M","?","$","M","?","E","$","M","T","M","?","R","E","M","R","BOSS","M","M","?","?","?","E","M","R","T","?","M","E","R","M","R","BOSS","M","?","$","M","?","E","R","M","T","?","?","R","?","M","R","BOSS"],"build_version":"2019-01-23","purchased_purges":3,"victory":true,"max_hp_per_floor":[75,75,75,75,75,75,75,75,75,75,80,80,80,80,80,80,80,80,80,80,80,80,80,80,80,80,40,40,40,40,40,40,40,40,40,40,40,40,40,40,40,40,40,38,38,38,38,38,38,38],"card_choices":[{"not_picked":["Go for the Eyes","BootSequence"],"picked":"Melter","floor":1},{"not_picked":["Leap","Streamline"],"picked":"Ball Lightning","floor":4},{"not_picked":["Ball Lightning","Go for the Eyes"],"picked":"BootSequence","floor":6},{"not_picked":["Consume","Beam Cell"],"picked":"Gash","floor":8},{"not_picked":["Skim","Blizzard"],"picked":"Loop","floor":10},{"not_picked":["Conserve Battery","Compile Driver"],"picked":"Electrodynamics","floor":13},{"not_picked":["BootSequence","Ball Lightning"],"picked":"Coolheaded","floor":14},{"not_picked":["Amplify","Multi-Cast"],"picked":"All For One","floor":16},{"not_picked":["White Noise","Leap"],"picked":"Chill+1","floor":18},{"not_picked":["Chaos","Steam Power"],"picked":"Glacier","floor":19},{"not_picked":["Beam Cell","Barrage","Hologram"],"picked":"SKIP","floor":22},{"not_picked":["Rainbow","Stack"],"picked":"Capacitor","floor":23},{"not_picked":["Auto Shields","Skim","Melter"],"picked":"SKIP","floor":24},{"not_picked":["Leap","Auto Shields"],"picked":"Cold Snap+1","floor":28},{"not_picked":["Steam Power","Steam"],"picked":"Lockon+1","floor":29},{"not_picked":["Skim","Aggregate"],"picked":"Coolheaded","floor":31},{"not_picked":["Machine Learning","Fission"],"picked":"Creative AI","floor":33},{"not_picked":["Auto Shields","Stack"],"picked":"Conserve Battery+1","floor":35},{"not_picked":["Magnetism","Jack Of All Trades"],"picked":"Apotheosis","floor":36},{"not_picked":["Streamline+1","Skim","Steam Power+1"],"picked":"SKIP","floor":38},{"not_picked":["Force Field","FTL"],"picked":"Gash+1","floor":39},{"not_picked":["Steam+1","Multi-Cast"],"picked":"Capacitor+1","floor":40},{"not_picked":["Coolheaded","Sweeping Beam+1"],"picked":"Barrage+1","floor":42},{"not_picked":["Redo+1","Beam Cell"],"picked":"Darkness","floor":42},{"not_picked":["Hologram","Scrape"],"picked":"Defragment+1","floor":47},{"not_picked":["Steam Power","Double Energy","Thunder Strike"],"picked":"SKIP","floor":47},{"not_picked":["Gash","Static Discharge+1"],"picked":"Coolheaded+1","floor":48},{"not_picked":["Ball Lightning","BootSequence+1"],"picked":"Consume+1","floor":48}],"player_experience":5212,"relics_obtained":[{"floor":6,"key":"Vajra"},{"floor":9,"key":"Blood Vial"},{"floor":13,"key":"Nunchaku"},{"floor":23,"key":"Lantern"},{"floor":26,"key":"MawBank"},{"floor":29,"key":"Whetstone"},{"floor":39,"key":"Prayer Wheel"},{"floor":40,"key":"Pocketwatch"},{"floor":43,"key":"Orichalcum"}],"event_choices":[{"damage_healed":0,"gold_gain":0,"player_choice":"Grow","damage_taken":0,"max_hp_gain":0,"max_hp_loss":0,"event_name":"Living Wall","floor":2,"gold_loss":0,"cards_upgraded":["Zap"]},{"damage_healed":0,"gold_gain":0,"player_choice":"Take Damage","damage_taken":18,"relics_obtained":["Golden Idol"],"max_hp_gain":0,"max_hp_loss":0,"event_name":"Golden Idol","floor":5,"gold_loss":0},{"damage_healed":0,"gold_gain":0,"player_choice":"Donut","damage_taken":0,"max_hp_gain":5,"max_hp_loss":0,"event_name":"Big Fish","floor":11,"gold_loss":0},{"damage_healed":0,"gold_gain":270,"player_choice":"GOLD GOLD GOLD ","damage_taken":32,"max_hp_gain":0,"max_hp_loss":0,"event_name":"Knowing Skull","floor":20,"potions_obtained":[],"gold_loss":0,"cards_obtained":[]},{"damage_healed":0,"gold_gain":0,"player_choice":"Became a Ghost","damage_taken":0,"max_hp_gain":0,"max_hp_loss":40,"event_name":"Ghosts","floor":27,"gold_loss":0,"cards_obtained":["Ghostly","Ghostly","Ghostly","Ghostly","Ghostly"]},{"damage_healed":0,"gold_gain":0,"player_choice":"Memory 1","damage_taken":0,"max_hp_gain":0,"max_hp_loss":0,"event_name":"SensoryStone","floor":36,"gold_loss":0},{"damage_healed":0,"gold_gain":0,"player_choice":"Fight","damage_taken":0,"max_hp_gain":0,"max_hp_loss":0,"event_name":"Mysterious Sphere","floor":39,"gold_loss":0},{"damage_healed":0,"gold_gain":0,"player_choice":"Max HP","damage_taken":0,"max_hp_gain":0,"max_hp_loss":2,"event_name":"Winding Halls","floor":44,"gold_loss":0},{"damage_healed":0,"gold_gain":0,"player_choice":"Bought 1 Potion","damage_taken":0,"max_hp_gain":0,"max_hp_loss":0,"event_name":"The Woman in Blue","floor":45,"gold_loss":0}],"is_beta":false,"boss_relics":[{"not_picked":["FrozenCore","Astrolabe"],"picked":"Philosopher\u0027s Stone"},{"not_picked":["Velvet Choker","Orrery"],"picked":"Inserter"}],"items_purged_floors":[7,21,37],"is_endless":false,"potions_floor_spawned":[4,6,10,13,14,18,19,24,28,31,38,42],"ascension_level":0}