{"gold_per_floor":[119,131,131,15,15,50,50,62,62,72,72,85,85,99,99,175,175,146,146,160,170,181,213,213,213],"floor_reached":25,"playtime":2562,"items_purged":["Regret"],"score":428,"play_id":"a4cb2119-7f1f-4b9c-987f-0234e421e26a","local_time":"20190424152321","is_ascension_mode":true,"campfire_choices":[{"data":"Dualcast","floor":7.0,"key":"SMITH"},{"floor":11.0,"key":"REST"},{"floor":13.0,"key":"REST"},{"data":"Coolheaded","floor":15.0,"key":"SMITH"},{"floor":24,"key":"REST"}],"neow_cost":"NONE","seed_source_timestamp":2003535640879028,"circlet_count":0,"master_deck":["AscendersBane","Strike_B","Strike_B","Strike_B","Defend_B","Defend_B","Defend_B","Defend_B","Zap","Dualcast+1","Core Surge","Ball Lightning","Melter","Darkness","Conserve Battery","Leap","Coolheaded+1","Leap","Compile Driver","Glacier+1","Cold Snap","Chill","Genetic Algorithm","Multi-Cast","Self Repair+1","Auto Shields","Doom and Gloom","Loop","Capacitor","Hologram+1"],"special_seed":0,"relics":["Cracked Core","Dream Catcher","Prayer Wheel","The Courier","Runic Pyramid","Boot"],"potions_floor_usage":[],"damage_taken":[{"damage":0.0,"enemies":"2 Louse","floor":1.0,"turns":1.0},{"damage":0.0,"enemies":"Small Slimes","floor":2.0,"turns":3.0},{"damage":14.0,"enemies":"Gremlin Nob","floor":6.0,"turns":4.0},{"damage":7.0,"enemies":"Jaw Worm","floor":8.0,"turns":2.0},{"damage":20.0,"enemies":"Lots of Slimes","floor":10.0,"turns":4.0},{"damage":17.0,"enemies":"Exordium Wildlife","floor":12.0,"turns":5.0},{"damage":0.0,"enemies":"Large Slime","floor":14.0,"turns":6.0},{"damage":31.0,"enemies":"The Guardian","floor":16.0,"turns":15.0},{"damage":17.0,"enemies":"2 Thieves","floor":18.0,"turns":4.0},{"damage":7.0,"enemies":"Chosen","floor":20.0,"turns":7.0},{"damage":35.0,"enemies":"Snake Plant","floor":21.0,"turns":7.0},{"damage":1.0,"enemies":"Shelled Parasite and Fungi","floor":22.0,"turns":7.0},{"damage":33,"enemies":"Book of Stabbing","floor":23,"turns":5},{"damage":39,"enemies":"Centurion and Healer","floor":25,"turns":6}],"seed_played":"6602493270426154630","potions_obtained":[{"floor":1.0,"key":"Weak Potion"},{"floor":12.0,"key":"EssenceOfSteel"},{"floor":14.0,"key":"Regen Potion"},{"floor":18.0,"key":"EntropicBrew"},{"floor":22.0,"key":"SkillPotion"}],"is_trial":false,"path_per_floor":["M","M","?","$","?","E","R","M","T","M","R","M","R","M","R","B",null,"M","?","M","M","M","E","R","M"],"character_chosen":"DEFECT","items_purchased":["Melter"],"campfire_rested":3,"item_purchase_floors":[4],"current_hp_per_floor":[64,64,64,64,64,50,50,43,43,23,44,27,48,48,48,17,58,55,55,58,33,42,9,30,0],"gold":213,"neow_bonus":"ONE_RANDOM_RARE_CARD","is_prod":false,"is_daily":false,"chose_seed":false,"campfire_upgraded":2,"win_rate":0,"timestamp":1556097801,"path_taken":["M","M","?","$","?","E","R","M","T","M","R","M","R","M","R","BOSS","M","?","M","?","M","E","R","M"],"build_version":"2019-01-23","purchased_purges":1,"victory":false,"max_hp_per_floor":[71,71,71,71,71,71,71,71,71,71,71,71,71,71,71,71,71,71,71,71,71,71,71,71,71],"card_choices":[{"not_picked":["Steam","Barrage"],"picked":"Ball Lightning","floor":1.0},{"not_picked":["Streamline","Stack","Beam Cell"],"picked":"SKIP","floor":2.0},{"not_picked":["Lockon","Ball Lightning"],"picked":"Darkness","floor":6.0},{"not_picked":["Leap","Sweeping Beam"],"picked":"Conserve Battery","floor":8.0},{"not_picked":["Defragment","Genetic Algorithm"],"picked":"Leap","floor":8.0},{"not_picked":["Go for the Eyes","Ball Lightning"],"picked":"Coolheaded","floor":10.0},{"not_picked":["Blizzard","Beam Cell","Barrage"],"picked":"SKIP","floor":10.0},{"not_picked":["Storm","Beam Cell"],"picked":"Leap","floor":11.0},{"not_picked":["Conserve Battery","Stack"],"picked":"Compile Driver","floor":12.0},{"not_picked":["Multi-Cast","Defragment"],"picked":"Glacier","floor":12.0},{"not_picked":["Beam Cell","Barrage"],"picked":"Cold Snap","floor":13.0},{"not_picked":["Leap","Cold Snap"],"picked":"Chill","floor":14.0},{"not_picked":["Sweeping Beam","Stack"],"picked":"Genetic Algorithm","floor":14.0},{"not_picked":["Reboot","Hyperbeam"],"picked":"Multi-Cast","floor":16.0},{"not_picked":["Blizzard","Cold Snap+1"],"picked":"Self Repair+1","floor":18.0},{"not_picked":["Beam Cell","Chaos","Go for the Eyes+1"],"picked":"SKIP","floor":18.0},{"not_picked":["Ball Lightning","Self Repair"],"picked":"Auto Shields","floor":20.0},{"not_picked":["Heatsinks+1","Barrage"],"picked":"Doom and Gloom","floor":20.0},{"not_picked":["Tempest","Turbo","Chaos"],"picked":"SKIP","floor":21.0},{"not_picked":["Reprogram+1","Cold Snap","Sweeping Beam"],"picked":"SKIP","floor":21.0},{"not_picked":["Sweeping Beam","Coolheaded"],"picked":"Loop","floor":22.0},{"not_picked":["Heatsinks","Compile Driver","Beam Cell"],"picked":"SKIP","floor":22.0},{"not_picked":["Reboot","Hello World"],"picked":"Capacitor","floor":23},{"not_picked":["Steam","Aggregate"],"picked":"Hologram+1","floor":24}],"player_experience":1200136,"relics_obtained":[{"floor":6.0,"key":"Prayer Wheel"},{"floor":9.0,"key":"The Courier"},{"floor":23,"key":"Boot"}],"event_choices":[{"damage_healed":0.0,"max_hp_gain":0.0,"max_hp_loss":0.0,"gold_gain":0.0,"event_name":"Big Fish","player_choice":"Box","floor":3.0,"gold_loss":0.0,"damage_taken":0.0,"relics_obtained":["Dream Catcher"],"cards_obtained":["Regret"]},{"cards_removed":["Strike_B"],"damage_healed":0.0,"max_hp_gain":0.0,"max_hp_loss":0.0,"gold_gain":0.0,"event_name":"Living Wall","player_choice":"Forget","floor":5.0,"gold_loss":0.0,"damage_taken":0.0},{"damage_healed":0.0,"max_hp_gain":0.0,"max_hp_loss":0.0,"gold_gain":0.0,"event_name":"Upgrade Shrine","player_choice":"Upgraded","floor":19.0,"gold_loss":0.0,"damage_taken":0.0,"cards_upgraded":["Glacier"]}],"is_beta":false,"boss_relics":[{"not_picked":["Pandora\u0027s Box","Lizard Tail"],"picked":"Runic Pyramid"}],"items_purged_floors":[4],"is_endless":false,"potions_floor_spawned":[1,12,14,18,22],"killed_by":"Centurion and Healer","ascension_level":18}