{"gold_per_floor":[18,31,45,45,60,88,88,120,120,145,70,70,81,96,96,198,198,210,210,29,47,61,61,61,61,61,80,113,113,148,148,148,247,247,264,1263,1263,606,606,641,641,666,666,697,712,30,47,78,78,78,78,78,1,29,29],"floor_reached":56,"playtime":6334,"items_purged":["Decay","Defend_B","Normality","Normality"],"score":1397,"play_id":"ceb48c69-c8fc-4b60-b0aa-f730d14b02cb","local_time":"20190529232520","is_ascension_mode":true,"campfire_choices":[{"data":"Sunder","floor":7,"key":"SMITH"},{"floor":12,"key":"REST"},{"data":"Capacitor","floor":15,"key":"SMITH"},{"floor":23,"key":"RECALL"},{"data":"Electrodynamics","floor":25,"key":"SMITH"},{"data":"Machine Learning","floor":29,"key":"SMITH"},{"floor":32,"key":"REST"},{"data":"Capacitor","floor":41,"key":"SMITH"},{"floor":49,"key":"REST"},{"data":"Go for the Eyes","floor":52,"key":"SMITH"}],"neow_cost":"NO_GOLD","seed_source_timestamp":1190348636577400,"circlet_count":0,"master_deck":["Zap","Dualcast","Sunder+1","Stack","Capacitor+1","FTL","Hologram","FTL","Aggregate","FTL","Reboot+1","Go for the Eyes+1","Coolheaded+1","Ball Lightning","Seek+1","BootSequence+1","Redo+1","Machine Learning+1","Hologram+1","Fusion+1","Electrodynamics+1","Hologram+1","Ball Lightning","Turbo+1","J.A.X.+1","Rainbow+1","Conserve Battery+1","Auto Shields+1","Capacitor+1","Gash","Beam Cell","Beam Cell","Loop+1","FTL","Redo+1","FTL+1","Sunder+1","Defragment+1","Undo+1","Defragment+1","Skim+1","Violence+1","Machine Learning+1","Glacier+1","Creative AI+1","Consume+1"],"relics":["Cracked Core","Prayer Wheel","Mercury Hourglass","Regal Pillow","PreservedInsect","Toxic Egg 2","Lizard Tail","Happy Flower","Meat on the Bone","Ice Cream","Pandora\u0027s Box","Symbiotic Virus","Toy Ornithopter","Torii","Dodecahedron","Frozen Egg 2","DollysMirror","Orichalcum","Lantern"],"potions_floor_usage":[16,18,50,50,55,55],"damage_taken":[{"damage":1,"enemies":"Jaw Worm","floor":1,"turns":4},{"damage":0,"enemies":"Cultist","floor":2,"turns":3},{"damage":0,"enemies":"Small Slimes","floor":3,"turns":3},{"damage":4,"enemies":"Gremlin Gang","floor":5,"turns":5},{"damage":27,"enemies":"3 Sentries","floor":6,"turns":6},{"damage":6,"enemies":"Gremlin Nob","floor":8,"turns":3},{"damage":23,"enemies":"Lagavulin","floor":10,"turns":4},{"damage":0,"enemies":"Blue Slaver","floor":13,"turns":3},{"damage":7,"enemies":"3 Louse","floor":14,"turns":2},{"damage":30,"enemies":"The Guardian","floor":16,"turns":12},{"damage":3,"enemies":"Spheric Guardian","floor":18,"turns":3},{"damage":0,"enemies":"Chosen","floor":21,"turns":3},{"damage":4,"enemies":"Centurion and Healer","floor":22,"turns":4},{"damage":7,"enemies":"Snake Plant","floor":27,"turns":3},{"damage":0,"enemies":"Slavers","floor":28,"turns":3},{"damage":22,"enemies":"Gremlin Leader","floor":30,"turns":4},{"damage":43,"enemies":"Automaton","floor":33,"turns":7},{"damage":3,"enemies":"3 Darklings","floor":35,"turns":4},{"damage":17,"enemies":"Nemesis","floor":40,"turns":5},{"damage":5,"enemies":"Reptomancer","floor":42,"turns":4},{"damage":19,"enemies":"Giant Head","floor":44,"turns":6},{"damage":6,"enemies":"3 Shapes","floor":45,"turns":3},{"damage":1,"enemies":"Maw","floor":47,"turns":6},{"damage":14,"enemies":"Nemesis","floor":48,"turns":3},{"damage":49,"enemies":"Awakened One","floor":50,"turns":10},{"damage":24,"enemies":"Shield and Spear","floor":54,"turns":3},{"damage":56,"enemies":"The Heart","floor":55,"turns":9}],"seed_played":"4859828666064767527","potions_obtained":[{"floor":2,"key":"SpeedPotion"},{"floor":6,"key":"Fire Potion"},{"floor":13,"key":"FocusPotion"},{"floor":16,"key":"FearPotion"},{"floor":21,"key":"SteroidPotion"},{"floor":45,"key":"Swift Potion"},{"floor":54,"key":"Fire Potion"}],"is_trial":false,"path_per_floor":["M","M","M","?","M","E","R","E","T","E","$","R","M","M","R","B",null,"M","?","$","M","M","R","?","R","T","M","E","R","E","?","R","B",null,"M","?","?","$","?","E","R","E","T","E","M","$","M","E","R","B",null,"R","$","E","B",null],"character_chosen":"DEFECT","items_purchased":["Machine Learning","Symbiotic Virus","Toy Ornithopter","FTL","Defragment+1","Skim+1","Violence+1","DollysMirror","Consume+1"],"campfire_rested":3,"item_purchase_floors":[20,38,38,38,46,46,46,46,53],"current_hp_per_floor":[74,74,74,74,70,43,43,37,37,14,14,51,51,44,44,14,75,72,72,72,72,68,68,68,68,68,61,61,61,39,39,75,44,75,72,72,72,72,72,55,55,50,50,43,49,49,48,46,75,48,75,75,75,51,17],"gold":29,"neow_bonus":"ONE_RARE_RELIC","is_prod":false,"is_daily":false,"chose_seed":false,"campfire_upgraded":6,"win_rate":0,"timestamp":1559190320,"path_taken":["M","M","M","?","?","E","R","E","T","E","$","R","?","M","R","BOSS","M","?","$","M","?","R","?","R","T","M","E","R","E","?","R","BOSS","M","?","?","$","?","E","R","E","T","E","M","$","M","E","R","BOSS","R","$","E","BOSS"],"build_version":"2019-01-23","purchased_purges":4,"victory":true,"max_hp_per_floor":[75,75,75,75,75,75,75,75,75,75,75,75,75,75,75,75,75,75,75,75,75,75,75,75,75,75,75,75,75,75,75,75,75,75,75,75,75,75,75,75,75,75,75,75,75,75,75,75,75,75,75,75,75,75,75],"card_choices":[{"not_picked":["Compile Driver","Rebound"],"picked":"Sunder","floor":1},{"not_picked":["Rebound","Compile Driver"],"picked":"Stack","floor":1},{"not_picked":["Aggregate","Static Discharge"],"picked":"Capacitor","floor":2},{"not_picked":["Heatsinks","Barrage"],"picked":"FTL","floor":2},{"not_picked":["Sweeping Beam","Reprogram"],"picked":"Hologram","floor":3},{"not_picked":["Rebound","Beam Cell","Darkness"],"picked":"SKIP","floor":3},{"not_picked":["Double Energy","Darkness"],"picked":"FTL","floor":5},{"not_picked":["Rip and Tear","Stack","Rebound"],"picked":"SKIP","floor":5},{"not_picked":["Turbo","Beam Cell","Static Discharge"],"picked":"SKIP","floor":6},{"not_picked":["Auto Shields","Rebound"],"picked":"Aggregate","floor":8},{"not_picked":["Sweeping Beam","Compile Driver"],"picked":"FTL","floor":10},{"not_picked":["Compile Driver","Reprogram+1"],"picked":"Reboot+1","floor":13},{"not_picked":["Stack+1","Heatsinks"],"picked":"Go for the Eyes","floor":13},{"not_picked":["Gash","Tempest+1"],"picked":"Coolheaded+1","floor":14},{"not_picked":["Chaos+1","Stack+1"],"picked":"Ball Lightning","floor":14},{"not_picked":["Buffer","Reboot+1"],"picked":"Seek+1","floor":16},{"not_picked":["Ball Lightning","Chaos+1"],"picked":"BootSequence+1","floor":18},{"not_picked":["Streamline","Beam Cell"],"picked":"Redo+1","floor":18},{"not_picked":["Skim+1","Gash"],"picked":"Hologram+1","floor":21},{"not_picked":["Cold Snap+1","Redo+1","Fusion+1"],"picked":"SKIP","floor":21},{"not_picked":["Gash","Hello World"],"picked":"Fusion+1","floor":22},{"not_picked":["Fusion+1","Hello World"],"picked":"Electrodynamics","floor":22},{"not_picked":["Lockon","Leap+1"],"picked":"Capacitor","floor":27},{"not_picked":["Hello World+1","Stack+1"],"picked":"Hologram+1","floor":27},{"not_picked":["Barrage","Force Field+1"],"picked":"Ball Lightning","floor":28},{"not_picked":["Capacitor","Barrage+1"],"picked":"Turbo+1","floor":30},{"not_picked":["Meteor Strike","Machine Learning"],"picked":"Rainbow+1","floor":33},{"not_picked":["Capacitor","Coolheaded+1"],"picked":"Loop+1","floor":35},{"not_picked":["Leap+1","Stack+1","Compile Driver+1"],"picked":"SKIP","floor":35},{"not_picked":["Reprogram+1","Sweeping Beam+1"],"picked":"Redo+1","floor":40},{"not_picked":["Melter","Machine Learning"],"picked":"FTL+1","floor":42},{"not_picked":["Genetic Algorithm+1","Loop+1"],"picked":"Sunder+1","floor":44},{"not_picked":["Gash+1","Go for the Eyes+1"],"picked":"Defragment+1","floor":45},{"not_picked":["Turbo+1","Ball Lightning"],"picked":"Undo+1","floor":45},{"not_picked":["Sweeping Beam","Hologram+1"],"picked":"Glacier+1","floor":47},{"not_picked":["Rebound","Barrage","Streamline"],"picked":"SKIP","floor":47},{"not_picked":["Blizzard","Gash+1"],"picked":"Creative AI+1","floor":48},{"not_picked":["Scrape","Fusion+1","Force Field+1"],"picked":"SKIP","floor":54}],"player_experience":222198,"relics_obtained":[{"floor":6,"key":"Mercury Hourglass"},{"floor":8,"key":"Regal Pillow"},{"floor":9,"key":"PreservedInsect"},{"floor":10,"key":"Toxic Egg 2"},{"floor":26,"key":"Happy Flower"},{"floor":28,"key":"Meat on the Bone"},{"floor":30,"key":"Ice Cream"},{"floor":40,"key":"Torii"},{"floor":42,"key":"Dodecahedron"},{"floor":44,"key":"Frozen Egg 2"},{"floor":48,"key":"Orichalcum"},{"floor":54,"key":"Lantern"}],"event_choices":[{"damage_healed":0,"gold_gain":0,"player_choice":"Cursed","damage_taken":0,"max_hp_gain":0,"max_hp_loss":0,"event_name":"Wheel of Change","floor":4,"gold_loss":0,"cards_obtained":["Decay"]},{"cards_removed":["Strike_B"],"damage_healed":0,"gold_gain":0,"player_choice":"Purged","damage_taken":0,"max_hp_gain":0,"max_hp_loss":0,"event_name":"Purifier","floor":19,"gold_loss":0},{"damage_healed":0,"gold_gain":0,"player_choice":"Obtain J.A.X.","damage_taken":0,"max_hp_gain":0,"max_hp_loss":0,"event_name":"Drug Dealer","floor":31,"gold_loss":0,"cards_obtained":["J.A.X."]},{"damage_healed":0,"gold_gain":999,"player_choice":"Gold","damage_taken":0,"max_hp_gain":0,"max_hp_loss":0,"event_name":"MindBloom","floor":36,"gold_loss":0,"cards_obtained":["Normality","Normality"]},{"damage_healed":0,"gold_gain":0,"player_choice":"Ignored","damage_taken":0,"max_hp_gain":0,"max_hp_loss":0,"event_name":"Tomb of Lord Red Mask","floor":37,"gold_loss":0},{"cards_removed":["Capacitor"],"damage_healed":0,"gold_gain":0,"player_choice":"Removed Power","damage_taken":0,"max_hp_gain":0,"max_hp_loss":0,"event_name":"Falling","floor":39,"gold_loss":0}],"is_beta":false,"boss_relics":[{"not_picked":["Calling Bell","Black Star"],"picked":"Lizard Tail"},{"not_picked":["Philosopher\u0027s Stone","Astrolabe"],"picked":"Pandora\u0027s Box"}],"items_purged_floors":[11,20,38,46],"is_endless":false,"potions_floor_spawned":[2,6,13,16,21,28,35,42,45,47,54],"ascension_level":1}