{"gold_per_floor":[111,134,134,30,49,75,23,41,86,118,143,155,165,185,185,256,256,230,23,41,59,73,104,104,137,189,189,208,308,319,343,343,422,422,435,9,26,76,48,48,63,81,105,105,105,119,131,131,131,131],"floor_reached":51,"playtime":2908,"items_purged":["Strike_R","Strike_R"],"score":1365,"play_id":"5bcee97f-83f8-4e7d-a86d-964e6a054350","local_time":"20190508170800","is_ascension_mode":true,"campfire_choices":[{"data":"Spot Weakness","floor":15.0,"key":"SMITH"},{"floor":27.0,"key":"REST"},{"floor":32.0,"key":"REST"},{"data":"1","floor":40.0,"key":"LIFT"},{"data":"2","floor":44.0,"key":"LIFT"},{"data":"3","floor":49.0,"key":"LIFT"}],"neow_cost":"NONE","seed_source_timestamp":3218486799362113,"circlet_count":0,"master_deck":["AscendersBane","Strike_R","Strike_R","Strike_R","Defend_R","Defend_R","Defend_R","Defend_R+1","Bash","Shrug It Off+1","Clothesline","Evolve","Wild Strike","Spot Weakness+1","Flame Barrier+1","Reckless Charge","Battle Trance+1","Immolate","Headbutt+1","Heavy Blade+1","Anger","Wild Strike","Necronomicurse","Flame Barrier+1","Reckless Charge+1","Shrug It Off+1","Purity+1","Shockwave+1","True Grit+1","Shockwave+1","Shrug It Off+1"],"special_seed":0,"relics":["Burning Blood","NeowsBlessing","War Paint","Ancient Tea Set","Oddly Smooth Stone","WingedGreaves","Toxic Egg 2","Busted Crown","Centennial Puzzle","Necronomicon","Girya","PreservedInsect","Calipers","Molten Egg 2","Red Skull","Runic Pyramid","Brimstone","Bag of Preparation","Singing Bowl"],"potions_floor_usage":[50,50],"damage_taken":[{"damage":0.0,"enemies":"Cultist","floor":1.0,"turns":1.0},{"damage":0.0,"enemies":"Small Slimes","floor":5.0,"turns":1.0},{"damage":0.0,"enemies":"3 Sentries","floor":6.0,"turns":1.0},{"damage":0.0,"enemies":"2 Louse","floor":8.0,"turns":3.0},{"damage":28.0,"enemies":"Gremlin Nob","floor":10.0,"turns":5.0},{"damage":25.0,"enemies":"Lagavulin","floor":11.0,"turns":8.0},{"damage":3.0,"enemies":"Blue Slaver","floor":12.0,"turns":5.0},{"damage":15.0,"enemies":"Gremlin Gang","floor":13.0,"turns":6.0},{"damage":0.0,"enemies":"3 Louse","floor":14.0,"turns":4.0},{"damage":25.0,"enemies":"Hexaghost","floor":16.0,"turns":11.0},{"damage":8.0,"enemies":"2 Thieves","floor":18.0,"turns":4.0},{"damage":0.0,"enemies":"3 Byrds","floor":20.0,"turns":1.0},{"damage":12.0,"enemies":"Sentry and Sphere","floor":21.0,"turns":5.0},{"damage":6.0,"enemies":"Snecko","floor":22.0,"turns":5.0},{"damage":13.0,"enemies":"Gremlin Leader","floor":23.0,"turns":7.0},{"damage":26.0,"enemies":"Slavers","floor":25.0,"turns":5.0},{"damage":8.0,"enemies":"Snake Plant","floor":28.0,"turns":3.0},{"damage":13.0,"enemies":"Colosseum Slavers","floor":29.0,"turns":2.0},{"damage":7.0,"enemies":"Colosseum Nobs","floor":29.0,"turns":3.0},{"damage":9.0,"enemies":"Shelled Parasite and Fungi","floor":30.0,"turns":2.0},{"damage":34.0,"enemies":"Champ","floor":33.0,"turns":9.0},{"damage":3.0,"enemies":"3 Darklings","floor":35.0,"turns":4.0},{"damage":9.0,"enemies":"Orb Walker","floor":37.0,"turns":2.0},{"damage":3.0,"enemies":"Sphere and 2 Shapes","floor":41.0,"turns":2.0},{"damage":0.0,"enemies":"Jaw Worm Horde","floor":42.0,"turns":4.0},{"damage":6.0,"enemies":"Writhing Mass","floor":46.0,"turns":4.0},{"damage":24.0,"enemies":"3 Darklings","floor":47.0,"turns":4.0},{"damage":56,"enemies":"Awakened One","floor":50,"turns":7}],"seed_played":"4081028506785428436","potions_obtained":[{"floor":3.0,"key":"FearPotion"},{"floor":3.0,"key":"GamblersBrew"},{"floor":6.0,"key":"Regen Potion"},{"floor":12.0,"key":"SpeedPotion"},{"floor":13.0,"key":"Block Potion"},{"floor":20.0,"key":"Regen Potion"},{"floor":21.0,"key":"Block Potion"},{"floor":22.0,"key":"Weak Potion"},{"floor":23.0,"key":"Weak Potion"},{"floor":25.0,"key":"FearPotion"},{"floor":30.0,"key":"GamblersBrew"},{"floor":33.0,"key":"Swift Potion"},{"floor":46.0,"key":"PowerPotion"},{"floor":47.0,"key":"SkillPotion"}],"is_trial":false,"path_per_floor":["M","T","?","$","M","E","$","M","T","E","E","M","M","M","R","B",null,"M","$","M","M","M","E","?","E","T","R","M","?","M","T","R","B",null,"M","$","M","?","$","R","M","M","T","R","?","M","M","?","R","B",null],"character_chosen":"IRONCLAD","items_purchased":["Clothesline","Wild Strike","Heavy Blade","Anger","Brimstone","Reckless Charge+1","Shrug It Off+1","Purity+1","True Grit+1"],"campfire_rested":2,"item_purchase_floors":[4,7,19,19,36,36,36,36,39],"current_hp_per_floor":[74,74,74,74,75,75,75,75,75,60,41,44,35,41,41,22,62,60,60,66,60,74,67,46,26,26,48,46,38,35,35,57,29,64,67,67,64,64,64,64,67,73,73,73,73,73,57,57,57,7],"gold":131,"neow_bonus":"THREE_ENEMY_KILL","is_prod":false,"is_daily":false,"chose_seed":false,"campfire_upgraded":1,"win_rate":0,"timestamp":1557313680,"path_taken":["M","?","?","$","?","E","?","M","T","E","E","M","M","?","R","BOSS","M","$","?","M","M","E","?","E","T","R","M","?","M","?","R","BOSS","M","$","?","?","?","R","M","M","T","R","?","M","?","?","R","BOSS"],"build_version":"2019-01-23","purchased_purges":2,"victory":true,"max_hp_per_floor":[75,75,75,75,75,75,75,75,75,75,75,75,75,75,75,75,75,75,75,75,75,75,75,75,75,75,75,75,75,75,75,75,75,75,75,75,75,75,75,75,75,75,75,75,75,75,77,77,77,77],"card_choices":[{"not_picked":["Clash","Ghostly Armor"],"picked":"Shrug It Off","floor":1.0},{"not_picked":["Perfected Strike","Whirlwind"],"picked":"Evolve","floor":5.0},{"not_picked":["Clash","Rage","Limit Break"],"picked":"SKIP","floor":6.0},{"not_picked":["Clothesline","Flex","Havoc"],"picked":"SKIP","floor":8.0},{"not_picked":["True Grit","Flex"],"picked":"Spot Weakness","floor":10.0},{"not_picked":["Entrench","Clash"],"picked":"Flame Barrier","floor":11.0},{"not_picked":["Burning Pact+1","Corruption"],"picked":"Reckless Charge","floor":12.0},{"not_picked":["Heavy Blade","Pummel"],"picked":"Battle Trance+1","floor":13.0},{"not_picked":["Clothesline","Warcry+1","Iron Wave"],"picked":"SKIP","floor":14.0},{"not_picked":["Bludgeon","Barricade"],"picked":"Immolate","floor":16.0},{"not_picked":[],"picked":"Headbutt+1","floor":18.0},{"not_picked":[],"picked":"Wild Strike","floor":20.0},{"not_picked":["Iron Wave"],"picked":"SKIP","floor":21.0},{"not_picked":["Cleave"],"picked":"SKIP","floor":22.0},{"not_picked":["Cleave"],"picked":"SKIP","floor":22.0},{"not_picked":["Cleave"],"picked":"SKIP","floor":23.0},{"not_picked":["Dark Embrace"],"picked":"SKIP","floor":25.0},{"not_picked":["Rampage"],"picked":"SKIP","floor":28.0},{"not_picked":[],"picked":"Flame Barrier+1","floor":30.0},{"not_picked":["Entrench+1"],"picked":"SKIP","floor":35.0},{"not_picked":[],"picked":"Shockwave+1","floor":37.0},{"not_picked":["Twin Strike+1"],"picked":"SKIP","floor":41.0},{"not_picked":[],"picked":"Shockwave+1","floor":42.0},{"not_picked":[],"picked":"Shrug It Off+1","floor":46.0},{"not_picked":["Intimidate+1"],"picked":"Singing Bowl","floor":47.0}],"player_experience":1313667,"relics_obtained":[{"floor":2.0,"key":"War Paint"},{"floor":6.0,"key":"Ancient Tea Set"},{"floor":9.0,"key":"Oddly Smooth Stone"},{"floor":10.0,"key":"WingedGreaves"},{"floor":11.0,"key":"Toxic Egg 2"},{"floor":23.0,"key":"Centennial Puzzle"},{"floor":24.0,"key":"Necronomicon"},{"floor":25.0,"key":"Girya"},{"floor":26.0,"key":"PreservedInsect"},{"floor":29.0,"key":"Calipers"},{"floor":29.0,"key":"Molten Egg 2"},{"floor":31.0,"key":"Red Skull"},{"floor":43.0,"key":"Bag of Preparation"},{"floor":45.0,"key":"Singing Bowl"}],"event_choices":[{"damage_healed":0.0,"max_hp_gain":0.0,"max_hp_loss":0.0,"gold_gain":0.0,"event_name":"Lab","player_choice":"Got Potions","floor":3.0,"gold_loss":0.0,"damage_taken":0.0},{"damage_healed":0.0,"max_hp_gain":0.0,"max_hp_loss":0.0,"gold_gain":0.0,"event_name":"Cursed Tome","player_choice":"Obtained Book","floor":24.0,"gold_loss":0.0,"damage_taken":21.0},{"damage_healed":0.0,"max_hp_gain":0.0,"max_hp_loss":0.0,"gold_gain":0.0,"event_name":"Colosseum","player_choice":"Fight","floor":29.0,"gold_loss":0.0,"damage_taken":0.0},{"damage_healed":0.0,"max_hp_gain":0.0,"max_hp_loss":0.0,"gold_gain":0.0,"event_name":"Colosseum","player_choice":"Fought Nobs","floor":29.0,"gold_loss":0.0,"damage_taken":0.0},{"damage_healed":0.0,"max_hp_gain":0.0,"max_hp_loss":0.0,"gold_gain":50.0,"event_name":"Golden Shrine","player_choice":"Pray","floor":38.0,"gold_loss":0.0,"damage_taken":0.0},{"damage_healed":0.0,"max_hp_gain":0.0,"max_hp_loss":0.0,"gold_gain":0.0,"event_name":"Wheel of Change","player_choice":"Relic","floor":45.0,"gold_loss":0.0,"damage_taken":0.0},{"damage_healed":0.0,"max_hp_gain":0.0,"max_hp_loss":0.0,"gold_gain":0.0,"event_name":"Upgrade Shrine","player_choice":"Upgraded","floor":48.0,"gold_loss":0.0,"damage_taken":0.0,"cards_upgraded":["Heavy Blade"]}],"is_beta":false,"boss_relics":[{"not_picked":["Orrery","Tiny House"],"picked":"Busted Crown"},{"not_picked":["Lizard Tail","Runic Cube"],"picked":"Runic Pyramid"}],"items_purged_floors":[4,19],"is_endless":false,"potions_floor_spawned":[6,8,12,13,16,20,21,22,23,25,30,33,46,47],"ascension_level":17}