{"gold_per_floor":[119,119,134,84,97,130,163,175,187,199,226,269,281,326,338,475,487,487,487,11,0,0,0,0,0,0,0,0,0,0,0,0,0,0,0,0,0,0,0,0,0,0,0,0,0,0,0,0,0,0],"floor_reached":51,"playtime":1985,"items_purged":["Strike_G+1"],"score":1169,"play_id":"eb5aedf4-05f2-4022-b536-4fa90f741562","local_time":"20190529200323","is_ascension_mode":true,"campfire_choices":[{"floor":10.0,"key":"REST"},{"floor":13,"key":"DIG"},{"floor":15,"key":"DIG"},{"data":"1","floor":24,"key":"LIFT"},{"data":"2","floor":29,"key":"LIFT"},{"data":"3","floor":32,"key":"LIFT"},{"floor":40,"key":"DIG"},{"floor":42,"key":"DIG"},{"floor":44,"key":"DIG"},{"floor":49,"key":"DIG"}],"neow_cost":"NONE","seed_source_timestamp":5239530977900,"circlet_count":0,"master_deck":["Defend_G+1","Defend_G+1","Defend_G+1","Defend_G+1","Defend_G+1","Strike_G+1","Strike_G+1","Strike_G+1","Survivor","Neutralize","Riddle With Holes","Deadly Poison","Well Laid Plans","PiercingWail","Deadly Poison","Poisoned Stab+1","Dagger Spray+1","Riddle With Holes+1","Glass Knife+1","PiercingWail","Acrobatics","Leg Sweep+1","Calculated Gamble","Blur+1","Night Terror","Leg Sweep+1","Die Die Die+1","Cloak And Dagger+1","Jack Of All Trades","Swift Strike+1","PiercingWail","Envenom","Neutralize+1","PiercingWail+1","Malaise"],"special_seed":0,"relics":["Ring of the Snake","Golden Idol","MawBank","Shovel","Molten Egg 2","Juzu Bracelet","Regal Pillow","Vajra","Girya","Ectoplasm","Sling","Potion Belt","Singing Bowl","Anchor","Nloth\u0027s Gift","Fusion Hammer","Torii","Smiling Mask","Red Mask","Ginger","Oddly Smooth Stone","Bottled Flame","Tingsha","Boot","Question Card","Blood Vial"],"potions_floor_usage":[12,12,16,16,27,50,50,50],"damage_taken":[{"damage":3.0,"enemies":"2 Louse","floor":1.0,"turns":3.0},{"damage":0.0,"enemies":"Small Slimes","floor":3.0,"turns":4.0},{"damage":5.0,"enemies":"Jaw Worm","floor":5.0,"turns":8.0},{"damage":20.0,"enemies":"Lagavulin","floor":6.0,"turns":8.0},{"damage":4.0,"enemies":"2 Fungi Beasts","floor":7.0,"turns":4.0},{"damage":1,"enemies":"3 Louse","floor":11,"turns":4},{"damage":14,"enemies":"3 Sentries","floor":12,"turns":9},{"damage":15,"enemies":"Lagavulin","floor":14,"turns":7},{"damage":17,"enemies":"Slime Boss","floor":16,"turns":8},{"damage":2,"enemies":"Chosen","floor":18,"turns":3},{"damage":0,"enemies":"2 Thieves","floor":21,"turns":3},{"damage":14,"enemies":"Book of Stabbing","floor":23,"turns":4},{"damage":0,"enemies":"Cultist and Chosen","floor":25,"turns":6},{"damage":7,"enemies":"Slavers","floor":27,"turns":4},{"damage":18,"enemies":"Collector","floor":33,"turns":8},{"damage":4,"enemies":"3 Darklings","floor":35,"turns":4},{"damage":0,"enemies":"Mind Bloom Boss Battle","floor":36,"turns":7},{"damage":0,"enemies":"Nemesis","floor":45,"turns":5},{"damage":9,"enemies":"3 Shapes","floor":47,"turns":3},{"damage":0,"enemies":"Reptomancer","floor":48,"turns":4},{"damage":3,"enemies":"Time Eater","floor":50,"turns":13}],"seed_played":"2288817439947043996","potions_obtained":[{"floor":0.0,"key":"GhostInAJar"},{"floor":0.0,"key":"SteroidPotion"},{"floor":0.0,"key":"Swift Potion"},{"floor":6.0,"key":"Regen Potion"},{"floor":14,"key":"SteroidPotion"},{"floor":16,"key":"Energy Potion"},{"floor":23,"key":"GhostInAJar"},{"floor":27,"key":"GamblersBrew"},{"floor":36,"key":"Energy Potion"},{"floor":45,"key":"SpeedPotion"},{"floor":48,"key":"PowerPotion"}],"is_trial":false,"path_per_floor":["M","?","M","?","M","E","M","?","T","R","M","E","R","E","R","B",null,"M","?","$","M","?","E","R","M","T","E","?","R","$","?","R","B",null,"M","?","T","?","?","R","?","R","T","R","E","?","M","E","R","B",null],"character_chosen":"THE_SILENT","items_purchased":["Sling","Centennial Puzzle","Acrobatics"],"campfire_rested":1,"item_purchase_floors":[20,20,20],"current_hp_per_floor":[60,60,60,60,55,35,31,19,19,38,37,38,38,23,23,6,50,48,48,48,48,48,34,34,34,34,27,27,27,27,27,27,9,51,47,49,49,49,49,49,41,41,41,41,41,41,32,32,32,31],"gold":0,"neow_bonus":"THREE_SMALL_POTIONS","is_prod":false,"is_daily":false,"chose_seed":false,"campfire_upgraded":0,"win_rate":0,"timestamp":1559153003,"path_taken":["M","?","M","?","M","E","M","?","T","R","M","E","R","E","R","BOSS","M","?","$","M","?","E","R","M","T","E","?","R","$","?","R","BOSS","M","?","?","?","?","R","?","R","T","R","E","?","M","E","R","BOSS"],"build_version":"2019-01-23","purchased_purges":1,"victory":true,"max_hp_per_floor":[70,65,65,65,65,65,65,65,65,65,65,65,65,65,65,65,65,65,65,65,65,65,65,65,65,65,65,65,65,65,65,65,65,65,65,67,67,67,67,67,69,69,69,69,69,69,69,69,69,69],"card_choices":[{"not_picked":["Expertise","Dodge and Roll"],"picked":"Riddle With Holes","floor":1.0},{"not_picked":["Cloak And Dagger","Sucker Punch"],"picked":"Deadly Poison","floor":3.0},{"not_picked":["Blade Dance","Concentrate"],"picked":"Well Laid Plans","floor":5.0},{"not_picked":["Blur","Night Terror"],"picked":"PiercingWail","floor":6.0},{"not_picked":["Dodge and Roll","Cloak And Dagger"],"picked":"Deadly Poison","floor":7.0},{"not_picked":["Flying Knee+1","Quick Slash+1"],"picked":"Poisoned Stab+1","floor":11},{"not_picked":["Grand Finale+1","Infinite Blades"],"picked":"Dagger Spray+1","floor":12},{"not_picked":["Leg Sweep","Well Laid Plans"],"picked":"Riddle With Holes+1","floor":14},{"not_picked":["Storm of Steel","Unload+1"],"picked":"Glass Knife+1","floor":16},{"not_picked":["Deflect","Dash+1"],"picked":"PiercingWail","floor":18},{"not_picked":["Cloak And Dagger","Backstab+1"],"picked":"Leg Sweep+1","floor":21},{"not_picked":["Predator+1","Tactician"],"picked":"Calculated Gamble","floor":23},{"not_picked":["Blade Dance+1","Poisoned Stab+1"],"picked":"Blur+1","floor":25},{"not_picked":["Dodge and Roll+1","PiercingWail"],"picked":"Night Terror","floor":27},{"not_picked":["Grand Finale+1","Corpse Explosion"],"picked":"Die Die Die+1","floor":33},{"not_picked":["Setup+1","Sucker Punch+1"],"picked":"Cloak And Dagger+1","floor":35},{"not_picked":["Blade Dance+1","Heel Hook+1","Cloak And Dagger+1"],"picked":"Singing Bowl","floor":36},{"not_picked":["The Bomb","PanicButton"],"picked":"Jack Of All Trades","floor":41},{"not_picked":["Bandage Up","Discovery"],"picked":"Swift Strike+1","floor":41},{"not_picked":["Discovery","Dramatic Entrance+1","Jack Of All Trades"],"picked":"Singing Bowl","floor":41},{"not_picked":["Underhanded Strike+1","Bouncing Flask+1"],"picked":"PiercingWail","floor":45},{"not_picked":["Underhanded Strike+1","Quick Slash+1"],"picked":"PiercingWail+1","floor":47},{"not_picked":["Corpse Explosion","PiercingWail"],"picked":"Malaise","floor":48}],"player_experience":68984,"relics_obtained":[{"floor":6.0,"key":"MawBank"},{"floor":9.0,"key":"Molten Egg 2"},{"floor":12,"key":"Juzu Bracelet"},{"floor":13,"key":"Regal Pillow"},{"floor":14,"key":"Vajra"},{"floor":15,"key":"Girya"},{"floor":23,"key":"Potion Belt"},{"floor":26,"key":"Singing Bowl"},{"floor":27,"key":"Anchor"},{"floor":36,"key":"Torii"},{"floor":37,"key":"Smiling Mask"},{"floor":40,"key":"Ginger"},{"floor":42,"key":"Oddly Smooth Stone"},{"floor":43,"key":"Bottled Flame"},{"floor":44,"key":"Tingsha"},{"floor":45,"key":"Boot"},{"floor":48,"key":"Question Card"},{"floor":49,"key":"Blood Vial"}],"event_choices":[{"damage_healed":0.0,"max_hp_gain":0.0,"max_hp_loss":5.0,"gold_gain":0.0,"event_name":"Golden Idol","player_choice":"Lose Max HP","floor":2.0,"gold_loss":0.0,"damage_taken":0.0,"relics_obtained":["Golden Idol"]},{"cards_removed":["Strike_G"],"damage_healed":0.0,"max_hp_gain":0.0,"max_hp_loss":0.0,"gold_gain":0.0,"event_name":"The Cleric","player_choice":"Card Removal","floor":4.0,"gold_loss":50.0,"damage_taken":0.0},{"damage_healed":0.0,"max_hp_gain":0.0,"max_hp_loss":0.0,"gold_gain":0.0,"event_name":"Scrap Ooze","player_choice":"Success","floor":8.0,"gold_loss":0.0,"damage_taken":12.0,"relics_obtained":["Shovel"]},{"damage_healed":0,"gold_gain":0,"player_choice":"Simplicity","damage_taken":0,"max_hp_gain":0,"max_hp_loss":0,"event_name":"Back to Basics","floor":19,"gold_loss":0,"cards_upgraded":["Defend_G","Defend_G","Defend_G","Defend_G","Defend_G","Strike_G","Strike_G","Strike_G","Strike_G"]},{"damage_healed":0,"gold_gain":0,"player_choice":"Traded Relic","damage_taken":0,"relics_obtained":["Nloth\u0027s Gift"],"max_hp_gain":0,"max_hp_loss":0,"event_name":"N\u0027loth","floor":28,"relics_lost":["Centennial Puzzle"],"gold_loss":0},{"damage_healed":0,"gold_gain":0,"player_choice":"Copied","damage_taken":0,"max_hp_gain":0,"max_hp_loss":0,"event_name":"Duplicator","floor":31,"gold_loss":0,"cards_obtained":["Leg Sweep"]},{"damage_healed":0,"gold_gain":0,"player_choice":"Fight","damage_taken":0,"max_hp_gain":0,"max_hp_loss":0,"event_name":"MindBloom","floor":36,"gold_loss":0},{"damage_healed":0,"gold_gain":0,"player_choice":"Ignored","damage_taken":0,"max_hp_gain":0,"max_hp_loss":0,"event_name":"SecretPortal","floor":38,"gold_loss":0},{"damage_healed":0,"gold_gain":0,"player_choice":"Paid","damage_taken":0,"relics_obtained":["Red Mask"],"max_hp_gain":0,"max_hp_loss":0,"event_name":"Tomb of Lord Red Mask","floor":39,"gold_loss":0},{"damage_healed":0,"gold_gain":0,"player_choice":"Memory 3","damage_taken":10,"max_hp_gain":0,"max_hp_loss":0,"event_name":"SensoryStone","floor":41,"gold_loss":0},{"damage_healed":0,"gold_gain":0,"player_choice":"2 cards matched","damage_taken":0,"max_hp_gain":0,"max_hp_loss":0,"event_name":"Match and Keep!","floor":46,"gold_loss":0,"cards_obtained":["Envenom","Neutralize"]}],"is_beta":false,"boss_relics":[{"not_picked":["Lizard Tail","Orrery"],"picked":"Ectoplasm"},{"not_picked":["Eternal Feather","Runic Pyramid"],"picked":"Fusion Hammer"}],"items_purged_floors":[20],"is_endless":false,"potions_floor_spawned":[3,5,6,11,14,16,23,27,36,45,48],"ascension_level":7}