{"gold_per_floor":[116,136,136,136,153,166,182,182,233,266,284,66,66,66],"floor_reached":14,"playtime":690,"items_purged":[],"score":133,"play_id":"10623c4f-6675-4510-b725-f8022783b468","local_time":"20190313154548","is_ascension_mode":true,"campfire_choices":[{"floor":8,"key":"REST"}],"neow_cost":"NONE","seed_source_timestamp":2232907543942821,"circlet_count":0,"master_deck":["Defend_G","Defend_G","Defend_G","Defend_G","Defend_G","Strike_G","Strike_G","Strike_G","Strike_G+1","Strike_G","Survivor","Neutralize+1","Quick Slash","Sucker Punch","Poisoned Stab","Calculated Gamble","Crippling Poison","Flechettes","PiercingWail","Leg Sweep"],"relics":["Ring of the Snake","Paper Crane","Pen Nib","Bag of Preparation","Oddly Smooth Stone"],"potions_floor_usage":[],"damage_taken":[{"damage":0,"enemies":"Cultist","floor":1,"turns":5},{"damage":3,"enemies":"Jaw Worm","floor":2,"turns":4},{"damage":4,"enemies":"2 Louse","floor":5,"turns":3},{"damage":10,"enemies":"2 Fungi Beasts","floor":6,"turns":3},{"damage":4,"enemies":"Looter","floor":7,"turns":4},{"damage":36,"enemies":"3 Sentries","floor":10,"turns":12},{"damage":17,"enemies":"Large Slime","floor":11,"turns":6},{"damage":7,"enemies":"Exordium Thugs","floor":14,"turns":2}],"seed_played":"6596813391310468952","potions_obtained":[{"floor":1,"key":"FearPotion"},{"floor":6,"key":"SteroidPotion"}],"is_trial":false,"path_per_floor":["M","M","?","?","M","M","M","R","T","E","M","$","?","M"],"character_chosen":"THE_SILENT","items_purchased":["Oddly Smooth Stone","Leg Sweep"],"campfire_rested":1,"item_purchase_floors":[12,12],"current_hp_per_floor":[70,67,67,52,48,38,34,57,57,21,4,4,4,0],"gold":66,"neow_bonus":"TEN_PERCENT_HP_BONUS","is_prod":false,"is_daily":false,"chose_seed":false,"campfire_upgraded":0,"win_rate":0,"timestamp":1552470348,"path_taken":["M","?","?","?","M","M","M","R","T","E","M","$","?","M"],"build_version":"2019-01-23","purchased_purges":0,"victory":false,"max_hp_per_floor":[77,77,77,77,77,77,77,77,77,77,77,77,77,77],"card_choices":[{"not_picked":["Eviscerate","Acrobatics"],"picked":"Quick Slash","floor":1},{"not_picked":["Deflect","Backflip"],"picked":"Sucker Punch","floor":2},{"not_picked":["Distraction","Concentrate"],"picked":"Poisoned Stab","floor":5},{"not_picked":["Eviscerate","Caltrops"],"picked":"Calculated Gamble","floor":6},{"not_picked":["Quick Slash","Poisoned Stab"],"picked":"Crippling Poison","floor":7},{"not_picked":["Escape Plan","Predator"],"picked":"Flechettes","floor":10},{"not_picked":["Finisher","Backstab"],"picked":"PiercingWail","floor":11}],"player_experience":995074,"relics_obtained":[{"floor":9,"key":"Pen Nib"},{"floor":10,"key":"Bag of Preparation"}],"event_choices":[{"damage_healed":0,"gold_gain":0,"player_choice":"Box","damage_taken":0,"relics_obtained":["Paper Crane"],"max_hp_gain":0,"max_hp_loss":0,"event_name":"Big Fish","floor":3,"gold_loss":0,"cards_obtained":["Regret"]},{"damage_healed":0,"gold_gain":0,"player_choice":"Entered Light","damage_taken":15,"max_hp_gain":0,"max_hp_loss":0,"event_name":"Shining Light","floor":4,"gold_loss":0,"cards_upgraded":["Strike_G","Neutralize"]},{"cards_removed":["Regret"],"damage_healed":0,"gold_gain":0,"player_choice":"Forget","damage_taken":0,"max_hp_gain":0,"max_hp_loss":0,"event_name":"Living Wall","floor":13,"gold_loss":0}],"is_beta":false,"boss_relics":[],"items_purged_floors":[],"is_endless":false,"potions_floor_spawned":[1,6],"killed_by":"Exordium Thugs","ascension_level":9}