{"gold_per_floor":[114,114,131,131,148,148,174,186,186,203,223,223,239,256,256,356,356,368,380,479,496,516,516,137,137,163,177,177,177,177,177,177,279,329,340,356,356,356,369,388,404,436,436,436],"floor_reached":44,"playtime":2299,"items_purged":["Strike_R"],"score":546,"play_id":"66c8e53f-4023-47d7-95c1-ebca053fbbfc","local_time":"20190130143937","is_ascension_mode":false,"campfire_choices":[{"data":"Flame Barrier","floor":6.0,"key":"SMITH"},{"data":"Feed","floor":12.0,"key":"SMITH"},{"data":"Armaments","floor":15.0,"key":"SMITH"},{"data":"Barricade","floor":23.0,"key":"SMITH"},{"data":"Discovery","floor":25.0,"key":"SMITH"},{"floor":28.0,"key":"RECALL"},{"data":"Spot Weakness","floor":30.0,"key":"SMITH"},{"data":"Body Slam","floor":32.0,"key":"SMITH"}],"neow_cost":"NONE","seed_source_timestamp":0,"circlet_count":0,"master_deck":["Strike_R+1","Strike_R+1","Strike_R+1","Strike_R+1","Defend_R+1","Defend_R+1","Defend_R+1","Defend_R+1","Bash","Body Slam+1","Corruption","Flame Barrier+1","Inflame+1","Feed+1","Cleave","Armaments+1","Barricade+1","Rampage+1","Body Slam","Discovery+1","Spot Weakness+1","Offering+1","Sentinel","Heavy Blade","Deep Breath","Offering","Parasite","Iron Wave+1"],"special_seed":0,"relics":["Burning Blood","NeowsBlessing","PreservedInsect","The Courier","Vajra","Busted Crown","Magic Flower","Tiny House","Singing Bowl","Toxic Egg 2"],"potions_floor_usage":[],"damage_taken":[{"damage":0.0,"enemies":"Jaw Worm","floor":1.0,"turns":1.0},{"damage":0.0,"enemies":"Cultist","floor":3.0,"turns":1.0},{"damage":0.0,"enemies":"Small Slimes","floor":5.0,"turns":2.0},{"damage":28.0,"enemies":"Gremlin Nob","floor":7.0,"turns":4.0},{"damage":7.0,"enemies":"Exordium Wildlife","floor":8.0,"turns":6.0},{"damage":13.0,"enemies":"3 Louse","floor":10.0,"turns":3.0},{"damage":17.0,"enemies":"Exordium Thugs","floor":11.0,"turns":5.0},{"damage":9.0,"enemies":"Blue Slaver","floor":13.0,"turns":4.0},{"damage":0.0,"enemies":"3 Louse","floor":14.0,"turns":2.0},{"damage":40.0,"enemies":"Hexaghost","floor":16.0,"turns":10.0},{"damage":12.0,"enemies":"Shell Parasite","floor":18.0,"turns":6.0},{"damage":31.0,"enemies":"3 Byrds","floor":19.0,"turns":6.0},{"damage":21.0,"enemies":"Centurion and Healer","floor":21.0,"turns":8.0},{"damage":10.0,"enemies":"Snecko","floor":22.0,"turns":3.0},{"damage":30.0,"enemies":"Shelled Parasite and Fungi","floor":27.0,"turns":8.0},{"damage":0.0,"enemies":"Champ","floor":33.0,"turns":11.0},{"damage":12.0,"enemies":"3 Darklings","floor":35.0,"turns":5.0},{"damage":39.0,"enemies":"3 Shapes","floor":36.0,"turns":5.0},{"damage":31.0,"enemies":"Spire Growth","floor":39.0,"turns":5.0},{"damage":9.0,"enemies":"Writhing Mass","floor":40.0,"turns":5.0},{"damage":34.0,"enemies":"Jaw Worm Horde","floor":41.0,"turns":4.0},{"damage":34.0,"enemies":"Reptomancer","floor":42.0,"turns":7.0},{"damage":3,"enemies":"Sphere and 2 Shapes","floor":44,"turns":3}],"seed_played":"-2105316657532627567","potions_obtained":[{"floor":3.0,"key":"Weak Potion"},{"floor":7.0,"key":"Block Potion"},{"floor":10.0,"key":"Strength Potion"},{"floor":13.0,"key":"Regen Potion"},{"floor":16.0,"key":"AttackPotion"},{"floor":18.0,"key":"Swift Potion"},{"floor":22.0,"key":"Block Potion"},{"floor":33.0,"key":"Ancient Potion"},{"floor":34.0,"key":"EssenceOfSteel"},{"floor":36.0,"key":"SpeedPotion"},{"floor":40.0,"key":"Weak Potion"},{"floor":42.0,"key":"PowerPotion"}],"is_trial":false,"path_per_floor":["M","?","M","?","M","R","E","M","T","M","M","R","M","M","R","B",null,"M","M","?","M","M","R","$","R","T","M","R","?","R","?","R","B",null,"M","M","?","?","M","M","M","E","T","M"],"character_chosen":"IRONCLAD","items_purchased":["Magic Flower","Discovery"],"campfire_rested":0,"item_purchase_floors":[24,24],"current_hp_per_floor":[80,64,70,63,69,69,47,46,46,39,28,28,29,39,39,24,92,86,65,65,54,50,50,50,50,50,35,35,35,35,35,35,44,109,106,76,76,76,54,54,35,12,12,9],"gold":436,"neow_bonus":"THREE_ENEMY_KILL","is_prod":false,"is_daily":false,"chose_seed":false,"campfire_upgraded":7,"win_rate":0,"timestamp":1548859177,"path_taken":["M","?","M","?","M","R","E","M","T","M","M","R","?","?","R","BOSS","M","M","?","M","M","R","$","R","T","M","R","?","R","?","R","BOSS","M","M","?","?","M","M","M","E","T","M"],"build_version":"2019-01-23","purchased_purges":1,"victory":false,"max_hp_per_floor":[80,80,80,80,80,80,80,80,80,80,80,80,84,88,88,92,92,92,96,96,100,100,100,100,100,100,104,104,104,104,104,104,104,109,109,109,109,109,109,109,113,115,115,115],"card_choices":[{"not_picked":["Flex","Headbutt"],"picked":"Body Slam","floor":1.0},{"not_picked":["Sentinel","Flex"],"picked":"Corruption","floor":3.0},{"not_picked":["Clash","Ghostly Armor"],"picked":"Flame Barrier","floor":5.0},{"not_picked":["Battle Trance","Armaments"],"picked":"Inflame","floor":7.0},{"not_picked":["Anger","Thunderclap"],"picked":"Havoc","floor":8.0},{"not_picked":["Flex","Wild Strike","Twin Strike"],"picked":"SKIP","floor":10.0},{"not_picked":["Rampage","Clothesline"],"picked":"Feed","floor":11.0},{"not_picked":["Wild Strike","Perfected Strike"],"picked":"Cleave","floor":13.0},{"not_picked":["Body Slam","Heavy Blade"],"picked":"Armaments","floor":14.0},{"not_picked":["Berserk","Reaper"],"picked":"Barricade","floor":16.0},{"not_picked":[],"picked":"Rampage+1","floor":18.0},{"not_picked":["Reckless Charge"],"picked":"SKIP","floor":19.0},{"not_picked":[],"picked":"Body Slam","floor":21.0},{"not_picked":["Sword Boomerang"],"picked":"SKIP","floor":22.0},{"not_picked":[],"picked":"Spot Weakness","floor":27.0},{"not_picked":[],"picked":"Offering","floor":33.0},{"not_picked":[],"picked":"Sentinel","floor":35.0},{"not_picked":[],"picked":"Heavy Blade","floor":36.0},{"not_picked":[],"picked":"Deep Breath","floor":37.0},{"not_picked":["Power Through+1"],"picked":"SKIP","floor":39.0},{"not_picked":["Clash"],"picked":"SKIP","floor":40.0},{"not_picked":[],"picked":"Iron Wave+1","floor":41.0},{"not_picked":["Entrench+1"],"picked":"Singing Bowl","floor":42.0}],"player_experience":715919,"relics_obtained":[{"floor":7.0,"key":"The Courier"},{"floor":9.0,"key":"Vajra"},{"floor":42.0,"key":"Singing Bowl"},{"floor":43.0,"key":"Toxic Egg 2"}],"event_choices":[{"damage_healed":0.0,"max_hp_gain":0.0,"max_hp_loss":0.0,"gold_gain":0.0,"event_name":"Shining Light","player_choice":"Entered Light","floor":2.0,"gold_loss":0.0,"damage_taken":16.0,"cards_upgraded":["Strike_R","Defend_R"]},{"damage_healed":0.0,"max_hp_gain":0.0,"max_hp_loss":0.0,"gold_gain":0.0,"event_name":"Scrap Ooze","player_choice":"Success","floor":4.0,"gold_loss":0.0,"damage_taken":7.0,"relics_obtained":["PreservedInsect"]},{"damage_healed":0.0,"max_hp_gain":0.0,"max_hp_loss":0.0,"gold_gain":99.0,"event_name":"Nest","player_choice":"Stole From Cult","floor":20.0,"gold_loss":0.0,"damage_taken":0.0},{"damage_healed":0.0,"max_hp_gain":0.0,"max_hp_loss":0.0,"gold_gain":0.0,"event_name":"Back to Basics","player_choice":"Simplicity","floor":29.0,"gold_loss":0.0,"damage_taken":0.0,"cards_upgraded":["Strike_R","Strike_R","Strike_R","Defend_R","Defend_R","Defend_R"]},{"damage_healed":0.0,"max_hp_gain":0.0,"max_hp_loss":0.0,"gold_gain":0.0,"event_name":"Accursed Blacksmith","player_choice":"Forge","floor":31.0,"gold_loss":0.0,"damage_taken":0.0,"cards_upgraded":["Inflame"]},{"damage_healed":0.0,"max_hp_gain":0.0,"max_hp_loss":0.0,"gold_gain":0.0,"event_name":"SensoryStone","player_choice":"Memory 1","floor":37.0,"gold_loss":0.0,"damage_taken":0.0},{"damage_healed":0.0,"max_hp_gain":0.0,"max_hp_loss":0.0,"gold_gain":0.0,"cards_transformed":["Havoc"],"event_name":"Transmorgrifier","player_choice":"Transformed","floor":38.0,"gold_loss":0.0,"damage_taken":0.0,"cards_obtained":["Offering"]}],"is_beta":false,"boss_relics":[{"not_picked":["Coffee Dripper","Runic Pyramid"],"picked":"Busted Crown"},{"not_picked":["Empty Cage","Orrery"],"picked":"Tiny House"}],"items_purged_floors":[24],"is_endless":false,"potions_floor_spawned":[3,7,10,13,16,18,22,33,36,40,42],"killed_by":"Sphere and 2 Shapes","ascension_level":0}