{"gold_per_floor":[117,117,133,37,64,64,97,97,97,112,131,159,174,9,9,83,83,97,111,111],"floor_reached":20,"playtime":1754,"items_purged":[],"score":397,"play_id":"5e05a794-ab28-4f78-8544-be13ceb105d3","local_time":"20190412161751","is_ascension_mode":true,"campfire_choices":[{"data":"Zap","floor":6,"key":"SMITH"},{"data":"Sweeping Beam","floor":8,"key":"SMITH"},{"data":"Recycle","floor":15,"key":"SMITH"}],"neow_cost":"NONE","seed_source_timestamp":971045175304122,"circlet_count":0,"master_deck":["AscendersBane","Strike_B","Strike_B","Strike_B","Strike_B","Defend_B","Defend_B","Defend_B","Defend_B","Zap+1","Dualcast+1","Barrage","Hello World","Go for the Eyes","Sweeping Beam+1","Steam","FTL","Capacitor","Recycle+1","Scrape","BootSequence","Seek","Reprogram","Self Repair"],"relics":["FrozenCore","NeowsBlessing","Lantern","Blue Candle","Bag of Marbles","Oddly Smooth Stone"],"potions_floor_usage":[12,12,16],"damage_taken":[{"damage":0,"enemies":"Cultist","floor":1,"turns":1},{"damage":0,"enemies":"2 Louse","floor":3,"turns":1},{"damage":0,"enemies":"Lagavulin","floor":7,"turns":2},{"damage":0,"enemies":"Small Slimes","floor":10,"turns":3},{"damage":0,"enemies":"Blue Slaver","floor":11,"turns":2},{"damage":8,"enemies":"Gremlin Nob","floor":12,"turns":3},{"damage":12,"enemies":"2 Fungi Beasts","floor":13,"turns":2},{"damage":12,"enemies":"Hexaghost","floor":16,"turns":9},{"damage":8,"enemies":"Spheric Guardian","floor":18,"turns":5},{"damage":7,"enemies":"Shell Parasite","floor":19,"turns":8},{"damage":46,"enemies":"Snecko","floor":20,"turns":4}],"seed_played":"-3649133816589558463","potions_obtained":[{"floor":1,"key":"Poison Potion"},{"floor":11,"key":"AttackPotion"},{"floor":13,"key":"AttackPotion"},{"floor":16,"key":"Block Potion"}],"is_trial":false,"path_per_floor":["M","?","M","$","T","R","E","R","T","M","M","E","M","$","R","B",null,"M","M","M"],"character_chosen":"DEFECT","items_purchased":["Hello World","Go for the Eyes","Scrape","BootSequence"],"campfire_rested":0,"item_purchase_floors":[4,4,14,14],"current_hp_per_floor":[64,64,64,64,64,64,64,64,64,64,64,56,44,44,44,32,61,53,46,0],"gold":111,"neow_bonus":"THREE_ENEMY_KILL","is_prod":false,"is_daily":false,"chose_seed":false,"campfire_upgraded":3,"win_rate":0,"timestamp":1555064271,"path_taken":["M","?","M","$","?","R","E","R","T","M","M","E","M","$","R","BOSS","M","M","M"],"build_version":"2019-01-23","purchased_purges":0,"victory":false,"max_hp_per_floor":[71,71,71,71,71,71,71,71,71,71,71,71,71,71,71,71,71,71,71,71],"card_choices":[{"not_picked":["White Noise","Aggregate","Hello World"],"picked":"SKIP","floor":1},{"not_picked":["Compile Driver","Stack"],"picked":"Barrage","floor":3},{"not_picked":["Blizzard","Coolheaded"],"picked":"Sweeping Beam","floor":7},{"not_picked":["Redo","Leap"],"picked":"Steam","floor":10},{"not_picked":["Reprogram","Loop"],"picked":"FTL","floor":11},{"not_picked":["Leap","Amplify"],"picked":"Capacitor","floor":12},{"not_picked":["Turbo","Rip and Tear"],"picked":"Recycle","floor":13},{"not_picked":["Hyperbeam","Multi-Cast"],"picked":"Seek","floor":16},{"not_picked":["Compile Driver","Cold Snap"],"picked":"Reprogram","floor":18},{"not_picked":["Reprogram","Recycle"],"picked":"Self Repair","floor":19}],"player_experience":1134148,"relics_obtained":[{"floor":5,"key":"Lantern"},{"floor":7,"key":"Blue Candle"},{"floor":9,"key":"Bag of Marbles"},{"floor":12,"key":"Oddly Smooth Stone"}],"event_choices":[{"damage_healed":0,"gold_gain":0,"player_choice":"Upgraded","damage_taken":0,"max_hp_gain":0,"max_hp_loss":0,"event_name":"Upgrade Shrine","floor":2,"gold_loss":0,"cards_upgraded":["Dualcast"]}],"is_beta":false,"boss_relics":[{"not_picked":["Fusion Hammer","Cursed Key"],"picked":"FrozenCore"}],"items_purged_floors":[],"is_endless":false,"potions_floor_spawned":[1,11,13,16],"killed_by":"Snecko","ascension_level":18}