{"gold_per_floor":[117,117,24,43,53,53,85,15,62,62,62,75,93,104,104,200,200,219,219,231,33,53,53,69,69,142,142,142,142,156,166,166,269,269,288,288,42,57,75,75,175,175,201,229,3,22,40,57,57,57,57,57,18,50,50],"floor_reached":56,"playtime":6133,"items_purged":[],"score":1181,"play_id":"f98f8a60-3db4-493d-9478-2beb7ac9a607","local_time":"20190530003716","is_ascension_mode":false,"campfire_choices":[{"data":"Fission","floor":6,"key":"SMITH"},{"floor":11,"key":"REST"},{"floor":15,"key":"REST"},{"floor":23,"key":"RECALL"},{"data":"Defragment","floor":25,"key":"SMITH"},{"data":"Defragment","floor":27,"key":"SMITH"},{"floor":32,"key":"REST"},{"data":"Amplify","floor":40,"key":"SMITH"},{"data":"Redo","floor":42,"key":"SMITH"},{"floor":49,"key":"REST"},{"data":"Core Surge","floor":52,"key":"SMITH"}],"neow_cost":"NONE","seed_source_timestamp":79022750261925,"circlet_count":0,"master_deck":["Zap","Dualcast","Hello World","Force Field","FTL+1","Skim","Ball Lightning","Fission+1","Stack","Conserve Battery","Hello World","Cold Snap","Coolheaded","Gash","Redo+1","Defragment+1","Defragment+1","Go for the Eyes","Echo Form+1","Electrodynamics","White Noise","Self Repair+1","Blizzard","Leap","Core Surge+1","Redo","Ball Lightning","Ball Lightning+1","Amplify+1","Stack+1","Conserve Battery","Lockon","Static Discharge+1","Compile Driver+1","Turbo+1","Loop","Conserve Battery","Glacier+1","Beam Cell+1","Defragment","Barrage"],"relics":["Pandora\u0027s Box","Strawberry","Dodecahedron","Lizard Tail","Runic Capacitor","Mummified Hand","Sozu","Orichalcum","Bronze Scales","Whetstone","Ginger","Anchor","Centennial Puzzle"],"potions_floor_usage":[22,30,33,33],"damage_taken":[{"damage":0,"enemies":"Jaw Worm","floor":1,"turns":2},{"damage":5,"enemies":"Small Slimes","floor":4,"turns":4},{"damage":11,"enemies":"2 Louse","floor":5,"turns":3},{"damage":14,"enemies":"3 Sentries","floor":7,"turns":9},{"damage":0,"enemies":"Red Slaver","floor":12,"turns":4},{"damage":9,"enemies":"3 Louse","floor":13,"turns":4},{"damage":8,"enemies":"Large Slime","floor":14,"turns":5},{"damage":18,"enemies":"Hexaghost","floor":16,"turns":12},{"damage":2,"enemies":"Shell Parasite","floor":18,"turns":5},{"damage":7,"enemies":"Chosen","floor":20,"turns":7},{"damage":18,"enemies":"Shelled Parasite and Fungi","floor":22,"turns":7},{"damage":9,"enemies":"Snecko","floor":24,"turns":5},{"damage":6,"enemies":"3 Cultists","floor":30,"turns":5},{"damage":27,"enemies":"Snake Plant","floor":31,"turns":6},{"damage":0,"enemies":"Champ","floor":33,"turns":9},{"damage":5,"enemies":"3 Darklings","floor":35,"turns":4},{"damage":0,"enemies":"Orb Walker","floor":38,"turns":5},{"damage":18,"enemies":"Transient","floor":39,"turns":5},{"damage":3,"enemies":"Giant Head","floor":44,"turns":8},{"damage":23,"enemies":"Jaw Worm Horde","floor":46,"turns":3},{"damage":16,"enemies":"Maw","floor":47,"turns":5},{"damage":19,"enemies":"Spire Growth","floor":48,"turns":5},{"damage":87,"enemies":"Awakened One","floor":50,"turns":14},{"damage":21,"enemies":"Shield and Spear","floor":54,"turns":3},{"damage":58,"enemies":"The Heart","floor":55,"turns":8}],"seed_played":"953214217507000460","potions_obtained":[{"floor":5,"key":"Ancient Potion"},{"floor":12,"key":"Block Potion"},{"floor":16,"key":"FearPotion"},{"floor":24,"key":"PowerPotion"},{"floor":31,"key":"SteroidPotion"}],"is_trial":false,"path_per_floor":["M","?","$","M","M","R","E","$","T","?","R","M","M","M","R","B",null,"M","?","M","$","M","R","M","R","T","R","?","?","M","M","R","B",null,"M","?","$","M","M","R","?","R","T","E","$","M","M","M","R","B",null,"R","$","E","B",null],"character_chosen":"DEFECT","items_purchased":["Hello World","Cold Snap","Defragment","Runic Capacitor","Bronze Scales","Conserve Battery","Lockon","Anchor","Loop","Defragment"],"campfire_rested":4,"item_purchase_floors":[3,3,8,21,37,37,37,45,45,53],"current_hp_per_floor":[75,75,75,70,59,59,52,52,52,52,76,76,67,59,82,64,82,80,80,73,73,65,65,66,66,66,66,66,66,70,53,77,82,82,82,82,82,82,74,74,74,74,74,81,81,78,62,53,77,55,82,82,82,61,23],"gold":50,"neow_bonus":"BOSS_RELIC","is_prod":false,"is_daily":false,"chose_seed":false,"campfire_upgraded":6,"win_rate":0,"timestamp":1559194636,"path_taken":["M","?","$","M","M","R","E","$","T","?","R","M","M","M","R","BOSS","M","?","M","$","?","R","M","R","T","R","?","?","?","M","R","BOSS","M","?","$","?","M","R","?","R","T","E","$","M","M","?","R","BOSS","R","$","E","BOSS"],"build_version":"2019-01-23","purchased_purges":0,"victory":true,"max_hp_per_floor":[75,75,75,75,75,75,82,82,82,82,82,82,82,82,82,82,82,82,82,82,82,82,82,82,82,82,82,82,82,82,82,82,82,82,82,82,82,82,82,82,82,82,82,82,82,82,82,82,82,82,82,82,82,82,82],"card_choices":[{"not_picked":["Rebound","Beam Cell"],"picked":"Conserve Battery","floor":1},{"not_picked":["Skim","Rebound"],"picked":"Coolheaded","floor":4},{"not_picked":["Redo","Genetic Algorithm"],"picked":"Gash","floor":5},{"not_picked":["Steam","Compile Driver"],"picked":"Redo","floor":7},{"not_picked":["Rebound","Tempest"],"picked":"Defragment","floor":12},{"not_picked":["Redo","Stack"],"picked":"Go for the Eyes","floor":13},{"not_picked":["Compile Driver","Gash"],"picked":"Echo Form","floor":14},{"not_picked":["All For One","Seek"],"picked":"Electrodynamics","floor":16},{"not_picked":["Turbo","Steam"],"picked":"White Noise","floor":18},{"not_picked":["Streamline+1","Stack"],"picked":"Self Repair+1","floor":20},{"not_picked":["Lockon","Darkness+1"],"picked":"Blizzard","floor":22},{"not_picked":["Fusion","Redo"],"picked":"Leap","floor":24},{"not_picked":["Force Field+1","Darkness"],"picked":"Ball Lightning","floor":30},{"not_picked":["Chill","Beam Cell"],"picked":"Ball Lightning","floor":31},{"not_picked":["All For One","Electrodynamics"],"picked":"Amplify","floor":33},{"not_picked":["Rebound","BootSequence"],"picked":"Stack+1","floor":35},{"not_picked":["Rebound+1","Steam+1"],"picked":"Static Discharge+1","floor":38},{"not_picked":["Hologram","Leap"],"picked":"Compile Driver+1","floor":39},{"not_picked":["Cold Snap+1","Sweeping Beam+1"],"picked":"Turbo+1","floor":44},{"not_picked":["Leap+1","Darkness+1"],"picked":"Conserve Battery","floor":46},{"not_picked":["Self Repair+1","Double Energy"],"picked":"Glacier+1","floor":47},{"not_picked":["FTL+1","Force Field+1"],"picked":"Beam Cell+1","floor":48},{"not_picked":["Amplify","Electrodynamics"],"picked":"Barrage","floor":54}],"player_experience":324362,"relics_obtained":[{"floor":7,"key":"Strawberry"},{"floor":26,"key":"Mummified Hand"},{"floor":43,"key":"Whetstone"},{"floor":44,"key":"Ginger"},{"floor":54,"key":"Centennial Puzzle"}],"event_choices":[{"damage_healed":0,"gold_gain":0,"player_choice":"Leave","damage_taken":0,"max_hp_gain":0,"max_hp_loss":0,"event_name":"The Cleric","floor":2,"gold_loss":0},{"damage_healed":0,"gold_gain":0,"player_choice":"Searched \u00271\u0027 times","damage_taken":0,"relics_obtained":["Dodecahedron"],"max_hp_gain":0,"max_hp_loss":0,"event_name":"Dead Adventurer","floor":10,"gold_loss":0},{"damage_healed":0,"gold_gain":0,"player_choice":"Forge","damage_taken":0,"max_hp_gain":0,"max_hp_loss":0,"event_name":"Accursed Blacksmith","floor":19,"gold_loss":0,"cards_upgraded":["Echo Form"]},{"damage_healed":0,"gold_gain":0,"player_choice":"Read","damage_taken":0,"max_hp_gain":0,"max_hp_loss":0,"event_name":"The Library","floor":28,"gold_loss":0,"cards_obtained":["Core Surge"]},{"damage_healed":0,"gold_gain":0,"cards_transformed":["Auto Shields"],"player_choice":"Transformed","damage_taken":0,"max_hp_gain":0,"max_hp_loss":0,"event_name":"Transmorgrifier","floor":29,"gold_loss":0,"cards_obtained":["Redo"]},{"damage_healed":0,"gold_gain":0,"player_choice":"Gave Potion","damage_taken":0,"relics_obtained":["Orichalcum"],"max_hp_gain":0,"max_hp_loss":0,"event_name":"WeMeetAgain","floor":36,"gold_loss":0},{"damage_healed":0,"gold_gain":100,"player_choice":"Pray","damage_taken":0,"max_hp_gain":0,"max_hp_loss":0,"event_name":"Golden Shrine","floor":41,"gold_loss":0}],"is_beta":false,"boss_relics":[{"not_picked":["Runic Pyramid","White Beast Statue"],"picked":"Lizard Tail"},{"not_picked":["Snecko Eye","Eternal Feather"],"picked":"Sozu"}],"items_purged_floors":[],"is_endless":false,"potions_floor_spawned":[5,12,16,20,24,31,38,44,54],"ascension_level":0}