{"gold_per_floor":[113,113,113,129,129,129,173,173,173,194,218,123,123,167,167,292,292,307,297,297,121,121,121,161,175,229,229,229,243,95,126,126,249,249,269,347,347,361,384,384,17,53,53,53,53,71,71,89,89,89],"floor_reached":51,"playtime":4170,"items_purged":["Strike_B","Strike_B+1"],"score":730,"play_id":"dfba90c0-62b0-484c-a0a4-c644d1c2cb98","local_time":"20190530202857","is_ascension_mode":true,"campfire_choices":[{"data":"Zap","floor":6,"key":"SMITH"},{"data":"Self Repair","floor":8,"key":"SMITH"},{"floor":13,"key":"REST"},{"data":"Beam Cell","floor":15,"key":"SMITH"},{"data":"Panacea","floor":23,"key":"SMITH"},{"data":"Leap","floor":27,"key":"SMITH"},{"floor":32,"key":"REST"},{"data":"Fission","floor":40,"key":"SMITH"},{"data":"Echo Form","floor":45,"key":"SMITH"},{"floor":47,"key":"DIG"},{"floor":49,"key":"DIG"}],"neow_cost":"NONE","seed_source_timestamp":645584395500,"circlet_count":0,"master_deck":["Defend_B","Defend_B","Defend_B","Zap+1","Dualcast","Self Repair+1","Double Energy","Sweeping Beam","Cold Snap","Echo Form+1","Panacea+1","Beam Cell+1","Biased Cognition+1","Defragment+1","Loop+1","Leap+1","Cold Snap","Parasite","Fission+1","Decay","Loop+1","Doubt"],"relics":["Cracked Core","Golden Idol","Whetstone","Dodecahedron","Frozen Egg 2","Cursed Key","Ornamental Fan","Tiny Chest","Oddly Smooth Stone","Meat on the Bone","Eternal Feather","Pear","Medical Kit","Juzu Bracelet","Shovel","Centennial Puzzle","PreservedInsect"],"potions_floor_usage":[7,16,24,29,33,39],"damage_taken":[{"damage":1,"enemies":"2 Louse","floor":1,"turns":2},{"damage":0,"enemies":"Small Slimes","floor":4,"turns":3},{"damage":48,"enemies":"3 Sentries","floor":7,"turns":14},{"damage":1,"enemies":"Cultist","floor":10,"turns":3},{"damage":3,"enemies":"Looter","floor":11,"turns":4},{"damage":7,"enemies":"Lagavulin","floor":14,"turns":7},{"damage":43,"enemies":"Hexaghost","floor":16,"turns":8},{"damage":0,"enemies":"Spheric Guardian","floor":18,"turns":3},{"damage":33,"enemies":"2 Thieves","floor":19,"turns":4},{"damage":48,"enemies":"Book of Stabbing","floor":24,"turns":8},{"damage":3,"enemies":"Snake Plant","floor":25,"turns":5},{"damage":0,"enemies":"Cultist and Chosen","floor":29,"turns":6},{"damage":19,"enemies":"Gremlin Leader","floor":31,"turns":7},{"damage":37,"enemies":"Champ","floor":33,"turns":14},{"damage":7,"enemies":"Orb Walker","floor":35,"turns":5},{"damage":0,"enemies":"3 Shapes","floor":38,"turns":8},{"damage":43,"enemies":"Sphere and 2 Shapes","floor":39,"turns":9},{"damage":18,"enemies":"Giant Head","floor":42,"turns":11},{"damage":39,"enemies":"Jaw Worm Horde","floor":46,"turns":7},{"damage":19,"enemies":"3 Darklings","floor":48,"turns":7},{"damage":80,"enemies":"Time Eater","floor":50,"turns":17}],"seed_played":"-3641485543414100045","potions_obtained":[{"floor":4,"key":"Block Potion"},{"floor":7,"key":"LiquidBronze"},{"floor":10,"key":"PowerPotion"},{"floor":24,"key":"SpeedPotion"},{"floor":29,"key":"SpeedPotion"},{"floor":38,"key":"AttackPotion"},{"floor":46,"key":"Strength Potion"}],"is_trial":false,"path_per_floor":["M","?","?","M","?","R","E","R","T","M","M","$","R","E","R","B",null,"M","M","?","$","?","R","E","M","T","R","?","M","$","E","R","B",null,"M","T","?","M","M","R","$","E","T","?","R","M","R","M","R","B",null],"character_chosen":"DEFECT","items_purchased":["Panacea","Loop+1","Leap","Oddly Smooth Stone","Medical Kit","Loop+1"],"campfire_rested":2,"item_purchase_floors":[12,21,21,30,41,41],"current_hp_per_floor":[81,81,81,82,62,62,21,21,21,30,27,27,51,64,64,31,82,82,59,59,59,59,59,21,38,38,38,38,48,48,49,73,58,82,82,92,92,92,69,81,81,83,83,83,92,73,85,86,92,34],"gold":89,"neow_bonus":"TEN_PERCENT_HP_BONUS","is_prod":false,"is_daily":false,"chose_seed":false,"campfire_upgraded":7,"win_rate":1,"timestamp":1559269737,"path_taken":["M","?","?","?","?","R","E","R","T","M","M","$","R","E","R","BOSS","M","M","?","$","?","R","E","?","T","R","?","M","?","E","R","BOSS","M","?","?","M","?","R","$","E","T","?","R","M","R","M","R","BOSS"],"build_version":"2019-01-23","purchased_purges":2,"victory":true,"max_hp_per_floor":[82,82,82,82,82,82,82,82,82,82,82,82,82,82,82,82,82,82,82,82,82,82,82,82,82,82,82,82,82,82,82,82,82,82,82,92,92,92,92,92,92,92,92,92,92,92,92,92,92,92],"card_choices":[{"not_picked":["Sweeping Beam","Go for the Eyes"],"picked":"Self Repair","floor":1},{"not_picked":["BootSequence","Steam"],"picked":"Double Energy","floor":4},{"not_picked":["Steam","Redo"],"picked":"Sweeping Beam","floor":7},{"not_picked":["Genetic Algorithm","Redo"],"picked":"Cold Snap","floor":10},{"not_picked":["White Noise","Force Field"],"picked":"Echo Form","floor":11},{"not_picked":["Gash","Conserve Battery"],"picked":"Beam Cell","floor":14},{"not_picked":["Reboot","Creative AI+1"],"picked":"Biased Cognition+1","floor":16},{"not_picked":["Rebound+1","Scrape+1"],"picked":"Defragment+1","floor":18},{"not_picked":["Ball Lightning","Coolheaded","Barrage"],"picked":"SKIP","floor":19},{"not_picked":["Undo","White Noise"],"picked":"Cold Snap","floor":24},{"not_picked":["Sunder","Lockon","Stack"],"picked":"SKIP","floor":25},{"not_picked":["Streamline","Hologram","Steam Power"],"picked":"SKIP","floor":29},{"not_picked":["Turbo+1","Redo","Heatsinks+1"],"picked":"SKIP","floor":31},{"not_picked":["Creative AI+1","Echo Form+1"],"picked":"Fission","floor":33},{"not_picked":["FTL","Self Repair+1","Cold Snap+1"],"picked":"SKIP","floor":35},{"not_picked":["Sweeping Beam+1","Steam","Double Energy"],"picked":"SKIP","floor":38},{"not_picked":["Streamline","Sweeping Beam","Static Discharge+1"],"picked":"SKIP","floor":39},{"not_picked":["Leap+1","Steam Power","Creative AI+1"],"picked":"SKIP","floor":42},{"not_picked":["Cold Snap","FTL","Hologram"],"picked":"SKIP","floor":46},{"not_picked":["Hologram","Beam Cell+1","Streamline+1"],"picked":"SKIP","floor":48}],"player_experience":17859,"relics_obtained":[{"floor":7,"key":"Whetstone"},{"floor":9,"key":"Dodecahedron"},{"floor":14,"key":"Frozen Egg 2"},{"floor":24,"key":"Ornamental Fan"},{"floor":26,"key":"Tiny Chest"},{"floor":31,"key":"Meat on the Bone"},{"floor":36,"key":"Pear"},{"floor":42,"key":"Juzu Bracelet"},{"floor":43,"key":"Shovel"},{"floor":47,"key":"Centennial Puzzle"},{"floor":49,"key":"PreservedInsect"}],"event_choices":[{"cards_removed":["Strike_B"],"damage_healed":0,"gold_gain":0,"player_choice":"Forget","damage_taken":0,"max_hp_gain":0,"max_hp_loss":0,"event_name":"Living Wall","floor":2,"gold_loss":0},{"damage_healed":0,"gold_gain":0,"player_choice":"Bought 0 Potions","damage_taken":0,"max_hp_gain":0,"max_hp_loss":0,"event_name":"The Woman in Blue","floor":3,"gold_loss":0},{"damage_healed":0,"gold_gain":0,"player_choice":"Take Damage","damage_taken":20,"relics_obtained":["Golden Idol"],"max_hp_gain":0,"max_hp_loss":0,"event_name":"Golden Idol","floor":5,"gold_loss":0},{"damage_healed":0,"gold_gain":0,"player_choice":"Ignored","damage_taken":0,"max_hp_gain":0,"max_hp_loss":0,"event_name":"Ghosts","floor":20,"gold_loss":0},{"cards_removed":["Defend_B"],"damage_healed":0,"gold_gain":0,"player_choice":"Offered Basic","damage_taken":0,"max_hp_gain":0,"max_hp_loss":0,"event_name":"Bonfire Elementals","floor":22,"gold_loss":0},{"cards_removed":["Strike_B"],"damage_healed":0,"gold_gain":0,"player_choice":"Purged","damage_taken":0,"max_hp_gain":0,"max_hp_loss":0,"event_name":"Purifier","floor":28,"gold_loss":0},{"damage_healed":0,"gold_gain":0,"player_choice":"Ignored","damage_taken":0,"max_hp_gain":0,"max_hp_loss":0,"event_name":"Transmorgrifier","floor":37,"gold_loss":0},{"damage_healed":0,"gold_gain":0,"player_choice":"Memory 1","damage_taken":0,"max_hp_gain":0,"max_hp_loss":0,"event_name":"SensoryStone","floor":44,"gold_loss":0}],"is_beta":false,"boss_relics":[{"not_picked":["Velvet Choker","Coffee Dripper"],"picked":"Cursed Key"},{"not_picked":["Orrery","Astrolabe"],"picked":"Eternal Feather"}],"items_purged_floors":[21,41],"is_endless":false,"potions_floor_spawned":[4,7,10,24,29,38,46],"ascension_level":1}