{"gold_per_floor":[109,120,132,146,165,165,196,196,268,268,286,286,286,0,0,76,76,86,8,8,19,19,19],"floor_reached":23,"playtime":977,"items_purged":["Pain"],"score":446,"play_id":"b3166cba-71fd-4cf2-8114-3fd8214b1bfd","local_time":"20190515134146","is_ascension_mode":true,"campfire_choices":[{"data":"Sword Boomerang","floor":6,"key":"SMITH"},{"data":"Offering","floor":8,"key":"SMITH"},{"data":"Pommel Strike","floor":10,"key":"SMITH"},{"data":"Disarm","floor":15,"key":"SMITH"}],"neow_cost":"NONE","seed_source_timestamp":3813658687877843,"circlet_count":0,"master_deck":["AscendersBane","Defend_R","Defend_R","Defend_R","Defend_R","Bash","Headbutt","Offering+1","Pommel Strike+1","Shockwave","Sword Boomerang+1","Disarm+1","Double Tap","Metallicize","Bite","Bite","Bite","Bite","Bite","Armaments"],"special_seed":0,"relics":["Burning Blood","Shuriken","Pantograph","WarpedTongs","Medical Kit","Fusion Hammer"],"potions_floor_usage":[7,23,23],"damage_taken":[{"damage":13.0,"enemies":"Cultist","floor":1.0,"turns":5.0},{"damage":6.0,"enemies":"Small Slimes","floor":2.0,"turns":4.0},{"damage":2,"enemies":"2 Louse","floor":3,"turns":4},{"damage":28,"enemies":"Exordium Wildlife","floor":4,"turns":4},{"damage":7,"enemies":"2 Fungi Beasts","floor":5,"turns":4},{"damage":6,"enemies":"Gremlin Nob","floor":7,"turns":2},{"damage":7,"enemies":"Looter","floor":11,"turns":3},{"damage":11,"enemies":"Hexaghost","floor":16,"turns":7},{"damage":7,"enemies":"3 Byrds","floor":18,"turns":4},{"damage":6,"enemies":"Chosen","floor":21,"turns":5},{"damage":69,"enemies":"Slavers","floor":23,"turns":3}],"seed_played":"6380793101834188926","potions_obtained":[{"floor":0.0,"key":"EssenceOfSteel"},{"floor":0.0,"key":"AttackPotion"},{"floor":7,"key":"Poison Potion"}],"is_trial":false,"path_per_floor":["M","M","M","M","M","R","E","R","T","R","M","?","?","$","R","B",null,"M","$","?","M","$","E"],"character_chosen":"IRONCLAD","items_purchased":["Medical Kit","Metallicize"],"campfire_rested":0,"item_purchase_floors":[14,19],"current_hp_per_floor":[61,61,65,43,42,42,42,42,42,42,41,34,34,34,34,54,70,69,69,52,52,52,0],"gold":19,"neow_bonus":"THREE_SMALL_POTIONS","is_prod":false,"is_daily":false,"chose_seed":false,"campfire_upgraded":4,"win_rate":0,"timestamp":1557906106,"path_taken":["M","?","M","M","M","R","E","R","T","R","M","?","?","$","R","BOSS","M","?","?","M","?","E"],"build_version":"2019-01-23","purchased_purges":1,"victory":false,"max_hp_per_floor":[75,75,75,75,75,75,75,75,75,75,75,75,75,75,75,75,75,75,75,52,52,52,52],"card_choices":[{"not_picked":["Body Slam","Perfected Strike"],"picked":"Headbutt","floor":1.0},{"not_picked":["Headbutt","Twin Strike"],"picked":"Offering","floor":2.0},{"not_picked":["Havoc","Headbutt"],"picked":"Pommel Strike","floor":3},{"not_picked":["Pommel Strike","Thunderclap"],"picked":"Shockwave","floor":4},{"not_picked":["Havoc","Twin Strike"],"picked":"Sword Boomerang","floor":5},{"not_picked":["Second Wind","Headbutt","Dual Wield"],"picked":"SKIP","floor":7},{"not_picked":["Second Wind","Havoc"],"picked":"Disarm","floor":11},{"not_picked":["Berserk","Impervious"],"picked":"Double Tap","floor":16},{"not_picked":["Bloodletting","Warcry","Flex"],"picked":"SKIP","floor":18},{"not_picked":["Hemokinesis+1","Spot Weakness"],"picked":"Armaments","floor":21}],"player_experience":1347753,"relics_obtained":[{"floor":7,"key":"Shuriken"},{"floor":9,"key":"Pantograph"}],"event_choices":[{"cards_removed":["Strike_R"],"damage_healed":0,"gold_gain":0,"player_choice":"Card Removal","damage_taken":7,"max_hp_gain":0,"max_hp_loss":0,"event_name":"Golden Wing","floor":12,"gold_loss":0},{"damage_healed":0,"gold_gain":0,"player_choice":"Rummage","damage_taken":0,"relics_obtained":["WarpedTongs"],"max_hp_gain":0,"max_hp_loss":0,"event_name":"Accursed Blacksmith","floor":13,"gold_loss":0,"cards_obtained":["Pain"]},{"damage_healed":0,"gold_gain":0,"player_choice":"Became a vampire","damage_taken":0,"max_hp_gain":0,"max_hp_loss":23,"event_name":"Vampires","floor":20,"gold_loss":0,"cards_obtained":["Bite","Bite","Bite","Bite","Bite"]}],"is_beta":false,"boss_relics":[{"not_picked":["Philosopher\u0027s Stone","Runic Cube"],"picked":"Fusion Hammer"}],"items_purged_floors":[14],"is_endless":false,"potions_floor_spawned":[1,7],"killed_by":"Slavers","ascension_level":19}