{"gold_per_floor":[368,380,20,20,20,55,55,65,65,65,75,103,103,134,134,206,206,222,322,336,336,355,355,369,399,399,399,399,412,19,31,31,31],"floor_reached":33,"playtime":2577,"items_purged":[],"score":570,"play_id":"17267102-411d-465f-a932-4bb767461fa0","local_time":"20190508135520","is_ascension_mode":true,"campfire_choices":[{"data":"Zap","floor":10.0,"key":"SMITH"},{"floor":15.0,"key":"REST"},{"floor":23.0,"key":"REST"},{"floor":32.0,"key":"REST"}],"neow_cost":"TEN_PERCENT_HP_LOSS","seed_source_timestamp":3207141357086047,"circlet_count":0,"master_deck":["AscendersBane","Strike_B","Strike_B","Strike_B","Strike_B","Defend_B","Defend_B","Defend_B","Defend_B","Zap+1","Dualcast","Rip and Tear","Compile Driver","Tempest","Cold Snap","Chill+1","Doom and Gloom","Electrodynamics","Melter","Cold Snap","Coolheaded","Self Repair","Genetic Algorithm"],"special_seed":0,"relics":["Cracked Core","Pocketwatch","Dodecahedron","Centennial Puzzle","Strawberry","Calipers","Anchor","Blood Vial","Philosopher\u0027s Stone","StoneCalendar","Letter Opener","WarpedTongs","Question Card","Mummified Hand","Chemical X"],"potions_floor_usage":[33],"damage_taken":[{"damage":5.0,"enemies":"2 Louse","floor":1.0,"turns":3.0},{"damage":7.0,"enemies":"Jaw Worm","floor":2.0,"turns":2.0},{"damage":8.0,"enemies":"Gremlin Nob","floor":6.0,"turns":3.0},{"damage":1.0,"enemies":"Cultist","floor":8.0,"turns":3.0},{"damage":2.0,"enemies":"Looter","floor":11.0,"turns":3.0},{"damage":16.0,"enemies":"3 Sentries","floor":12.0,"turns":5.0},{"damage":14.0,"enemies":"Lagavulin","floor":14.0,"turns":5.0},{"damage":16.0,"enemies":"Slime Boss","floor":16.0,"turns":7.0},{"damage":0.0,"enemies":"3 Byrds","floor":18.0,"turns":1.0},{"damage":17.0,"enemies":"Colosseum Slavers","floor":19.0,"turns":3.0},{"damage":18.0,"enemies":"Colosseum Nobs","floor":19.0,"turns":4.0},{"damage":0.0,"enemies":"Spheric Guardian","floor":20.0,"turns":1.0},{"damage":18.0,"enemies":"Snake Plant","floor":22.0,"turns":3.0},{"damage":15.0,"enemies":"Centurion and Healer","floor":24.0,"turns":5.0},{"damage":15.0,"enemies":"Book of Stabbing","floor":25.0,"turns":4.0},{"damage":21.0,"enemies":"Shelled Parasite and Fungi","floor":29.0,"turns":4.0},{"damage":11.0,"enemies":"Snake Plant","floor":31.0,"turns":3.0},{"damage":42,"enemies":"Collector","floor":33,"turns":6}],"seed_played":"-2297699647282600475","potions_obtained":[{"floor":2.0,"key":"Dexterity Potion"},{"floor":11.0,"key":"Fire Potion"},{"floor":16.0,"key":"Regen Potion"},{"floor":19.0,"key":"Block Potion"},{"floor":24.0,"key":"EntropicBrew"},{"floor":25.0,"key":"SpeedPotion"},{"floor":31.0,"key":"Fire Potion"}],"is_trial":false,"path_per_floor":["M","M","$","?","?","E","?","M","T","R","M","E","?","E","R","B",null,"M","?","M","?","M","R","M","E","T","?","?","M","$","M","R","B"],"character_chosen":"DEFECT","items_purchased":["Pocketwatch","Beam Cell","Regen Potion","Chemical X","FocusPotion"],"campfire_rested":3,"item_purchase_floors":[3,3,30,30,30],"current_hp_per_floor":[59,52,52,52,47,39,46,45,45,45,43,27,27,13,34,20,58,60,41,43,43,27,48,35,22,22,22,22,10,10,17,38,0],"gold":31,"neow_bonus":"TWO_FIFTY_GOLD","is_prod":false,"is_daily":false,"chose_seed":false,"campfire_upgraded":1,"win_rate":0,"timestamp":1557302120,"path_taken":["M","M","$","?","?","E","?","M","T","R","?","E","?","E","R","BOSS","M","?","M","?","?","R","M","E","T","?","?","?","?","M","R","BOSS"],"build_version":"2019-01-23","purchased_purges":0,"victory":false,"max_hp_per_floor":[64,64,64,64,64,64,71,71,71,71,71,71,71,71,71,71,71,71,71,71,71,71,71,71,71,71,71,71,71,71,71,71,71],"card_choices":[{"not_picked":["Turbo","Hologram"],"picked":"Rip and Tear","floor":1.0},{"not_picked":["Scrape","Streamline"],"picked":"Compile Driver","floor":2.0},{"not_picked":["Sunder","Fission","Reprogram"],"picked":"SKIP","floor":6.0},{"not_picked":["Sunder","Fission","Reprogram"],"picked":"SKIP","floor":6.0},{"not_picked":["Fusion","Skim"],"picked":"Tempest","floor":8.0},{"not_picked":["Force Field","Compile Driver"],"picked":"Cold Snap","floor":11.0},{"not_picked":["Sweeping Beam","Redo"],"picked":"Chill","floor":12.0},{"not_picked":["Force Field","Blizzard"],"picked":"Doom and Gloom","floor":14.0},{"not_picked":["Core Surge","Multi-Cast"],"picked":"Electrodynamics","floor":16.0},{"not_picked":["Gash","Beam Cell"],"picked":"Melter","floor":18.0},{"not_picked":["Rip and Tear","Ball Lightning"],"picked":"Cold Snap","floor":19.0},{"not_picked":["Aggregate","Steam"],"picked":"Coolheaded","floor":20.0},{"not_picked":["Sweeping Beam","Gash","Streamline"],"picked":"SKIP","floor":22.0},{"not_picked":["Aggregate","Hologram"],"picked":"Self Repair","floor":24.0},{"not_picked":["Hello World","Steam Power"],"picked":"Genetic Algorithm","floor":25.0},{"not_picked":["Barrage","Heatsinks","Double Energy","Multi-Cast"],"picked":"SKIP","floor":29.0},{"not_picked":["Doom and Gloom","Coolheaded","Stack","Sweeping Beam"],"picked":"SKIP","floor":31.0}],"player_experience":1306012,"relics_obtained":[{"floor":6.0,"key":"Centennial Puzzle"},{"floor":9.0,"key":"Calipers"},{"floor":12.0,"key":"Anchor"},{"floor":14.0,"key":"Blood Vial"},{"floor":19.0,"key":"StoneCalendar"},{"floor":19.0,"key":"Letter Opener"},{"floor":25.0,"key":"Question Card"},{"floor":26.0,"key":"Mummified Hand"}],"event_choices":[{"damage_healed":0.0,"max_hp_gain":0.0,"max_hp_loss":0.0,"gold_gain":0.0,"event_name":"The Cleric","player_choice":"Leave","floor":4.0,"gold_loss":0.0,"damage_taken":0.0},{"damage_healed":0.0,"max_hp_gain":0.0,"max_hp_loss":0.0,"gold_gain":0.0,"event_name":"Scrap Ooze","player_choice":"Success","floor":5.0,"gold_loss":0.0,"damage_taken":5.0,"relics_obtained":["Dodecahedron"]},{"cards_removed":["Beam Cell"],"damage_healed":0.0,"max_hp_gain":0.0,"max_hp_loss":0.0,"gold_gain":0.0,"event_name":"WeMeetAgain","player_choice":"Gave Card","floor":7.0,"gold_loss":0.0,"damage_taken":0.0,"relics_obtained":["Strawberry"]},{"damage_healed":0.0,"max_hp_gain":0.0,"max_hp_loss":0.0,"gold_gain":0.0,"event_name":"Living Wall","player_choice":"Grow","floor":13.0,"gold_loss":0.0,"damage_taken":0.0,"cards_upgraded":["Chill"]},{"damage_healed":0.0,"max_hp_gain":0.0,"max_hp_loss":0.0,"gold_gain":0.0,"event_name":"Colosseum","player_choice":"Fight","floor":19.0,"gold_loss":0.0,"damage_taken":0.0},{"damage_healed":0.0,"max_hp_gain":0.0,"max_hp_loss":0.0,"gold_gain":0.0,"event_name":"Colosseum","player_choice":"Fought Nobs","floor":19.0,"gold_loss":0.0,"damage_taken":0.0},{"damage_healed":0.0,"max_hp_gain":0.0,"max_hp_loss":0.0,"gold_gain":0.0,"event_name":"Accursed Blacksmith","player_choice":"Rummage","floor":21.0,"gold_loss":0.0,"damage_taken":0.0,"relics_obtained":["WarpedTongs"],"cards_obtained":["Pain"]},{"damage_healed":0.0,"max_hp_gain":0.0,"max_hp_loss":0.0,"gold_gain":0.0,"event_name":"Forgotten Altar","player_choice":"Smashed Altar","floor":27.0,"gold_loss":0.0,"damage_taken":0.0,"cards_obtained":["Decay"]},{"cards_removed":["Decay","Pain"],"damage_healed":0.0,"max_hp_gain":0.0,"max_hp_loss":0.0,"gold_gain":0.0,"event_name":"Fountain of Cleansing","player_choice":"Removed Curses","floor":28.0,"gold_loss":0.0,"damage_taken":0.0}],"is_beta":false,"boss_relics":[{"not_picked":["Pandora\u0027s Box","White Beast Statue"],"picked":"Philosopher\u0027s Stone"}],"items_purged_floors":[],"is_endless":false,"potions_floor_spawned":[2,11,16,19,19,24,25,31],"killed_by":"Collector","ascension_level":20}