{"gold_per_floor":[114,64,78,94,94,94,122,122,204,204,41,96,114,128,128,128],"floor_reached":16,"playtime":889,"items_purged":["Defend_G"],"score":100,"play_id":"4765c661-6b36-4b43-8b9b-c3733ffd8956","local_time":"20190529014824","is_ascension_mode":false,"campfire_choices":[{"floor":6,"key":"REST"},{"floor":15,"key":"REST"}],"neow_cost":"NONE","seed_source_timestamp":8111186734557100,"circlet_count":0,"master_deck":["Defend_G","Defend_G+1","Defend_G","Strike_G","Strike_G","Strike_G","Strike_G","Strike_G","Survivor","Neutralize","Phantasmal Killer","Bouncing Flask","Blur+1","Bouncing Flask","Noxious Fumes","Poisoned Stab","Night Terror","Poisoned Stab","Prepared"],"relics":["Ring of the Snake","Juzu Bracelet","Ornamental Fan","Lantern"],"potions_floor_usage":[12,12,14],"damage_taken":[{"damage":2,"enemies":"Jaw Worm","floor":1,"turns":5},{"damage":9,"enemies":"2 Louse","floor":3,"turns":3},{"damage":12,"enemies":"Small Slimes","floor":4,"turns":5},{"damage":31,"enemies":"Gremlin Nob","floor":7,"turns":5},{"damage":21,"enemies":"3 Sentries","floor":12,"turns":8},{"damage":0,"enemies":"3 Louse","floor":13,"turns":3},{"damage":6,"enemies":"Exordium Thugs","floor":14,"turns":4},{"damage":23,"enemies":"Hexaghost","floor":16,"turns":4}],"seed_played":"-8228490737424236110","potions_obtained":[{"floor":3,"key":"Block Potion"},{"floor":7,"key":"AttackPotion"},{"floor":13,"key":"EssenceOfSteel"}],"is_trial":false,"path_per_floor":["M","?","M","M","?","R","E","?","T","?","$","?","M","M","R","B"],"character_chosen":"THE_SILENT","items_purchased":["Noxious Fumes","Poisoned Stab"],"campfire_rested":2,"item_purchase_floors":[11,11],"current_hp_per_floor":[68,68,59,47,33,54,23,23,23,28,28,7,7,1,23,0],"gold":128,"neow_bonus":"ONE_RANDOM_RARE_CARD","is_prod":false,"is_daily":false,"chose_seed":false,"campfire_upgraded":0,"win_rate":0.0,"timestamp":1559108904,"path_taken":["M","?","M","M","?","R","E","?","T","?","$","?","M","M","R","BOSS"],"build_version":"2019-01-23","purchased_purges":1,"victory":false,"max_hp_per_floor":[70,70,70,70,70,70,70,70,70,75,75,75,75,75,75,75],"card_choices":[{"not_picked":["Deadly Poison","Dodge and Roll"],"picked":"Bouncing Flask","floor":1},{"not_picked":["Flying Knee","Expertise"],"picked":"Blur","floor":3},{"not_picked":["Outmaneuver","Riddle With Holes"],"picked":"Bouncing Flask","floor":4},{"not_picked":["Finisher","Underhanded Strike","Sucker Punch"],"picked":"SKIP","floor":7},{"not_picked":["Outmaneuver","Bane"],"picked":"Night Terror","floor":12},{"not_picked":["Sucker Punch","Flechettes"],"picked":"Poisoned Stab","floor":13},{"not_picked":["Bane","Dash"],"picked":"Prepared","floor":14}],"player_experience":13609,"relics_obtained":[{"floor":7,"key":"Juzu Bracelet"},{"floor":9,"key":"Ornamental Fan"},{"floor":12,"key":"Lantern"}],"event_choices":[{"cards_removed":["Defend_G"],"damage_healed":0,"gold_gain":0,"player_choice":"Card Removal","damage_taken":0,"max_hp_gain":0,"max_hp_loss":0,"event_name":"The Cleric","floor":2,"gold_loss":50},{"damage_healed":0,"gold_gain":0,"player_choice":"Entered Light","damage_taken":14,"max_hp_gain":0,"max_hp_loss":0,"event_name":"Shining Light","floor":5,"gold_loss":0,"cards_upgraded":["Defend_G","Blur"]},{"damage_healed":0,"gold_gain":0,"player_choice":"Ignored","damage_taken":0,"max_hp_gain":0,"max_hp_loss":0,"event_name":"Golden Wing","floor":8,"gold_loss":0},{"damage_healed":0,"gold_gain":0,"player_choice":"Donut","damage_taken":0,"max_hp_gain":5,"max_hp_loss":0,"event_name":"Big Fish","floor":10,"gold_loss":0},{"damage_healed":0,"gold_gain":30,"player_choice":"Searched \u00272\u0027 times","damage_taken":0,"max_hp_gain":0,"max_hp_loss":0,"event_name":"Dead Adventurer","floor":12,"gold_loss":0}],"is_beta":false,"boss_relics":[],"items_purged_floors":[11],"is_endless":false,"potions_floor_spawned":[3,7,13],"killed_by":"Hexaghost","ascension_level":0}