{"gold_per_floor":[209,209,228,178,191,191,62,93,120,148,148,161,161,161,161,240,240,259,55,55,68,87,99,432,445,472,472,483,483,208,208,208,208],"floor_reached":33,"playtime":2597,"items_purged":["Strike_R"],"score":536,"play_id":"60b4528c-d004-4c6e-92d3-0a1856db9633","local_time":"20190530144507","is_ascension_mode":true,"campfire_choices":[{"data":"Bash","floor":6.0,"key":"SMITH"},{"data":"Corruption","floor":11.0,"key":"SMITH"},{"data":"Shockwave","floor":13,"key":"SMITH"},{"data":"Pommel Strike","floor":15,"key":"SMITH"},{"data":"Searing Blow","floor":27,"key":"SMITH"},{"floor":29,"key":"REST"},{"floor":32,"key":"REST"}],"neow_cost":"NONE","seed_source_timestamp":5111812885593846,"circlet_count":0,"master_deck":["AscendersBane","Strike_R+1","Strike_R+1","Strike_R+1","Defend_R+1","Defend_R+1","Defend_R+1","Defend_R+1","Bash+1","Blood for Blood","Anger","True Grit","Headbutt","Shockwave+1","Corruption+1","Pommel Strike+1","Fiend Fire","Warcry","Metallicize","Twin Strike","Searing Blow+1","Rupture","Feel No Pain","Apotheosis"],"special_seed":0,"relics":["Burning Blood","Happy Flower","Letter Opener","Red Skull","Omamori","WarpedTongs","Busted Crown","Old Coin","PreservedInsect","Frozen Egg 2"],"potions_floor_usage":[12,22,23],"damage_taken":[{"damage":4.0,"enemies":"Small Slimes","floor":1.0,"turns":5.0},{"damage":13.0,"enemies":"Cultist","floor":3.0,"turns":6.0},{"damage":7.0,"enemies":"Jaw Worm","floor":5.0,"turns":3.0},{"damage":32.0,"enemies":"Gremlin Nob","floor":8.0,"turns":4.0},{"damage":15.0,"enemies":"Lagavulin","floor":10.0,"turns":5.0},{"damage":5,"enemies":"Lots of Slimes","floor":12,"turns":4},{"damage":7,"enemies":"Hexaghost","floor":16,"turns":7},{"damage":8,"enemies":"2 Thieves","floor":18,"turns":3},{"damage":8,"enemies":"Spheric Guardian","floor":21,"turns":3},{"damage":36,"enemies":"Cultist and Chosen","floor":22,"turns":5},{"damage":10,"enemies":"Snake Plant","floor":23,"turns":2},{"damage":13,"enemies":"Book of Stabbing","floor":24,"turns":4},{"damage":0,"enemies":"3 Cultists","floor":25,"turns":4},{"damage":15,"enemies":"Shelled Parasite and Fungi","floor":28,"turns":5},{"damage":78,"enemies":"Automaton","floor":33,"turns":10}],"seed_played":"-2088444544073844551","potions_obtained":[{"floor":5.0,"key":"FearPotion"},{"floor":8.0,"key":"Regen Potion"},{"floor":16,"key":"Weak Potion"},{"floor":18,"key":"Block Potion"},{"floor":21,"key":"FearPotion"},{"floor":22,"key":"Fruit Juice"}],"is_trial":false,"path_per_floor":["M","?","M","$","M","R","?","E","T","E","R","M","R","?","R","B",null,"M","$","?","M","M","M","E","M","T","R","M","R","$","?","R","B"],"character_chosen":"IRONCLAD","items_purchased":["True Grit","Warcry","Metallicize","Feel No Pain","Apotheosis"],"campfire_rested":2,"item_purchase_floors":[4,19,19,30,30],"current_hp_per_floor":[70,70,63,63,62,62,62,36,36,27,27,28,28,28,28,27,63,61,61,61,59,34,35,28,34,34,34,25,49,49,49,73,0],"gold":208,"neow_bonus":"HUNDRED_GOLD","is_prod":false,"is_daily":false,"chose_seed":false,"campfire_upgraded":5,"win_rate":0,"timestamp":1559205907,"path_taken":["M","?","M","$","?","R","?","E","T","E","R","?","R","?","R","BOSS","M","$","?","M","M","M","E","M","T","R","M","R","$","?","R","BOSS"],"build_version":"2019-01-23","purchased_purges":1,"victory":false,"max_hp_per_floor":[75,75,75,75,75,75,75,75,75,75,75,75,75,75,75,75,75,75,75,75,75,80,80,80,80,80,80,80,80,80,80,80,80],"card_choices":[{"not_picked":["Havoc","Armaments"],"picked":"Blood for Blood","floor":1.0},{"not_picked":["Armaments","Body Slam"],"picked":"Anger","floor":3.0},{"not_picked":["Second Wind","Inflame"],"picked":"Headbutt","floor":5.0},{"not_picked":["Twin Strike","Power Through"],"picked":"Shockwave","floor":8.0},{"not_picked":["Clothesline","Flex"],"picked":"Corruption","floor":10.0},{"not_picked":["Havoc","Shrug It Off"],"picked":"Pommel Strike","floor":12},{"not_picked":["Brutality","Barricade"],"picked":"Fiend Fire","floor":16},{"not_picked":["Fire Breathing"],"picked":"SKIP","floor":18},{"not_picked":["Clash"],"picked":"SKIP","floor":21},{"not_picked":[],"picked":"Twin Strike","floor":22},{"not_picked":["Thunderclap"],"picked":"SKIP","floor":23},{"not_picked":[],"picked":"Searing Blow","floor":24},{"not_picked":["Intimidate"],"picked":"SKIP","floor":25},{"not_picked":[],"picked":"Rupture","floor":28}],"player_experience":1401196,"relics_obtained":[{"floor":8.0,"key":"Letter Opener"},{"floor":9.0,"key":"Red Skull"},{"floor":10.0,"key":"Omamori"},{"floor":24,"key":"Old Coin"},{"floor":26,"key":"PreservedInsect"}],"event_choices":[{"cards_removed":["Strike_R"],"damage_healed":0.0,"max_hp_gain":0.0,"max_hp_loss":0.0,"gold_gain":0.0,"event_name":"Purifier","player_choice":"Purged","floor":2.0,"gold_loss":0.0,"damage_taken":0.0},{"damage_healed":0.0,"max_hp_gain":0.0,"max_hp_loss":0.0,"gold_gain":0.0,"event_name":"WeMeetAgain","player_choice":"Paid Gold","floor":7.0,"gold_loss":129.0,"damage_taken":0.0,"relics_obtained":["Happy Flower"]},{"damage_healed":0,"gold_gain":0,"player_choice":"Rummage","damage_taken":0,"relics_obtained":["WarpedTongs"],"max_hp_gain":0,"max_hp_loss":0,"event_name":"Accursed Blacksmith","floor":14,"gold_loss":0,"cards_obtained":["Pain"]},{"damage_healed":0,"gold_gain":0,"player_choice":"Simplicity","damage_taken":0,"max_hp_gain":0,"max_hp_loss":0,"event_name":"Back to Basics","floor":20,"gold_loss":0,"cards_upgraded":["Strike_R","Strike_R","Strike_R","Defend_R","Defend_R","Defend_R","Defend_R"]},{"damage_healed":0,"gold_gain":0,"player_choice":"Stole Relic","damage_taken":0,"relics_obtained":["Frozen Egg 2"],"max_hp_gain":0,"max_hp_loss":0,"event_name":"Addict","floor":31,"gold_loss":0,"cards_obtained":["Shame"]}],"is_beta":false,"boss_relics":[{"not_picked":["Runic Dome","Calling Bell"],"picked":"Busted Crown"}],"items_purged_floors":[19],"is_endless":false,"potions_floor_spawned":[5,8,16,18,21,22],"killed_by":"Automaton","ascension_level":19}