{"gold_per_floor":[115,65,79,97,116,116,129,54,81,97,107,107,107,7,7,7],"floor_reached":16,"playtime":1059,"items_purged":["Strike_G","Strike_G"],"score":94,"play_id":"d6864c68-c157-4255-894b-e335d556e22e","local_time":"20190529024353","is_ascension_mode":false,"campfire_choices":[{"data":"Infinite Blades","floor":6,"key":"SMITH"},{"floor":12,"key":"REST"},{"floor":15,"key":"REST"}],"neow_cost":"NONE","seed_source_timestamp":8114345356328700,"circlet_count":0,"master_deck":["Defend_G","Defend_G","Defend_G","Strike_G","Strike_G","Strike_G","Survivor","Neutralize","Malaise","Infinite Blades+1","Backstab","Bullet Time","Prepared","PiercingWail","Dagger Throw","Burst"],"relics":["Ring of the Snake","Bronze Scales"],"potions_floor_usage":[],"damage_taken":[{"damage":3,"enemies":"Small Slimes","floor":1,"turns":4},{"damage":3,"enemies":"Jaw Worm","floor":3,"turns":6},{"damage":1,"enemies":"Cultist","floor":4,"turns":3},{"damage":9,"enemies":"Blue Slaver","floor":5,"turns":4},{"damage":14,"enemies":"3 Louse","floor":7,"turns":5},{"damage":2,"enemies":"2 Fungi Beasts","floor":10,"turns":3},{"damage":23,"enemies":"Exordium Thugs","floor":11,"turns":5},{"damage":65,"enemies":"The Guardian","floor":16,"turns":14}],"seed_played":"-7469386564758216453","potions_obtained":[{"floor":1,"key":"GhostInAJar"},{"floor":5,"key":"Regen Potion"},{"floor":7,"key":"SteroidPotion"},{"floor":11,"key":"SkillPotion"}],"is_trial":false,"path_per_floor":["M","?","M","M","M","R","M","$","T","M","M","R","?","$","R","B"],"character_chosen":"THE_SILENT","items_purchased":[],"campfire_rested":2,"item_purchase_floors":[],"current_hp_per_floor":[67,67,64,63,54,54,40,40,40,38,15,36,36,36,57,0],"gold":7,"neow_bonus":"ONE_RANDOM_RARE_CARD","is_prod":false,"is_daily":false,"chose_seed":false,"campfire_upgraded":1,"win_rate":0.0,"timestamp":1559112233,"path_taken":["M","?","M","M","M","R","M","?","T","?","M","R","?","$","R","BOSS"],"build_version":"2019-01-23","purchased_purges":2,"victory":false,"max_hp_per_floor":[70,70,70,70,70,70,70,70,70,70,70,70,70,70,70,70],"card_choices":[{"not_picked":["PiercingWail","Dodge and Roll"],"picked":"Infinite Blades","floor":1},{"not_picked":["Underhanded Strike","Terror"],"picked":"Backstab","floor":3},{"not_picked":["Dagger Spray","Sucker Punch"],"picked":"Bullet Time","floor":4},{"not_picked":["Reflex","Deflect","Heel Hook"],"picked":"SKIP","floor":5},{"not_picked":["Dodge and Roll","Flying Knee"],"picked":"Prepared","floor":7},{"not_picked":["Tactician","Bane"],"picked":"PiercingWail","floor":10},{"not_picked":["Blade Dance","Escape Plan"],"picked":"Dagger Throw","floor":11}],"player_experience":16726,"relics_obtained":[{"floor":9,"key":"Bronze Scales"}],"event_choices":[{"cards_removed":["Defend_G"],"damage_healed":0,"gold_gain":0,"player_choice":"Card Removal","damage_taken":0,"max_hp_gain":0,"max_hp_loss":0,"event_name":"The Cleric","floor":2,"gold_loss":50},{"damage_healed":0,"gold_gain":0,"cards_transformed":["Defend_G"],"player_choice":"Change","damage_taken":0,"max_hp_gain":0,"max_hp_loss":0,"event_name":"Living Wall","floor":13,"gold_loss":0,"cards_obtained":["Burst"]}],"is_beta":false,"boss_relics":[],"items_purged_floors":[8,14],"is_endless":false,"potions_floor_spawned":[1,5,7,11],"killed_by":"The Guardian","ascension_level":0}