{"gold_per_floor":[117,137,17,36,46,72,72,105,184,184,195,195,213,239,239,239],"floor_reached":16,"playtime":827,"items_purged":[],"score":228,"play_id":"6b45e85a-4342-4303-9fdc-e53b8157204f","local_time":"20190506131906","is_ascension_mode":true,"campfire_choices":[{"data":"Neutralize","floor":15,"key":"SMITH"}],"neow_cost":"CURSE","seed_source_timestamp":3034808958277128,"circlet_count":0,"master_deck":["AscendersBane","Defend_G","Defend_G","Defend_G","Defend_G","Defend_G","Strike_G","Strike_G","Strike_G","Strike_G","Strike_G","Survivor","Neutralize+1","Parasite","Deadly Poison","Dagger Throw","All Out Attack","Poisoned Stab","Backstab","Reflex","Deflect","Backflip","Cloak And Dagger"],"special_seed":0,"relics":["Ring of the Snake","FossilizedHelix","Mummified Hand","StoneCalendar","Bag of Preparation","Frozen Egg 2","Singing Bowl"],"potions_floor_usage":[6,8,13,13],"damage_taken":[{"damage":0.0,"enemies":"Cultist","floor":1.0,"turns":4.0},{"damage":0.0,"enemies":"Small Slimes","floor":2.0,"turns":4.0},{"damage":0.0,"enemies":"2 Louse","floor":4.0,"turns":2.0},{"damage":1.0,"enemies":"Looter","floor":5.0,"turns":3.0},{"damage":0,"enemies":"Gremlin Nob","floor":6,"turns":3},{"damage":15,"enemies":"Lagavulin","floor":8,"turns":6},{"damage":0,"enemies":"3 Louse","floor":11,"turns":3},{"damage":0,"enemies":"Exordium Thugs","floor":13,"turns":2},{"damage":3,"enemies":"3 Sentries","floor":14,"turns":7},{"damage":27,"enemies":"Hexaghost","floor":16,"turns":9}],"seed_played":"-4028605646401061171","potions_obtained":[{"floor":4.0,"key":"Block Potion"},{"floor":6,"key":"Dexterity Potion"},{"floor":8,"key":"Explosive Potion"}],"is_trial":false,"path_per_floor":["M","M","$","M","M","E","?","E","T","?","M","?","M","E","R","B"],"character_chosen":"THE_SILENT","items_purchased":["FearPotion","All Out Attack"],"campfire_rested":0,"item_purchase_floors":[3,3],"current_hp_per_floor":[63,63,63,63,62,62,37,22,22,22,22,27,27,24,24,0],"gold":239,"neow_bonus":"ONE_RARE_RELIC","is_prod":false,"is_daily":false,"chose_seed":false,"campfire_upgraded":1,"win_rate":0,"timestamp":1557127146,"path_taken":["M","M","$","M","M","E","?","E","T","?","?","?","M","E","R","BOSS"],"build_version":"2019-01-23","purchased_purges":0,"victory":false,"max_hp_per_floor":[70,70,70,70,70,70,70,70,70,70,70,75,75,75,75,75],"card_choices":[{"not_picked":["Underhanded Strike","Backflip"],"picked":"Deadly Poison","floor":1.0},{"not_picked":["Concentrate","Infinite Blades"],"picked":"Dagger Throw","floor":2.0},{"not_picked":["Tactician","PiercingWail"],"picked":"Poisoned Stab","floor":4.0},{"not_picked":["A Thousand Cuts","Flying Knee"],"picked":"Backstab","floor":5.0},{"not_picked":["Bane","Outmaneuver","Dagger Throw"],"picked":"SKIP","floor":6},{"not_picked":["Bane","Outmaneuver","Dagger Throw"],"picked":"SKIP","floor":6},{"not_picked":["Accuracy","Terror"],"picked":"Reflex","floor":8},{"not_picked":["Poisoned Stab","Flechettes"],"picked":"Deflect","floor":11},{"not_picked":["Bane","Dash"],"picked":"Backflip","floor":13},{"not_picked":["PiercingWail","Infinite Blades+1"],"picked":"Cloak And Dagger","floor":14}],"player_experience":1293836,"relics_obtained":[{"floor":6,"key":"Mummified Hand"},{"floor":8,"key":"Bag of Preparation"},{"floor":9,"key":"Frozen Egg 2"},{"floor":14,"key":"Singing Bowl"}],"event_choices":[{"damage_healed":0,"gold_gain":0,"player_choice":"Success","damage_taken":25,"relics_obtained":["StoneCalendar"],"max_hp_gain":0,"max_hp_loss":0,"event_name":"Scrap Ooze","floor":7,"gold_loss":0},{"damage_healed":0,"gold_gain":0,"player_choice":"Bought 0 Potions","damage_taken":0,"max_hp_gain":0,"max_hp_loss":0,"event_name":"The Woman in Blue","floor":10,"gold_loss":0},{"damage_healed":0,"gold_gain":0,"player_choice":"Donut","damage_taken":0,"max_hp_gain":5,"max_hp_loss":0,"event_name":"Big Fish","floor":12,"gold_loss":0}],"is_beta":false,"boss_relics":[],"items_purged_floors":[],"is_endless":false,"potions_floor_spawned":[4,5,6,8],"killed_by":"Hexaghost","ascension_level":11}