{"gold_per_floor":[111,111,130,46,196,196,230,242,242,242,254,254,270,270,270,270],"floor_reached":16,"playtime":590,"items_purged":[],"score":190,"play_id":"2abb949a-11c6-45e4-9cb9-09004d0e09ce","local_time":"20190417160250","is_ascension_mode":true,"campfire_choices":[{"data":"Coolheaded","floor":6,"key":"SMITH"},{"data":"Zap","floor":10,"key":"SMITH"},{"data":"Go for the Eyes","floor":15,"key":"SMITH"}],"neow_cost":"NONE","seed_source_timestamp":1403316291350995,"circlet_count":0,"master_deck":["AscendersBane","Strike_B","Strike_B","Strike_B","Strike_B","Defend_B","Defend_B","Defend_B","Defend_B","Zap+1","Dualcast+1","Coolheaded+1","Go for the Eyes+1","Doubt","Rainbow+1","FTL","Coolheaded+1","BootSequence+1"],"relics":["Cracked Core","Toxic Egg 2","Mummified Hand"],"potions_floor_usage":[7,7,16,16],"damage_taken":[{"damage":0,"enemies":"2 Louse","floor":1,"turns":3},{"damage":7,"enemies":"Cultist","floor":3,"turns":4},{"damage":51,"enemies":"Gremlin Nob","floor":7,"turns":5},{"damage":0,"enemies":"Small Slimes","floor":8,"turns":3},{"damage":8,"enemies":"Looter","floor":11,"turns":3},{"damage":0,"enemies":"Blue Slaver","floor":13,"turns":4},{"damage":19,"enemies":"Hexaghost","floor":16,"turns":9}],"seed_played":"6907786624713613729","potions_obtained":[{"floor":0,"key":"EntropicBrew"},{"floor":0,"key":"EssenceOfSteel"},{"floor":1,"key":"Regen Potion"},{"floor":8,"key":"Weak Potion"},{"floor":11,"key":"FearPotion"}],"is_trial":false,"path_per_floor":["M","?","M","$","?","R","E","M","T","R","M","?","M","?","R","B"],"character_chosen":"DEFECT","items_purchased":["Coolheaded","Go for the Eyes"],"campfire_rested":0,"item_purchase_floors":[4,4],"current_hp_per_floor":[64,64,57,57,57,57,20,20,20,20,12,12,12,17,17,0],"gold":270,"neow_bonus":"THREE_SMALL_POTIONS","is_prod":false,"is_daily":false,"chose_seed":false,"campfire_upgraded":3,"win_rate":0,"timestamp":1555495370,"path_taken":["M","?","M","?","?","R","E","M","T","R","M","?","?","?","R","BOSS"],"build_version":"2019-01-23","purchased_purges":0,"victory":false,"max_hp_per_floor":[71,71,71,71,71,71,71,71,71,71,71,71,71,76,76,76],"card_choices":[{"not_picked":["Steam Power","Hologram","Steam"],"picked":"SKIP","floor":1},{"not_picked":["Scrape","Leap","Aggregate"],"picked":"SKIP","floor":3},{"not_picked":["Coolheaded","Fusion"],"picked":"Rainbow","floor":7},{"not_picked":["Blizzard","Stack+1"],"picked":"FTL","floor":8},{"not_picked":["Ball Lightning","Leap+1"],"picked":"Coolheaded+1","floor":11},{"not_picked":["Capacitor","Barrage"],"picked":"BootSequence+1","floor":13}],"player_experience":1173855,"relics_obtained":[{"floor":7,"key":"Toxic Egg 2"},{"floor":9,"key":"Mummified Hand"}],"event_choices":[{"damage_healed":0,"gold_gain":0,"player_choice":"Upgraded","damage_taken":0,"max_hp_gain":0,"max_hp_loss":0,"event_name":"Upgrade Shrine","floor":2,"gold_loss":0,"cards_upgraded":["Dualcast"]},{"damage_healed":0,"gold_gain":150,"player_choice":"AGREE","damage_taken":0,"max_hp_gain":0,"max_hp_loss":0,"event_name":"Liars Game","floor":5,"gold_loss":0,"cards_obtained":["Doubt"]},{"damage_healed":0,"gold_gain":0,"player_choice":"Fled","damage_taken":0,"max_hp_gain":0,"max_hp_loss":0,"event_name":"Scrap Ooze","floor":12,"gold_loss":0},{"damage_healed":0,"gold_gain":0,"player_choice":"Donut","damage_taken":0,"max_hp_gain":5,"max_hp_loss":0,"event_name":"Big Fish","floor":14,"gold_loss":0}],"is_beta":false,"boss_relics":[],"items_purged_floors":[],"is_endless":false,"potions_floor_spawned":[1,8,11,13],"killed_by":"Hexaghost","ascension_level":18}