{"gold_per_floor":[119,40,115,126,142,176,232,243,243,243,270,303,315,329,329,430,430,447,457,372,389,401,431,431,459,486,515,527,519,631,654,666,678],"floor_reached":33,"playtime":1270,"items_purged":[],"score":584,"play_id":"7deb75a2-03cd-437b-984e-ce96361a3c17","local_time":"20190527095408","is_ascension_mode":true,"campfire_choices":[{"data":"Feed","floor":15.0,"key":"SMITH"},{"floor":24.0,"key":"REST"},{"floor":32.0,"key":"REST"}],"neow_cost":"NONE","seed_source_timestamp":0,"circlet_count":0,"master_deck":["Strike_R","Strike_R","Strike_R","Strike_R","Strike_R","Defend_R","Defend_R","Defend_R","Defend_R","Bash","Twin Strike","Feed+1","Uppercut+1","Spot Weakness","Spot Weakness","Combust+1","Demon Form+1","Anger","Flame Barrier","Immolate","Offering","Shrug It Off","Dropkick","Metallicize+1","Shockwave"],"special_seed":0,"relics":["Burning Blood","Matryoshka","Frozen Egg 2","Shuriken","Question Card","WingedGreaves","Bottled Flame","Velvet Choker","Pen Nib","Happy Flower","Incense Burner","Ancient Tea Set","Juzu Bracelet","MawBank","Enchiridion"],"potions_floor_usage":[33,33,33],"damage_taken":[{"damage":2.0,"enemies":"Jaw Worm","floor":1.0,"turns":3.0},{"damage":1.0,"enemies":"Small Slimes","floor":4.0,"turns":3.0},{"damage":6.0,"enemies":"2 Louse","floor":5.0,"turns":3.0},{"damage":40.0,"enemies":"3 Sentries","floor":6.0,"turns":10.0},{"damage":20.0,"enemies":"3 Sentries","floor":7.0,"turns":6.0},{"damage":14.0,"enemies":"Lots of Slimes","floor":8.0,"turns":2.0},{"damage":10.0,"enemies":"Lagavulin","floor":11.0,"turns":6.0},{"damage":20.0,"enemies":"3 Sentries","floor":12.0,"turns":5.0},{"damage":5.0,"enemies":"Gremlin Gang","floor":13.0,"turns":4.0},{"damage":0.0,"enemies":"Exordium Wildlife","floor":14.0,"turns":2.0},{"damage":22.0,"enemies":"Hexaghost","floor":16.0,"turns":9.0},{"damage":15.0,"enemies":"3 Byrds","floor":18.0,"turns":3.0},{"damage":9.0,"enemies":"Chosen","floor":19.0,"turns":3.0},{"damage":11.0,"enemies":"Snake Plant","floor":21.0,"turns":3.0},{"damage":11.0,"enemies":"Centurion and Healer","floor":22.0,"turns":3.0},{"damage":22.0,"enemies":"Book of Stabbing","floor":23.0,"turns":4.0},{"damage":45.0,"enemies":"Slavers","floor":25.0,"turns":7.0},{"damage":29.0,"enemies":"Book of Stabbing","floor":27.0,"turns":4.0},{"damage":6.0,"enemies":"Snecko","floor":31.0,"turns":4.0},{"damage":97,"enemies":"Champ","floor":33,"turns":7}],"seed_played":"-4834556138298864398","potions_obtained":[{"floor":7.0,"key":"Weak Potion"},{"floor":8.0,"key":"FearPotion"},{"floor":13.0,"key":"Weak Potion"},{"floor":16.0,"key":"BloodPotion"},{"floor":21.0,"key":"SpeedPotion"},{"floor":25.0,"key":"Explosive Potion"},{"floor":27.0,"key":"Ancient Potion"},{"floor":29.0,"key":"BloodPotion"}],"is_trial":false,"path_per_floor":["M","$","?","M","M","E","?","M","T","?","E","E","M","M","R","B",null,"M","M","?","M","M","E","R","E","T","E","?","?","?","M","R","B"],"character_chosen":"IRONCLAD","items_purchased":["Feed"],"campfire_rested":2,"item_purchase_floors":[2],"current_hp_per_floor":[80,80,69,77,80,49,38,33,33,33,32,21,25,34,34,22,89,84,81,81,76,75,59,94,70,70,47,31,31,31,35,73,0],"gold":678,"neow_bonus":"THREE_CARDS","is_prod":false,"is_daily":false,"chose_seed":false,"campfire_upgraded":1,"win_rate":0,"timestamp":1558943648,"path_taken":["M","$","?","M","M","E","?","M","T","?","E","E","M","?","R","BOSS","M","?","?","M","M","E","R","E","T","E","?","?","?","M","R","BOSS"],"build_version":"2019-01-23","purchased_purges":0,"victory":false,"max_hp_per_floor":[80,80,80,83,86,89,92,95,95,95,98,101,104,107,107,111,111,115,115,115,115,119,119,119,123,123,123,123,123,123,127,127,127],"card_choices":[{"not_picked":["Flex","Combust"],"picked":"Shockwave","floor":0.0},{"not_picked":["Heavy Blade","Warcry"],"picked":"Twin Strike","floor":1.0},{"not_picked":["Heavy Blade","Havoc"],"picked":"Uppercut","floor":4.0},{"not_picked":["Anger","Headbutt"],"picked":"Spot Weakness","floor":5.0},{"not_picked":["Metallicize","Pommel Strike"],"picked":"Spot Weakness","floor":6.0},{"not_picked":["Armaments","Warcry"],"picked":"Combust","floor":7.0},{"not_picked":["Flex","Shrug It Off"],"picked":"Demon Form+1","floor":8.0},{"not_picked":["Flame Barrier","Fire Breathing+1","Pommel Strike"],"picked":"Anger","floor":11.0},{"not_picked":["Pommel Strike","Sword Boomerang","Burning Pact"],"picked":"Flame Barrier","floor":12.0},{"not_picked":["Flex","Clothesline","Sword Boomerang"],"picked":"Immolate","floor":13.0},{"not_picked":["Sever Soul","Intimidate","Armaments","Wild Strike"],"picked":"SKIP","floor":14.0},{"not_picked":["Fiend Fire","Feed","Demon Form+1"],"picked":"Offering","floor":16.0},{"not_picked":["Cleave","Twin Strike","True Grit","Armaments"],"picked":"SKIP","floor":18.0},{"not_picked":["Armaments","Perfected Strike","Blood for Blood"],"picked":"Shrug It Off","floor":19.0},{"not_picked":["Clothesline","Rupture+1","Anger"],"picked":"Dropkick","floor":21.0},{"not_picked":["Clash","Perfected Strike","Iron Wave","Warcry"],"picked":"SKIP","floor":22.0},{"not_picked":["Power Through","Havoc","Clash","Dark Embrace+1"],"picked":"SKIP","floor":23.0},{"not_picked":["Rampage","Havoc","Spot Weakness","Seeing Red"],"picked":"SKIP","floor":25.0},{"not_picked":["Armaments","Spot Weakness","True Grit"],"picked":"Metallicize+1","floor":27.0},{"not_picked":["Clothesline","Inflame+1","Perfected Strike"],"picked":"Shockwave","floor":31.0}],"player_experience":42404,"relics_obtained":[{"floor":6.0,"key":"Matryoshka"},{"floor":7.0,"key":"Frozen Egg 2"},{"floor":9.0,"key":"Shuriken"},{"floor":9.0,"key":"Question Card"},{"floor":11.0,"key":"WingedGreaves"},{"floor":12.0,"key":"Bottled Flame"},{"floor":23.0,"key":"Happy Flower"},{"floor":25.0,"key":"Incense Burner"},{"floor":26.0,"key":"Ancient Tea Set"},{"floor":26.0,"key":"Juzu Bracelet"},{"floor":27.0,"key":"MawBank"},{"floor":28.0,"key":"Enchiridion"}],"event_choices":[{"damage_healed":0.0,"max_hp_gain":0.0,"max_hp_loss":0.0,"gold_gain":75.0,"event_name":"World of Goop","player_choice":"Gather Gold","floor":3.0,"gold_loss":0.0,"damage_taken":11.0},{"damage_healed":0.0,"max_hp_gain":0.0,"max_hp_loss":0.0,"gold_gain":30.0,"event_name":"Dead Adventurer","player_choice":"Searched \u00272\u0027 times","floor":7.0,"gold_loss":0.0,"damage_taken":0.0},{"damage_healed":0.0,"max_hp_gain":0.0,"max_hp_loss":0.0,"gold_gain":0.0,"event_name":"Upgrade Shrine","player_choice":"Upgraded","floor":10.0,"gold_loss":0.0,"damage_taken":0.0,"cards_upgraded":["Uppercut"]},{"damage_healed":0.0,"max_hp_gain":0.0,"max_hp_loss":0.0,"gold_gain":0.0,"event_name":"Addict","player_choice":"Obtained Relic","floor":20.0,"gold_loss":85.0,"damage_taken":0.0,"relics_obtained":["Pen Nib"]},{"damage_healed":0.0,"max_hp_gain":0.0,"max_hp_loss":0.0,"gold_gain":0.0,"event_name":"Cursed Tome","player_choice":"Obtained Book","floor":28.0,"gold_loss":0.0,"damage_taken":16.0},{"damage_healed":0.0,"max_hp_gain":0.0,"max_hp_loss":0.0,"gold_gain":0.0,"event_name":"The Woman in Blue","player_choice":"Bought 1 Potion","floor":29.0,"gold_loss":0.0,"damage_taken":0.0},{"damage_healed":0.0,"max_hp_gain":0.0,"max_hp_loss":0.0,"gold_gain":100.0,"event_name":"Golden Shrine","player_choice":"Pray","floor":30.0,"gold_loss":0.0,"damage_taken":0.0}],"is_beta":false,"boss_relics":[{"not_picked":["Astrolabe","Mark of Pain"],"picked":"Velvet Choker"}],"items_purged_floors":[],"is_endless":false,"potions_floor_spawned":[7,8,13,16,21,25,27,31],"killed_by":"Champ","ascension_level":5}