{"gold_per_floor":[117,3,3,3,28,61,61,85,85,166,166,16,16,29,29,152,152,175,249,152,152,172,172,213,213,213,229,242,242],"floor_reached":29,"playtime":1532,"items_purged":["Strike_G"],"score":432,"play_id":"160b65b5-2546-4eaf-b601-76e213d47eb9","local_time":"20190227185730","is_ascension_mode":true,"campfire_choices":[{"data":"Noxious Fumes","floor":7.0,"key":"SMITH"},{"data":"Survivor","floor":15,"key":"SMITH"},{"data":"Dodge and Roll","floor":23,"key":"SMITH"},{"data":"Crippling Poison","floor":25,"key":"SMITH"}],"neow_cost":"NONE","seed_source_timestamp":0,"circlet_count":0,"master_deck":["Defend_G","Defend_G","Defend_G","Defend_G","Defend_G","Strike_G","Strike_G","Strike_G","Strike_G","Survivor+1","Neutralize","Quick Slash","Noxious Fumes+1","Sucker Punch","A Thousand Cuts","Cloak And Dagger+1","Noxious Fumes","Quick Slash","Dodge and Roll+1","Crippling Poison+1","Dash"],"special_seed":0,"relics":["Ring of the Snake","NeowsBlessing","Golden Idol","Pear","Singing Bowl","Darkstone Periapt","Thread and Needle","Sundial","Bronze Scales","HoveringKite","Letter Opener","The Courier","Shovel"],"potions_floor_usage":[10,10,14,22,24,24,24,24,27,29],"damage_taken":[{"damage":0.0,"enemies":"Small Slimes","floor":1.0,"turns":1.0},{"damage":0.0,"enemies":"2 Louse","floor":5.0,"turns":1.0},{"damage":0.0,"enemies":"Gremlin Nob","floor":6.0,"turns":1.0},{"damage":0.0,"enemies":"Cultist","floor":8.0,"turns":4.0},{"damage":6,"enemies":"3 Sentries","floor":10,"turns":7},{"damage":0,"enemies":"Red Slaver","floor":14,"turns":4},{"damage":9,"enemies":"The Guardian","floor":16,"turns":11},{"damage":25,"enemies":"Spheric Guardian","floor":18,"turns":7},{"damage":8,"enemies":"Shell Parasite","floor":22,"turns":5},{"damage":0,"enemies":"Gremlin Leader","floor":24,"turns":7},{"damage":11,"enemies":"Cultist and Chosen","floor":27,"turns":6},{"damage":16,"enemies":"Snake Plant","floor":28,"turns":5},{"damage":30,"enemies":"Book of Stabbing","floor":29,"turns":5}],"seed_played":"-4598526290244156390","potions_obtained":[{"floor":1.0,"key":"FearPotion"},{"floor":5.0,"key":"Fire Potion"},{"floor":13,"key":"EntropicBrew"},{"floor":13,"key":"GamblersBrew"},{"floor":13,"key":"FairyPotion"},{"floor":14,"key":"Regen Potion"},{"floor":18,"key":"Dexterity Potion"},{"floor":27,"key":"Explosive Potion"}],"is_trial":false,"path_per_floor":["M","$","?","?","M","E","R","M","T","?","T","$","?","M","R","B",null,"M","T","$","?","M","R","E","R","T","M","M","E"],"character_chosen":"THE_SILENT","items_purchased":["Noxious Fumes","Bronze Scales","Noxious Fumes","Quick Slash"],"campfire_rested":0,"item_purchase_floors":[2,12,20,20],"current_hp_per_floor":[63,63,63,70,70,72,72,74,74,70,70,70,70,72,72,63,78,53,53,53,53,54,54,54,54,54,43,29,0],"gold":242,"neow_bonus":"THREE_ENEMY_KILL","is_prod":false,"is_daily":false,"chose_seed":false,"campfire_upgraded":4,"win_rate":0,"timestamp":1551272250,"path_taken":["M","$","?","?","M","E","R","M","T","?","?","$","?","?","R","BOSS","M","?","$","?","?","R","E","R","T","M","M","E"],"build_version":"2019-01-23","purchased_purges":1,"victory":false,"max_hp_per_floor":[70,70,65,75,75,77,77,79,79,81,81,81,81,83,83,83,83,83,83,83,83,83,83,83,83,83,83,85,85],"card_choices":[{"not_picked":["Riddle With Holes","Poisoned Stab"],"picked":"Quick Slash","floor":1.0},{"not_picked":["Outmaneuver","Endless Agony"],"picked":"Sucker Punch","floor":5.0},{"not_picked":["Slice","Eviscerate","All Out Attack"],"picked":"Singing Bowl","floor":6.0},{"not_picked":["Underhanded Strike","Blade Dance","Dagger Throw"],"picked":"Singing Bowl","floor":8.0},{"not_picked":["Doppelganger","Flechettes","Poisoned Stab"],"picked":"Singing Bowl","floor":10},{"not_picked":["Poisoned Stab","Choke","Dagger Throw"],"picked":"Singing Bowl","floor":14},{"not_picked":["Venomology","Grand Finale"],"picked":"A Thousand Cuts","floor":16},{"not_picked":["Poisoned Stab+1","Dagger Throw"],"picked":"Cloak And Dagger","floor":18},{"not_picked":["Flechettes+1","Dagger Spray"],"picked":"Dodge and Roll","floor":22},{"not_picked":["Finisher","Blade Dance"],"picked":"Crippling Poison","floor":24},{"not_picked":["Catalyst+1","Leg Sweep"],"picked":"Dash","floor":27},{"not_picked":["Acrobatics","Choke","Flying Knee"],"picked":"Singing Bowl","floor":28}],"player_experience":904743,"relics_obtained":[{"floor":6.0,"key":"Singing Bowl"},{"floor":9.0,"key":"Darkstone Periapt"},{"floor":11,"key":"Sundial"},{"floor":19,"key":"Letter Opener"},{"floor":24,"key":"The Courier"},{"floor":26,"key":"Shovel"}],"event_choices":[{"damage_healed":0.0,"max_hp_gain":0.0,"max_hp_loss":5.0,"gold_gain":0.0,"event_name":"Golden Idol","player_choice":"Lose Max HP","floor":3.0,"gold_loss":0.0,"damage_taken":0.0,"relics_obtained":["Golden Idol"]},{"damage_healed":0.0,"max_hp_gain":0.0,"max_hp_loss":0.0,"gold_gain":0.0,"event_name":"Scrap Ooze","player_choice":"Success","floor":4.0,"gold_loss":0.0,"damage_taken":3.0,"relics_obtained":["Pear"]},{"damage_healed":0,"gold_gain":0,"player_choice":"Searched \u00273\u0027 times","damage_taken":0,"relics_obtained":["Thread and Needle"],"max_hp_gain":0,"max_hp_loss":0,"event_name":"Dead Adventurer","floor":10,"gold_loss":0},{"damage_healed":0,"gold_gain":0,"player_choice":"Got Potions","damage_taken":0,"max_hp_gain":0,"max_hp_loss":0,"event_name":"Lab","floor":13,"gold_loss":0},{"damage_healed":0,"gold_gain":0,"player_choice":"Upgraded","damage_taken":0,"max_hp_gain":0,"max_hp_loss":0,"event_name":"Upgrade Shrine","floor":21,"gold_loss":0,"cards_upgraded":["Cloak And Dagger"]}],"is_beta":false,"boss_relics":[{"not_picked":["Ectoplasm","Philosopher\u0027s Stone"],"picked":"HoveringKite"}],"items_purged_floors":[2],"is_endless":false,"potions_floor_spawned":[1,5,14,18,27],"killed_by":"Book of Stabbing","ascension_level":8}