{"gold_per_floor":[118,129,145,159,159,185,185,205,205,237,252,262,278,293,293,394,394,411,411,430,505,505,505,522,542,542,555,54,54,83,83,83,186,186,198,129,0,18,18,18,18],"floor_reached":41,"playtime":3417,"items_purged":[],"score":701,"play_id":"6c91df16-2f97-4970-b8a2-178da31ac619","local_time":"20190430174218","is_ascension_mode":true,"campfire_choices":[{"floor":7,"key":"REST"},{"data":"Strike_G","floor":15,"key":"PURGE"},{"data":"Strike_G","floor":23,"key":"PURGE"},{"floor":29,"key":"REST"},{"data":"After Image","floor":32,"key":"SMITH"},{"data":"Caltrops","floor":40,"key":"SMITH"}],"neow_cost":"NONE","seed_source_timestamp":2529665599877581,"circlet_count":0,"master_deck":["AscendersBane","Defend_G","Defend_G","Defend_G","Defend_G","Defend_G","Survivor","Neutralize","Deadly Poison","Dagger Throw","Poisoned Stab","After Image+1","Leg Sweep","Caltrops+1","Backflip","Deflect","Crippling Poison","Corpse Explosion","Deflect","Escape Plan","Dodge and Roll","Bouncing Flask","Blur","Bandage Up","PiercingWail","Escape Plan+1","Burst","Blur","Footwork"],"relics":["Ring of the Snake","Pocketwatch","Thread and Needle","Peace Pipe","Empty Cage","Sundial","Lantern","Happy Flower","Strawberry","Du-Vu Doll","Red Mask"],"potions_floor_usage":[4,16,27,27,27,33,33,41,41],"damage_taken":[{"damage":0,"enemies":"Cultist","floor":1,"turns":4},{"damage":8,"enemies":"Jaw Worm","floor":2,"turns":5},{"damage":3,"enemies":"2 Louse","floor":3,"turns":2},{"damage":4,"enemies":"Lots of Slimes","floor":4,"turns":5},{"damage":21,"enemies":"Gremlin Nob","floor":6,"turns":5},{"damage":14,"enemies":"Exordium Thugs","floor":8,"turns":8},{"damage":1,"enemies":"Lagavulin","floor":10,"turns":6},{"damage":4,"enemies":"3 Louse","floor":11,"turns":6},{"damage":0,"enemies":"Blue Slaver","floor":12,"turns":5},{"damage":0,"enemies":"2 Fungi Beasts","floor":13,"turns":5},{"damage":0,"enemies":"3 Louse","floor":14,"turns":4},{"damage":1,"enemies":"Hexaghost","floor":16,"turns":12},{"damage":8,"enemies":"Chosen","floor":18,"turns":6},{"damage":0,"enemies":"Shell Parasite","floor":20,"turns":6},{"damage":5,"enemies":"3 Cultists","floor":24,"turns":3},{"damage":16,"enemies":"Snake Plant","floor":25,"turns":6},{"damage":9,"enemies":"Snecko","floor":27,"turns":8},{"damage":9,"enemies":"Gremlin Leader","floor":30,"turns":10},{"damage":40,"enemies":"Automaton","floor":33,"turns":13},{"damage":1,"enemies":"3 Darklings","floor":35,"turns":7},{"damage":2,"enemies":"Orb Walker","floor":38,"turns":6},{"damage":101,"enemies":"Giant Head","floor":41,"turns":13}],"seed_played":"-1298915970663229663","potions_obtained":[{"floor":2,"key":"PowerPotion"},{"floor":10,"key":"Swift Potion"},{"floor":12,"key":"EssenceOfSteel"},{"floor":14,"key":"Regen Potion"},{"floor":16,"key":"Explosive Potion"},{"floor":19,"key":"EntropicBrew"},{"floor":30,"key":"Regen Potion"},{"floor":33,"key":"EssenceOfSteel"},{"floor":35,"key":"GamblersBrew"}],"is_trial":false,"path_per_floor":["M","M","M","M","?","E","R","M","T","E","M","M","M","M","R","B",null,"M","?","M","T","?","R","M","M","T","M","$","R","E","?","R","B",null,"M","$","?","M","?","R","E"],"character_chosen":"THE_SILENT","items_purchased":["Blur","Bandage Up","PiercingWail","Happy Flower","Strawberry","Footwork"],"campfire_rested":2,"item_purchase_floors":[28,28,28,28,28,36],"current_hp_per_floor":[70,62,59,55,55,34,57,43,43,42,38,38,38,38,38,37,67,59,59,59,59,59,59,54,38,38,44,51,76,71,71,71,48,75,78,78,78,80,80,80,0],"gold":18,"neow_bonus":"TEN_PERCENT_HP_BONUS","is_prod":false,"is_daily":false,"chose_seed":false,"campfire_upgraded":2,"win_rate":0,"timestamp":1556624538,"path_taken":["M","?","M","M","?","E","R","M","T","E","?","M","M","M","R","BOSS","M","?","?","?","?","R","M","M","T","M","?","R","E","?","R","BOSS","M","$","?","M","?","R","E"],"build_version":"2019-01-23","purchased_purges":0,"victory":false,"max_hp_per_floor":[77,77,77,77,77,77,77,77,77,77,77,77,77,77,77,77,77,77,77,77,77,77,77,77,77,77,77,84,84,84,84,84,84,84,84,84,84,84,84,84,84],"card_choices":[{"not_picked":["Bane","Sucker Punch"],"picked":"Deadly Poison","floor":1},{"not_picked":["Dagger Spray","Backflip"],"picked":"Dagger Throw","floor":2},{"not_picked":["Calculated Gamble","Well Laid Plans"],"picked":"Poisoned Stab","floor":3},{"not_picked":["Quick Slash","Flechettes"],"picked":"After Image","floor":4},{"not_picked":["Cloak And Dagger","Backstab"],"picked":"Leg Sweep","floor":6},{"not_picked":["Dagger Spray","Bane","Finisher"],"picked":"SKIP","floor":8},{"not_picked":["Flying Knee","A Thousand Cuts","Eviscerate"],"picked":"SKIP","floor":10},{"not_picked":["Dagger Throw","Blade Dance"],"picked":"Caltrops","floor":11},{"not_picked":["Bane","Choke"],"picked":"Backflip","floor":12},{"not_picked":["Backstab","Quick Slash"],"picked":"Deflect","floor":13},{"not_picked":["Acrobatics","Poisoned Stab"],"picked":"Crippling Poison","floor":14},{"not_picked":["Doppelganger","Phantasmal Killer"],"picked":"Corpse Explosion","floor":16},{"not_picked":["Bane+1","Reflex","Blade Dance"],"picked":"SKIP","floor":18},{"not_picked":["Concentrate","Underhanded Strike+1"],"picked":"Deflect","floor":20},{"not_picked":["Leg Sweep","Underhanded Strike"],"picked":"Dodge and Roll","floor":24},{"not_picked":["Bane","Tactician"],"picked":"Bouncing Flask","floor":25},{"not_picked":["Poisoned Stab","Deadly Poison+1","Flying Knee"],"picked":"SKIP","floor":27},{"not_picked":["Underhanded Strike","Poisoned Stab"],"picked":"Escape Plan+1","floor":30},{"not_picked":["Night Terror","Unload"],"picked":"Burst","floor":33},{"not_picked":["Slice+1","Bouncing Flask"],"picked":"Blur","floor":35},{"not_picked":["Poisoned Stab+1","Dagger Spray+1","Underhanded Strike"],"picked":"SKIP","floor":38}],"player_experience":1268315,"relics_obtained":[{"floor":6,"key":"Pocketwatch"},{"floor":9,"key":"Thread and Needle"},{"floor":10,"key":"Peace Pipe"},{"floor":21,"key":"Sundial"},{"floor":26,"key":"Lantern"},{"floor":30,"key":"Du-Vu Doll"}],"event_choices":[{"cards_removed":["Strike_G"],"damage_healed":0,"gold_gain":0,"player_choice":"Purged","damage_taken":0,"max_hp_gain":0,"max_hp_loss":0,"event_name":"Purifier","floor":5,"gold_loss":0},{"damage_healed":0,"gold_gain":0,"player_choice":"Got Potions","damage_taken":0,"max_hp_gain":0,"max_hp_loss":0,"event_name":"Lab","floor":19,"gold_loss":0},{"damage_healed":0,"gold_gain":0,"player_choice":"Read","damage_taken":0,"max_hp_gain":0,"max_hp_loss":0,"event_name":"The Library","floor":22,"gold_loss":0,"cards_obtained":["Escape Plan"]},{"damage_healed":0,"gold_gain":0,"player_choice":"Ignored","damage_taken":0,"max_hp_gain":0,"max_hp_loss":0,"event_name":"Vampires","floor":31,"gold_loss":0},{"damage_healed":0,"gold_gain":0,"player_choice":"Paid","damage_taken":0,"relics_obtained":["Red Mask"],"max_hp_gain":0,"max_hp_loss":0,"event_name":"Tomb of Lord Red Mask","floor":37,"gold_loss":129},{"damage_healed":0,"gold_gain":0,"player_choice":"Ignored","damage_taken":0,"max_hp_gain":0,"max_hp_loss":0,"event_name":"Mysterious Sphere","floor":39,"gold_loss":0}],"is_beta":false,"boss_relics":[{"not_picked":["WristBlade","Black Star"],"picked":"Empty Cage"},{"not_picked":["Philosopher\u0027s Stone","Astrolabe","Pandora\u0027s Box"]}],"items_purged_floors":[],"is_endless":false,"potions_floor_spawned":[2,10,12,13,14,16,18,30,33,35],"killed_by":"Giant Head","ascension_level":11}