{"gold_per_floor":[119,119,132,82,97,129,146,71,143,156,156,182,192,206,206,302,352,366,23,37,49,59,59,70,70,70,70,70,80,95,124,124,219,219,239,251,251,261,272,301,301,332,357,357,377,377,408,10,10,10],"floor_reached":50,"playtime":2568,"items_purged":["Strike_B","Defend_B","Strike_B"],"score":593,"play_id":"350334c8-1c02-48fa-9983-fb1423b7b2f3","local_time":"20190117144335","daily_mods":["DeadlyEvents","Terminal"],"is_ascension_mode":false,"campfire_choices":[{"floor":11.0,"key":"REST"},{"floor":15.0,"key":"REST"},{"floor":23.0,"key":"REST"},{"data":"Defragment","floor":25.0,"key":"SMITH"},{"data":"White Noise","floor":28.0,"key":"SMITH"},{"data":"Seek","floor":32.0,"key":"SMITH"},{"floor":44,"key":"REST"},{"floor":46,"key":"REST"},{"floor":49,"key":"REST"}],"neow_cost":"","seed_source_timestamp":0,"circlet_count":0,"master_deck":["Strike_B+1","Defend_B","Defend_B","Zap","Dualcast","Compile Driver","Capacitor","Ball Lightning","Electrodynamics","Chaos","Leap","Leap","Sunder","Cold Snap","Cold Snap","Reboot","Chill","Machine Learning","Defragment+1","Ball Lightning","Darkness+1","Blizzard+1","Leap","Lockon+1","Coolheaded+1","White Noise+1","Cold Snap","Seek+1","Sweeping Beam+1","Glacier","Loop+1","Machine Learning+1","Defragment+1","Defragment+1"],"special_seed":0,"relics":["Cracked Core","Prayer Wheel","Mercury Hourglass","Orichalcum","Tiny House","Frozen Egg 2","Bag of Marbles","Strawberry","Philosopher\u0027s Stone","Sundial","Omamori","Anchor","Meat on the Bone","Bronze Scales"],"potions_floor_usage":[35,40,42,47,50,50,50],"damage_taken":[{"damage":0.0,"enemies":"Small Slimes","floor":1.0,"turns":3.0},{"damage":0.0,"enemies":"2 Louse","floor":3.0,"turns":2.0},{"damage":0.0,"enemies":"Cultist","floor":5.0,"turns":3.0},{"damage":28.0,"enemies":"Lagavulin","floor":6.0,"turns":6.0},{"damage":2.0,"enemies":"Exordium Wildlife","floor":7.0,"turns":2.0},{"damage":7.0,"enemies":"Blue Slaver","floor":10.0,"turns":2.0},{"damage":11.0,"enemies":"Gremlin Nob","floor":12.0,"turns":3.0},{"damage":0.0,"enemies":"Large Slime","floor":13.0,"turns":3.0},{"damage":5.0,"enemies":"Exordium Thugs","floor":14.0,"turns":2.0},{"damage":15.0,"enemies":"Hexaghost","floor":16.0,"turns":8.0},{"damage":21.0,"enemies":"2 Thieves","floor":18.0,"turns":4.0},{"damage":0.0,"enemies":"3 Byrds","floor":20.0,"turns":2.0},{"damage":1.0,"enemies":"Snecko","floor":21.0,"turns":4.0},{"damage":11.0,"enemies":"Shelled Parasite and Fungi","floor":22.0,"turns":5.0},{"damage":10.0,"enemies":"Chosen and Byrds","floor":24.0,"turns":5.0},{"damage":11.0,"enemies":"Snecko","floor":29.0,"turns":5.0},{"damage":0.0,"enemies":"Sentry and Sphere","floor":30.0,"turns":6.0},{"damage":0.0,"enemies":"Book of Stabbing","floor":31.0,"turns":5.0},{"damage":15.0,"enemies":"Champ","floor":33.0,"turns":11.0},{"damage":0,"enemies":"3 Darklings","floor":35,"turns":3},{"damage":0,"enemies":"Orb Walker","floor":36,"turns":3},{"damage":0,"enemies":"Sphere and 2 Shapes","floor":38,"turns":4},{"damage":9,"enemies":"Transient","floor":39,"turns":5},{"damage":24,"enemies":"Nemesis","floor":40,"turns":9},{"damage":10,"enemies":"Reptomancer","floor":42,"turns":7},{"damage":0,"enemies":"4 Shapes","floor":45,"turns":3},{"damage":10,"enemies":"Giant Head","floor":47,"turns":9},{"damage":35,"enemies":"Awakened One","floor":50,"turns":2}],"seed_played":"2038551814275707515","potions_obtained":[{"floor":3.0,"key":"FearPotion"},{"floor":6.0,"key":"SteroidPotion"},{"floor":7.0,"key":"LiquidBronze"},{"floor":17.0,"key":"Energy Potion"},{"floor":21.0,"key":"AttackPotion"},{"floor":24.0,"key":"LiquidBronze"},{"floor":30.0,"key":"Strength Potion"},{"floor":31.0,"key":"LiquidBronze"},{"floor":33.0,"key":"Strength Potion"},{"floor":39,"key":"SneckoOil"},{"floor":40,"key":"SkillPotion"},{"floor":45,"key":"Ancient Potion"}],"is_trial":true,"path_per_floor":["M","?","M","?","M","E","M","$","T","M","R","E","M","M","R","B",null,"M","$","M","M","M","R","M","R","T","$","R","M","M","E","R","B",null,"M","M","?","M","M","E","?","E","T","R","M","R","E","$","R","B"],"character_chosen":"DEFECT","items_purchased":["Frozen Egg 2","Defragment+1","Bronze Scales","AttackPotion"],"campfire_rested":6,"item_purchase_floors":[19,48,48,48],"current_hp_per_floor":[73,66,66,66,66,38,36,36,36,29,48,37,37,32,50,35,62,41,41,41,40,29,46,36,36,36,36,36,25,25,32,32,17,52,51,50,46,45,36,12,12,2,2,14,14,25,15,15,25,0],"gold":10,"neow_bonus":"","is_prod":false,"is_daily":false,"chose_seed":false,"campfire_upgraded":3,"win_rate":0,"timestamp":1547736215,"path_taken":["M","?","M","?","M","E","?","$","T","M","R","E","M","M","R","BOSS","M","$","?","M","M","R","?","R","T","$","R","?","?","E","R","BOSS","M","M","?","M","M","E","?","E","T","R","?","R","?","$","R","BOSS"],"build_version":"2019-01-10","purchased_purges":3,"victory":false,"max_hp_per_floor":[73,72,71,70,69,68,67,66,65,64,63,62,61,60,59,58,62,61,60,59,58,57,56,55,54,53,52,51,50,49,55,54,53,52,51,50,46,45,44,43,42,41,40,39,38,37,36,35,34,34],"card_choices":[{"not_picked":["Rebound","Barrage"],"picked":"Compile Driver","floor":1.0},{"not_picked":["Steam","Machine Learning"],"picked":"Capacitor","floor":3.0},{"not_picked":["Leap","Barrage"],"picked":"Ball Lightning","floor":5.0},{"not_picked":["Hologram","Conserve Battery"],"picked":"Electrodynamics","floor":6.0},{"not_picked":["Consume","Recycle"],"picked":"Chaos","floor":7.0},{"not_picked":["Stack","Redo"],"picked":"Leap","floor":7.0},{"not_picked":["Redo","Storm"],"picked":"Leap","floor":10.0},{"not_picked":["Compile Driver","Gash"],"picked":"Sunder","floor":10.0},{"not_picked":["Sunder","Compile Driver","Hello World"],"picked":"SKIP","floor":12.0},{"not_picked":["Melter","Skim"],"picked":"Cold Snap","floor":13.0},{"not_picked":["Turbo","Barrage"],"picked":"Cold Snap","floor":13.0},{"not_picked":["Gash","Hologram"],"picked":"Reboot","floor":14.0},{"not_picked":["Doom and Gloom","Aggregate"],"picked":"Chill","floor":14.0},{"not_picked":["Seek","Biased Cognition"],"picked":"Machine Learning","floor":16.0},{"not_picked":["Compile Driver","Chaos"],"picked":"Defragment","floor":17.0},{"not_picked":["Consume+1","Steam"],"picked":"Ball Lightning","floor":18.0},{"not_picked":["Leap","Reinforced Body","Redo"],"picked":"SKIP","floor":18.0},{"not_picked":["Redo+1","Stack"],"picked":"Darkness+1","floor":20.0},{"not_picked":["Streamline","Cold Snap"],"picked":"Blizzard+1","floor":20.0},{"not_picked":["Aggregate","Rebound"],"picked":"Leap","floor":21.0},{"not_picked":["Force Field+1","Redo"],"picked":"Lockon+1","floor":21.0},{"not_picked":["Turbo+1","All For One"],"picked":"Coolheaded+1","floor":22.0},{"not_picked":["Lockon","Chill"],"picked":"White Noise","floor":22.0},{"not_picked":["Beam Cell","Heatsinks+1"],"picked":"Cold Snap","floor":24.0},{"not_picked":["Gash","Static Discharge+1"],"picked":"Seek","floor":24.0},{"not_picked":["Beam Cell","Auto Shields"],"picked":"Sweeping Beam+1","floor":29.0},{"not_picked":["Skim","Force Field"],"picked":"Glacier","floor":29.0},{"not_picked":["Chill+1","Sweeping Beam","Skim"],"picked":"SKIP","floor":30.0},{"not_picked":["Storm+1","Force Field","Reinforced Body"],"picked":"SKIP","floor":30.0},{"not_picked":["Scrape","Tempest"],"picked":"Loop+1","floor":31.0},{"not_picked":["Fission","Electrodynamics+1"],"picked":"Machine Learning+1","floor":33.0},{"not_picked":["Darkness","Tempest","Fusion"],"picked":"SKIP","floor":35},{"not_picked":["Aggregate+1","Heatsinks+1","Darkness+1"],"picked":"SKIP","floor":35},{"not_picked":["Sweeping Beam","Barrage","Stack+1"],"picked":"SKIP","floor":36},{"not_picked":["Stack","Tempest","Ball Lightning"],"picked":"SKIP","floor":36},{"not_picked":["Streamline","Heatsinks+1","Redo+1"],"picked":"SKIP","floor":38},{"not_picked":["Doom and Gloom","Conserve Battery+1","Cold Snap+1"],"picked":"SKIP","floor":38},{"not_picked":["Steam+1","Go for the Eyes"],"picked":"Defragment+1","floor":39},{"not_picked":["Steam","Rip and Tear+1","Hologram+1"],"picked":"SKIP","floor":39},{"not_picked":["Leap+1","Turbo","Ball Lightning"],"picked":"SKIP","floor":40},{"not_picked":["Beam Cell","Meteor Strike","Fission"],"picked":"SKIP","floor":42},{"not_picked":["Streamline","Leap","Barrage+1"],"picked":"SKIP","floor":45},{"not_picked":["Gash+1","Stack","Streamline"],"picked":"SKIP","floor":45},{"not_picked":["Turbo+1","Heatsinks+1","Cold Snap"],"picked":"SKIP","floor":47}],"player_experience":705588,"relics_obtained":[{"floor":6.0,"key":"Prayer Wheel"},{"floor":9.0,"key":"Mercury Hourglass"},{"floor":12.0,"key":"Orichalcum"},{"floor":26.0,"key":"Bag of Marbles"},{"floor":31.0,"key":"Strawberry"},{"floor":40,"key":"Sundial"},{"floor":42,"key":"Omamori"},{"floor":43,"key":"Anchor"},{"floor":47,"key":"Meat on the Bone"}],"event_choices":[{"cards_removed":["Strike_B"],"damage_healed":0.0,"max_hp_gain":0.0,"max_hp_loss":0.0,"gold_gain":0.0,"event_name":"Golden Wing","player_choice":"Card Removal","floor":2.0,"gold_loss":0.0,"damage_taken":7.0},{"cards_removed":["Defend_B"],"damage_healed":0.0,"max_hp_gain":0.0,"max_hp_loss":0.0,"gold_gain":0.0,"event_name":"The Cleric","player_choice":"Card Removal","floor":4.0,"gold_loss":50.0,"damage_taken":0.0},{"damage_healed":0,"gold_gain":0,"player_choice":"Max HP","damage_taken":0,"max_hp_gain":0,"max_hp_loss":3,"event_name":"Winding Halls","floor":37,"gold_loss":0},{"damage_healed":0,"gold_gain":0,"player_choice":"Ignored","damage_taken":0,"max_hp_gain":0,"max_hp_loss":0,"event_name":"Mysterious Sphere","floor":41,"gold_loss":0}],"is_beta":false,"boss_relics":[{"not_picked":["Calling Bell","FrozenCore"],"picked":"Tiny House"},{"not_picked":["Runic Dome","Pandora\u0027s Box"],"picked":"Philosopher\u0027s Stone"}],"items_purged_floors":[8,19,48],"is_endless":false,"potions_floor_spawned":[3,6,7,21,24,30,31,33,39,40,45],"killed_by":"Awakened One","ascension_level":0}