{"gold_per_floor":[114,114,126,195,245,245,256,256,256,256,32,64,74,106,106,211,211,224,290,340,353,383,383,411,411,411,411,439,509,559,96,96,96],"floor_reached":33,"playtime":2109,"items_purged":[],"score":410,"play_id":"e73a6530-7afb-4715-ba38-0e596b196ace","local_time":"20190305143530","is_ascension_mode":true,"campfire_choices":[{"data":"PiercingWail","floor":6,"key":"SMITH"},{"data":"Dagger Throw","floor":8,"key":"SMITH"},{"data":"Backflip","floor":10,"key":"SMITH"},{"floor":15,"key":"REST"},{"data":"Prepared","floor":23,"key":"SMITH"},{"floor":25,"key":"REST"},{"data":"After Image","floor":27,"key":"SMITH"},{"floor":32,"key":"REST"}],"neow_cost":"NONE","seed_source_timestamp":1536058777282584,"circlet_count":0,"master_deck":["Defend_G","Defend_G","Defend_G","Defend_G","Defend_G","Strike_G","Strike_G","Strike_G","Survivor","Neutralize+1","Dagger Throw+1","PiercingWail+1","Underhanded Strike","Backflip+1","Calculated Gamble","After Image+1","Dagger Throw","Riddle With Holes","Leg Sweep","Adrenaline","Underhanded Strike","Underhanded Strike","Prepared+1","Tactician+1","Flying Knee+1","Envenom","Acrobatics","Well Laid Plans","Bandage Up"],"relics":["Ring of the Snake","SsserpentHead","Nunchaku","Matryoshka","Tingsha","Empty Cage","Lantern","Blood Vial","Potion Belt","Sundial","Pen Nib","Mummified Hand"],"potions_floor_usage":[12,16,24,28,33,33],"damage_taken":[{"damage":4,"enemies":"Small Slimes","floor":1,"turns":4},{"damage":1,"enemies":"Cultist","floor":3,"turns":3},{"damage":3,"enemies":"2 Louse","floor":4,"turns":3},{"damage":0,"enemies":"2 Fungi Beasts","floor":7,"turns":3},{"damage":19,"enemies":"Lagavulin","floor":12,"turns":12},{"damage":2,"enemies":"Gremlin Gang","floor":13,"turns":6},{"damage":25,"enemies":"3 Sentries","floor":14,"turns":9},{"damage":27,"enemies":"The Guardian","floor":16,"turns":21},{"damage":1,"enemies":"Shell Parasite","floor":18,"turns":7},{"damage":0,"enemies":"Chosen","floor":19,"turns":4},{"damage":10,"enemies":"Snake Plant","floor":21,"turns":6},{"damage":11,"enemies":"Slavers","floor":24,"turns":7},{"damage":20,"enemies":"Book of Stabbing","floor":28,"turns":7},{"damage":0,"enemies":"Chosen and Byrds","floor":29,"turns":4},{"damage":77,"enemies":"Collector","floor":33,"turns":16}],"seed_played":"5402130063312041468","potions_obtained":[{"floor":3,"key":"GhostInAJar"},{"floor":4,"key":"SkillPotion"},{"floor":7,"key":"Fire Potion"},{"floor":14,"key":"SkillPotion"},{"floor":22,"key":"Swift Potion"},{"floor":24,"key":"Block Potion"}],"is_trial":false,"path_per_floor":["M","?","M","M","?","R","M","R","T","R","$","E","M","E","R","B",null,"M","M","?","M","?","R","E","R","T","R","E","M","?","$","R","B"],"character_chosen":"THE_SILENT","items_purchased":["Calculated Gamble","After Image","Mummified Hand","Acrobatics","Well Laid Plans","Bandage Up"],"campfire_rested":3,"item_purchase_floors":[11,11,31,31,31,31],"current_hp_per_floor":[66,66,65,62,62,62,62,62,62,62,62,43,41,16,39,12,61,60,60,60,50,50,50,39,62,62,62,44,46,46,46,69,0],"gold":96,"neow_bonus":"TEN_PERCENT_HP_BONUS","is_prod":false,"is_daily":false,"chose_seed":false,"campfire_upgraded":5,"win_rate":0,"timestamp":1551774930,"path_taken":["M","?","M","?","?","R","M","R","T","R","$","E","M","E","R","BOSS","M","?","?","M","?","R","E","R","T","R","E","?","?","$","R","BOSS"],"build_version":"2019-01-23","purchased_purges":0,"victory":false,"max_hp_per_floor":[77,77,77,77,77,77,77,77,77,77,77,77,77,77,77,77,77,77,77,77,77,77,77,77,77,77,77,77,77,77,77,77,77],"card_choices":[{"not_picked":["Prepared","Outmaneuver"],"picked":"Dagger Throw","floor":1},{"not_picked":["Cloak And Dagger","Dodge and Roll"],"picked":"PiercingWail","floor":3},{"not_picked":["Backstab","All Out Attack"],"picked":"Underhanded Strike","floor":4},{"not_picked":["Dagger Spray","Footwork"],"picked":"Backflip","floor":7},{"not_picked":["Distraction","Eviscerate"],"picked":"Dagger Throw","floor":12},{"not_picked":["Predator","Dagger Throw"],"picked":"Riddle With Holes","floor":13},{"not_picked":["Slice","Bouncing Flask"],"picked":"Leg Sweep","floor":14},{"not_picked":["Night Terror","Die Die Die"],"picked":"Adrenaline","floor":16},{"not_picked":["Quick Slash","Footwork"],"picked":"Underhanded Strike","floor":18},{"not_picked":["Eviscerate","Dash"],"picked":"Underhanded Strike","floor":19},{"not_picked":["Infinite Blades","Deadly Poison"],"picked":"Prepared","floor":21},{"not_picked":["Infinite Blades","Deadly Poison+1"],"picked":"Tactician+1","floor":24},{"not_picked":["Choke","Distraction"],"picked":"Flying Knee+1","floor":28},{"not_picked":["Poisoned Stab","Dagger Spray+1"],"picked":"Envenom","floor":29}],"player_experience":945226,"relics_obtained":[{"floor":9,"key":"Nunchaku"},{"floor":12,"key":"Matryoshka"},{"floor":14,"key":"Tingsha"},{"floor":24,"key":"Blood Vial"},{"floor":26,"key":"Potion Belt"},{"floor":26,"key":"Sundial"},{"floor":28,"key":"Pen Nib"}],"event_choices":[{"damage_healed":0,"gold_gain":0,"player_choice":"Trade","damage_taken":0,"relics_obtained":["SsserpentHead"],"max_hp_gain":0,"max_hp_loss":0,"event_name":"FaceTrader","floor":2,"gold_loss":0},{"damage_healed":0,"gold_gain":0,"player_choice":"Upgraded","damage_taken":0,"max_hp_gain":0,"max_hp_loss":0,"event_name":"Upgrade Shrine","floor":5,"gold_loss":0,"cards_upgraded":["Neutralize"]},{"damage_healed":0,"gold_gain":0,"player_choice":"Opened","damage_taken":0,"relics_obtained":["Lantern"],"max_hp_gain":0,"max_hp_loss":0,"event_name":"The Mausoleum","floor":20,"gold_loss":0},{"damage_healed":0,"gold_gain":0,"player_choice":"Bought 1 Potion","damage_taken":0,"max_hp_gain":0,"max_hp_loss":0,"event_name":"The Woman in Blue","floor":22,"gold_loss":0},{"damage_healed":0,"gold_gain":0,"player_choice":"Ignored","damage_taken":0,"max_hp_gain":0,"max_hp_loss":0,"event_name":"Vampires","floor":30,"gold_loss":0}],"is_beta":false,"boss_relics":[{"not_picked":["Lizard Tail","Velvet Choker"],"picked":"Empty Cage"}],"items_purged_floors":[],"is_endless":false,"potions_floor_spawned":[3,4,7,14,24],"killed_by":"Collector","ascension_level":8}