{"gold_per_floor":[116,116,128,147,147,181,197,197,197,227,246,260,319,319],"floor_reached":14,"playtime":467,"items_purged":[],"score":112,"play_id":"9b7c27f3-48f7-435e-abd3-18c0875ed654","local_time":"20190525233554","is_ascension_mode":true,"campfire_choices":[],"neow_cost":"PERCENT_DAMAGE","seed_source_timestamp":7677191342000,"circlet_count":0,"master_deck":["Defend_G","Defend_G","Defend_G","Defend_G","Defend_G","Strike_G","Strike_G","Strike_G","Strike_G","Survivor","Neutralize","Unload","Deadly Poison","Poisoned Stab","Dagger Spray","Tools of the Trade","Venomology","Backflip"],"special_seed":0,"relics":["Ring of the Snake","Boot","Smiling Mask","Bottled Lightning"],"potions_floor_usage":[11,14,14,14],"damage_taken":[{"damage":1.0,"enemies":"2 Louse","floor":1.0,"turns":3.0},{"damage":0.0,"enemies":"Jaw Worm","floor":3.0,"turns":4.0},{"damage":0.0,"enemies":"Cultist","floor":4.0,"turns":3.0},{"damage":30.0,"enemies":"3 Sentries","floor":6.0,"turns":9.0},{"damage":0.0,"enemies":"3 Louse","floor":7.0,"turns":2.0},{"damage":18.0,"enemies":"Lagavulin","floor":10.0,"turns":6.0},{"damage":11,"enemies":"Looter","floor":11,"turns":3},{"damage":0,"enemies":"2 Fungi Beasts","floor":12,"turns":3},{"damage":15,"enemies":"Gremlin Nob","floor":14,"turns":3}],"seed_played":"-981508363083609493","potions_obtained":[{"floor":6.0,"key":"FairyPotion"},{"floor":7.0,"key":"Poison Potion"},{"floor":12,"key":"Weak Potion"}],"is_trial":false,"path_per_floor":["M","?","M","M","?","E","M","?","T","E","M","M","?","E"],"character_chosen":"THE_SILENT","items_purchased":[],"campfire_rested":0,"item_purchase_floors":[],"current_hp_per_floor":[48,53,53,53,53,23,23,23,23,5,7,7,7,0],"gold":319,"neow_bonus":"THREE_RARE_CARDS","is_prod":false,"is_daily":false,"chose_seed":false,"campfire_upgraded":0,"win_rate":1,"timestamp":1558820154,"path_taken":["M","?","M","M","?","E","M","?","T","E","M","?","?","E"],"build_version":"2019-01-23","purchased_purges":0,"victory":false,"max_hp_per_floor":[70,75,75,75,75,75,75,75,75,75,75,75,75,75],"card_choices":[{"not_picked":["Bullet Time","Phantasmal Killer"],"picked":"Unload","floor":0.0},{"not_picked":["Backflip","Cloak And Dagger"],"picked":"Deadly Poison","floor":1.0},{"not_picked":["Distraction","Outmaneuver","Prepared"],"picked":"SKIP","floor":3.0},{"not_picked":["Cloak And Dagger","Riddle With Holes"],"picked":"Poisoned Stab","floor":4.0},{"not_picked":["Deflect","Eviscerate"],"picked":"Dagger Spray","floor":6.0},{"not_picked":["Quick Slash","Dagger Spray","Distraction"],"picked":"SKIP","floor":7.0},{"not_picked":["Endless Agony","Dodge and Roll"],"picked":"Venomology","floor":10},{"not_picked":["Dodge and Roll","Prepared"],"picked":"Backflip","floor":11},{"not_picked":["Slice","Blade Dance","Underhanded Strike"],"picked":"SKIP","floor":12}],"player_experience":16709,"relics_obtained":[{"floor":6.0,"key":"Boot"},{"floor":9.0,"key":"Smiling Mask"},{"floor":10,"key":"Bottled Lightning"}],"event_choices":[{"damage_healed":0.0,"max_hp_gain":5.0,"max_hp_loss":0.0,"gold_gain":0.0,"event_name":"Big Fish","player_choice":"Donut","floor":2.0,"gold_loss":0.0,"damage_taken":0.0},{"damage_healed":0.0,"max_hp_gain":0.0,"max_hp_loss":0.0,"gold_gain":0.0,"event_name":"Liars Game","player_choice":"Ignored","floor":5.0,"gold_loss":0.0,"damage_taken":0.0},{"damage_healed":0.0,"max_hp_gain":0.0,"max_hp_loss":0.0,"gold_gain":0.0,"cards_transformed":["Strike_G"],"event_name":"Transmorgrifier","player_choice":"Transformed","floor":8.0,"gold_loss":0.0,"damage_taken":0.0,"cards_obtained":["Tools of the Trade"]},{"damage_healed":0,"gold_gain":59,"player_choice":"Gained Gold","damage_taken":0,"max_hp_gain":0,"max_hp_loss":0,"event_name":"Golden Wing","floor":13,"gold_loss":0}],"is_beta":false,"boss_relics":[],"items_purged_floors":[],"is_endless":false,"potions_floor_spawned":[6,7,12],"killed_by":"Gremlin Nob","ascension_level":2}