{"gold_per_floor":[115,22,38,38,3,3,35,35,35,54,65,90,1,12,12,84,84,97,97,97,108,126,152,162,162],"floor_reached":25,"playtime":1221,"items_purged":[],"score":495,"play_id":"68dcd9c0-0128-4925-b198-e96950f8d266","local_time":"20190524143151","is_ascension_mode":true,"campfire_choices":[{"data":"Leg Sweep","floor":6.0,"key":"SMITH"},{"data":"Endless Agony","floor":8.0,"key":"SMITH"},{"floor":15.0,"key":"REST"}],"neow_cost":"NONE","seed_source_timestamp":4593990598428573,"circlet_count":0,"master_deck":["AscendersBane","Defend_G","Defend_G","Defend_G+1","Defend_G","Defend_G","Strike_G","Strike_G","Strike_G","Strike_G","Strike_G","Survivor","Neutralize+1","Poisoned Stab","Finisher","Deadly Poison","Leg Sweep+1","Endless Agony+1","Caltrops","Noxious Fumes","Backflip","Bullet Time","Predator","Decay","Dash","Acrobatics","Choke"],"special_seed":0,"relics":["Ring of the Snake","NeowsBlessing","Strawberry","Pear","Art of War","Snecko Eye","Dodecahedron"],"potions_floor_usage":[23,25,25],"damage_taken":[{"damage":0.0,"enemies":"Small Slimes","floor":1.0,"turns":2.0},{"damage":0.0,"enemies":"2 Louse","floor":3.0,"turns":1.0},{"damage":0.0,"enemies":"3 Sentries","floor":7.0,"turns":1.0},{"damage":5.0,"enemies":"Jaw Worm","floor":10.0,"turns":4.0},{"damage":8.0,"enemies":"Blue Slaver","floor":11.0,"turns":3.0},{"damage":30.0,"enemies":"Gremlin Nob","floor":12.0,"turns":5.0},{"damage":10.0,"enemies":"Exordium Wildlife","floor":14.0,"turns":4.0},{"damage":17.0,"enemies":"The Guardian","floor":16.0,"turns":11.0},{"damage":18.0,"enemies":"Chosen","floor":18.0,"turns":8.0},{"damage":18.0,"enemies":"3 Byrds","floor":21.0,"turns":2.0},{"damage":0.0,"enemies":"Snecko","floor":22.0,"turns":5.0},{"damage":0,"enemies":"Slavers","floor":23,"turns":6},{"damage":11,"enemies":"Centurion and Healer","floor":24,"turns":8},{"damage":23,"enemies":"Gremlin Leader","floor":25,"turns":3}],"seed_played":"2446661637050234149","potions_obtained":[{"floor":7.0,"key":"Explosive Potion"},{"floor":12.0,"key":"Fire Potion"},{"floor":21.0,"key":"PowerPotion"},{"floor":24,"key":"GhostInAJar"}],"is_trial":false,"path_per_floor":["M","$","M","?","?","R","E","R","T","M","M","E","$","M","R","B",null,"M","?","?","M","M","E","M","E"],"character_chosen":"THE_SILENT","items_purchased":["Finisher","Deadly Poison","Noxious Fumes","Backflip"],"campfire_rested":1,"item_purchase_floors":[2,2,13,13],"current_hp_per_floor":[59,59,59,39,55,55,62,62,72,67,59,29,29,19,43,26,69,51,51,51,33,33,33,22,0],"gold":162,"neow_bonus":"THREE_ENEMY_KILL","is_prod":false,"is_daily":false,"chose_seed":false,"campfire_upgraded":2,"win_rate":0,"timestamp":1558686711,"path_taken":["M","$","M","?","?","R","E","R","T","M","M","E","$","M","R","BOSS","M","?","?","?","M","E","M","E"],"build_version":"2019-01-23","purchased_purges":0,"victory":false,"max_hp_per_floor":[66,66,66,66,66,66,73,73,83,83,83,83,83,83,83,83,83,83,83,83,83,83,83,83,83],"card_choices":[{"not_picked":["Blade Dance","Outmaneuver"],"picked":"Poisoned Stab","floor":1.0},{"not_picked":["Escape Plan","Calculated Gamble"],"picked":"Leg Sweep","floor":3.0},{"not_picked":["Sucker Punch","Bouncing Flask"],"picked":"Endless Agony","floor":7.0},{"not_picked":["Deadly Poison","Bane"],"picked":"Caltrops","floor":10.0},{"not_picked":["Bouncing Flask","Underhanded Strike","Die Die Die"],"picked":"SKIP","floor":11.0},{"not_picked":["Deflect","Dagger Throw","Sucker Punch"],"picked":"SKIP","floor":12.0},{"not_picked":["Blade Dance","Poisoned Stab","Skewer"],"picked":"SKIP","floor":14.0},{"not_picked":["Doppelganger","Grand Finale"],"picked":"Bullet Time","floor":16.0},{"not_picked":["Finisher","Crippling Poison"],"picked":"Predator","floor":18.0},{"not_picked":["Escape Plan","Dagger Spray"],"picked":"Dash","floor":21.0},{"not_picked":["Backflip","Poisoned Stab","Tactician"],"picked":"SKIP","floor":22.0},{"not_picked":["Deflect","Underhanded Strike+1"],"picked":"Acrobatics","floor":23},{"not_picked":["Dagger Spray","Slice"],"picked":"Choke","floor":24}],"player_experience":1395288,"relics_obtained":[{"floor":7.0,"key":"Strawberry"},{"floor":9.0,"key":"Pear"},{"floor":12.0,"key":"Art of War"},{"floor":23,"key":"Dodecahedron"}],"event_choices":[{"damage_healed":0.0,"max_hp_gain":0.0,"max_hp_loss":0.0,"gold_gain":0.0,"event_name":"Shining Light","player_choice":"Entered Light","floor":4.0,"gold_loss":0.0,"damage_taken":20.0,"cards_upgraded":["Neutralize","Defend_G"]},{"damage_healed":16.0,"max_hp_gain":0.0,"max_hp_loss":0.0,"gold_gain":0.0,"event_name":"The Cleric","player_choice":"Healed","floor":5.0,"gold_loss":35.0,"damage_taken":0.0},{"damage_healed":0.0,"max_hp_gain":0.0,"max_hp_loss":0.0,"gold_gain":0.0,"event_name":"Vampires","player_choice":"Ignored","floor":19.0,"gold_loss":0.0,"damage_taken":0.0},{"damage_healed":0.0,"max_hp_gain":0.0,"max_hp_loss":0.0,"gold_gain":0.0,"event_name":"Forgotten Altar","player_choice":"Smashed Altar","floor":20.0,"gold_loss":0.0,"damage_taken":0.0,"cards_obtained":["Decay"]}],"is_beta":false,"boss_relics":[{"not_picked":["Pandora\u0027s Box","Runic Pyramid"],"picked":"Snecko Eye"}],"items_purged_floors":[],"is_endless":false,"potions_floor_spawned":[7,12,14,21,22,24],"killed_by":"Gremlin Leader","ascension_level":15}