{"gold_per_floor":[112,112,112,128,50,50,89,108,159,8,49,49,49,83,83,207,207,230,230,243,11,34,68,81,81,81,81,81,94,109,140,152,164],"floor_reached":33,"playtime":1068,"items_purged":["Strike_R"],"score":544,"play_id":"f3dad479-e8fe-4e6e-9686-33c243eaa60b","local_time":"20190529100702","is_ascension_mode":true,"campfire_choices":[{"data":"Uppercut","floor":6,"key":"SMITH"},{"data":"Rampage","floor":12,"key":"SMITH"},{"data":"Bash","floor":15,"key":"SMITH"},{"floor":25,"key":"REST"},{"data":"Shrug It Off","floor":28,"key":"SMITH"},{"floor":32,"key":"REST"}],"neow_cost":"NONE","seed_source_timestamp":304165733219700,"circlet_count":0,"master_deck":["Strike_R","Strike_R","Defend_R","Defend_R","Defend_R","Defend_R","Bash+1","Shrug It Off+1","Uppercut+1","Rampage+1","Double Tap+1","Warcry+1","Sword Boomerang","Spot Weakness+1","Fiend Fire","Spot Weakness+1","Shrug It Off+1","Headbutt","Thunderclap+1","Anger","Exhume+1","Metallicize","Power Through+1","Armaments+1"],"relics":["Burning Blood","NeowsBlessing","Art of War","Golden Idol","Toxic Egg 2","Centennial Puzzle","Pen Nib","Blood Vial","Letter Opener","Empty Cage","Lantern","Pantograph","Juzu Bracelet","MawBank"],"potions_floor_usage":[23,23,31,31,31,33],"damage_taken":[{"damage":0,"enemies":"2 Louse","floor":1,"turns":1},{"damage":0,"enemies":"Small Slimes","floor":4,"turns":1},{"damage":0,"enemies":"Gremlin Nob","floor":7,"turns":1},{"damage":0,"enemies":"Jaw Worm","floor":8,"turns":4},{"damage":27,"enemies":"3 Sentries","floor":11,"turns":7},{"damage":0,"enemies":"Lagavulin","floor":14,"turns":4},{"damage":0,"enemies":"Slime Boss","floor":16,"turns":6},{"damage":23,"enemies":"2 Thieves","floor":18,"turns":3},{"damage":11,"enemies":"Spheric Guardian","floor":20,"turns":3},{"damage":21,"enemies":"Chosen and Byrds","floor":22,"turns":4},{"damage":20,"enemies":"Book of Stabbing","floor":23,"turns":4},{"damage":17,"enemies":"Centurion and Healer","floor":24,"turns":3},{"damage":11,"enemies":"Sentry and Sphere","floor":29,"turns":3},{"damage":13,"enemies":"Snake Plant","floor":30,"turns":2},{"damage":18,"enemies":"Slavers","floor":31,"turns":6},{"damage":73,"enemies":"Champ","floor":33,"turns":6}],"seed_played":"1574478910328366231","potions_obtained":[{"floor":7,"key":"EssenceOfSteel"},{"floor":11,"key":"SkillPotion"},{"floor":16,"key":"FairyPotion"},{"floor":18,"key":"Strength Potion"},{"floor":24,"key":"Dexterity Potion"},{"floor":29,"key":"FearPotion"},{"floor":31,"key":"AttackPotion"}],"is_trial":false,"path_per_floor":["M","?","?","M","$","R","E","M","T","$","E","R","$","E","R","B",null,"M","?","M","$","M","E","M","R","T","?","R","M","M","E","R","B"],"character_chosen":"IRONCLAD","items_purchased":["Rampage","Pen Nib","Lantern"],"campfire_rested":2,"item_purchase_floors":[5,10,21],"current_hp_per_floor":[78,60,60,66,66,66,72,74,74,74,53,53,53,61,61,69,73,57,57,54,54,41,29,20,42,42,35,35,32,27,17,39,0],"gold":164,"neow_bonus":"THREE_ENEMY_KILL","is_prod":false,"is_daily":false,"chose_seed":false,"campfire_upgraded":4,"win_rate":0,"timestamp":1559117222,"path_taken":["M","?","?","M","$","R","E","M","T","?","E","R","$","E","R","BOSS","M","?","M","$","M","E","M","R","T","?","R","M","M","E","R","BOSS"],"build_version":"2019-01-23","purchased_purges":1,"victory":false,"max_hp_per_floor":[80,80,74,74,74,74,74,74,74,74,74,74,74,74,74,74,74,74,74,74,74,74,74,74,74,74,74,74,74,74,74,74,74],"card_choices":[{"not_picked":["Perfected Strike","Power Through"],"picked":"Shrug It Off","floor":1},{"not_picked":["Cleave","Ghostly Armor"],"picked":"Uppercut","floor":4},{"not_picked":["Bloodletting","Rupture"],"picked":"Double Tap","floor":7},{"not_picked":["Carnage","Sword Boomerang"],"picked":"Warcry+1","floor":8},{"not_picked":["Entrench+1","Pummel"],"picked":"Sword Boomerang","floor":11},{"not_picked":["Headbutt","Whirlwind"],"picked":"Spot Weakness+1","floor":14},{"not_picked":["Brutality","Double Tap+1"],"picked":"Fiend Fire","floor":16},{"not_picked":["Sentinel+1","Infernal Blade+1"],"picked":"Spot Weakness+1","floor":18},{"not_picked":["Infernal Blade+1","Pommel Strike"],"picked":"Headbutt","floor":20},{"not_picked":["Combust","Fire Breathing"],"picked":"Thunderclap+1","floor":22},{"not_picked":["Pommel Strike","Bloodletting+1"],"picked":"Anger","floor":23},{"not_picked":["Thunderclap","Headbutt"],"picked":"Exhume+1","floor":24},{"not_picked":["Heavy Blade","Inflame"],"picked":"Metallicize","floor":29},{"not_picked":["Clothesline","Pommel Strike"],"picked":"Power Through+1","floor":30},{"not_picked":["Flex+1","Searing Blow"],"picked":"Armaments+1","floor":31}],"player_experience":65670,"relics_obtained":[{"floor":7,"key":"Toxic Egg 2"},{"floor":9,"key":"Centennial Puzzle"},{"floor":11,"key":"Blood Vial"},{"floor":14,"key":"Letter Opener"},{"floor":23,"key":"Pantograph"},{"floor":26,"key":"Juzu Bracelet"},{"floor":31,"key":"MawBank"}],"event_choices":[{"damage_healed":0,"gold_gain":0,"player_choice":"Success","damage_taken":18,"relics_obtained":["Art of War"],"max_hp_gain":0,"max_hp_loss":0,"event_name":"Scrap Ooze","floor":2,"gold_loss":0},{"damage_healed":0,"gold_gain":0,"player_choice":"Lose Max HP","damage_taken":0,"relics_obtained":["Golden Idol"],"max_hp_gain":0,"max_hp_loss":6,"event_name":"Golden Idol","floor":3,"gold_loss":0},{"damage_healed":0,"gold_gain":0,"player_choice":"Read","damage_taken":0,"max_hp_gain":0,"max_hp_loss":0,"event_name":"The Library","floor":19,"gold_loss":0,"cards_obtained":["Shrug It Off"]},{"damage_healed":0,"gold_gain":0,"player_choice":"Damaged","damage_taken":7,"max_hp_gain":0,"max_hp_loss":0,"event_name":"Wheel of Change","floor":27,"gold_loss":0}],"is_beta":false,"boss_relics":[{"not_picked":["Orrery","Tiny House"],"picked":"Empty Cage"}],"items_purged_floors":[21],"is_endless":false,"potions_floor_spawned":[7,11,16,18,24,29,31],"killed_by":"Champ","ascension_level":7}