{"gold_per_floor":[116,81,156,0,0,0,76,105,177,29,49,66,81,98,98,198,198,217,231,245,2,21,21,34,34,58,58,58,6,22,34,34,34],"floor_reached":33,"playtime":2449,"items_purged":[],"score":361,"play_id":"e330c8d5-e114-42d2-8f05-2c02851aac3c","local_time":"20190416141929","is_ascension_mode":true,"campfire_choices":[{"floor":6,"key":"REST"},{"floor":15,"key":"REST"},{"floor":23,"key":"REST"},{"floor":25,"key":"REST"},{"floor":28,"key":"REST"},{"floor":32,"key":"REST"}],"neow_cost":"PERCENT_DAMAGE","seed_source_timestamp":1308855961376480,"circlet_count":0,"master_deck":["Defend_G","Defend_G","Defend_G","Defend_G","Defend_G","Strike_G","Strike_G","Strike_G","Survivor","Neutralize","Caltrops","Flying Knee","Slice","Backflip","Footwork+1","Prepared","Deadly Poison","Tactician","Backflip","Wraith Form v2+1","Skewer+1","Grand Finale+1","Noxious Fumes+1","Caltrops+1","Catalyst+1","Dagger Throw+1","Prepared+1","Underhanded Strike+1","Deflect+1"],"relics":["Ring of the Snake","Peace Pipe","Molten Egg 2","Tingsha","Frozen Egg 2","Empty Cage","Toxic Egg 2","Boot"],"potions_floor_usage":[14,16,20],"damage_taken":[{"damage":2,"enemies":"2 Louse","floor":1,"turns":3},{"damage":30,"enemies":"Gremlin Nob","floor":8,"turns":5},{"damage":0,"enemies":"Jaw Worm","floor":11,"turns":5},{"damage":0,"enemies":"Small Slimes","floor":12,"turns":3},{"damage":22,"enemies":"Exordium Thugs","floor":13,"turns":6},{"damage":2,"enemies":"Lots of Slimes","floor":14,"turns":6},{"damage":20,"enemies":"The Guardian","floor":16,"turns":12},{"damage":0,"enemies":"Spheric Guardian","floor":18,"turns":3},{"damage":7,"enemies":"Shell Parasite","floor":19,"turns":8},{"damage":22,"enemies":"Shelled Parasite and Fungi","floor":20,"turns":7},{"damage":23,"enemies":"Centurion and Healer","floor":22,"turns":8},{"damage":22,"enemies":"Snake Plant","floor":24,"turns":4},{"damage":32,"enemies":"Snecko","floor":30,"turns":5},{"damage":13,"enemies":"3 Cultists","floor":31,"turns":5},{"damage":51,"enemies":"Automaton","floor":33,"turns":6}],"seed_played":"8687573287292560996","potions_obtained":[{"floor":12,"key":"Energy Potion"},{"floor":13,"key":"Fire Potion"},{"floor":14,"key":"Fire Potion"},{"floor":22,"key":"Explosive Potion"},{"floor":30,"key":"Fire Potion"}],"is_trial":false,"path_per_floor":["M","?","?","$","?","R","T","E","T","$","M","M","M","M","R","B",null,"M","M","M","$","M","R","M","R","T","?","R","$","M","M","R","B"],"character_chosen":"THE_SILENT","items_purchased":["Caltrops","Flying Knee","Slice","Footwork+1","Prepared","Deadly Poison","Toxic Egg 2","Explosive Potion"],"campfire_rested":6,"item_purchase_floors":[4,4,4,10,10,10,21,29],"current_hp_per_floor":[43,60,49,49,49,70,70,40,40,40,40,40,18,16,37,17,57,57,50,28,28,5,26,4,25,25,25,46,46,14,1,22,0],"gold":34,"neow_bonus":"ONE_RARE_RELIC","is_prod":false,"is_daily":false,"chose_seed":false,"campfire_upgraded":0,"win_rate":0,"timestamp":1555402769,"path_taken":["M","?","?","$","?","R","?","E","T","$","M","M","M","M","R","BOSS","M","M","M","$","M","R","M","R","T","?","R","?","M","M","R","BOSS"],"build_version":"2019-01-23","purchased_purges":0,"victory":false,"max_hp_per_floor":[70,70,70,70,70,70,70,70,70,70,70,70,70,70,70,70,70,70,70,70,70,70,70,70,70,70,70,70,70,70,70,70,70],"card_choices":[{"not_picked":["Acrobatics","Outmaneuver","Distraction"],"picked":"SKIP","floor":1},{"not_picked":["Reflex","Endless Agony+1"],"picked":"Backflip","floor":8},{"not_picked":["Sucker Punch+1","PiercingWail"],"picked":"Tactician","floor":11},{"not_picked":["Backstab+1","Dodge and Roll"],"picked":"Backflip","floor":12},{"not_picked":["Slice+1","Sucker Punch+1"],"picked":"Wraith Form v2+1","floor":13},{"not_picked":["Dagger Spray+1","Skewer+1","Slice+1"],"picked":"SKIP","floor":14},{"not_picked":["Dagger Spray+1","Slice+1"],"picked":"Skewer+1","floor":14},{"not_picked":["Bullet Time","Malaise"],"picked":"Grand Finale+1","floor":16},{"not_picked":["Calculated Gamble","Cloak And Dagger"],"picked":"Noxious Fumes+1","floor":18},{"not_picked":["Sucker Punch+1","Cloak And Dagger","Slice+1"],"picked":"SKIP","floor":19},{"not_picked":["Outmaneuver","Backflip"],"picked":"Caltrops+1","floor":20},{"not_picked":["Phantasmal Killer+1","Flying Knee+1"],"picked":"Catalyst+1","floor":22},{"not_picked":["Flying Knee+1","Prepared+1"],"picked":"Dagger Throw+1","floor":24},{"not_picked":["Sucker Punch+1","Tactician+1"],"picked":"Underhanded Strike+1","floor":30},{"not_picked":["Sucker Punch+1","Underhanded Strike+1"],"picked":"Deflect+1","floor":31}],"player_experience":1160534,"relics_obtained":[{"floor":7,"key":"Molten Egg 2"},{"floor":8,"key":"Tingsha"},{"floor":9,"key":"Frozen Egg 2"},{"floor":26,"key":"Boot"}],"event_choices":[{"damage_healed":17,"gold_gain":0,"player_choice":"Healed","damage_taken":0,"max_hp_gain":0,"max_hp_loss":0,"event_name":"The Cleric","floor":2,"gold_loss":35},{"damage_healed":0,"gold_gain":75,"player_choice":"Gather Gold","damage_taken":11,"max_hp_gain":0,"max_hp_loss":0,"event_name":"World of Goop","floor":3,"gold_loss":0},{"damage_healed":0,"gold_gain":0,"player_choice":"Ignored","damage_taken":0,"max_hp_gain":0,"max_hp_loss":0,"event_name":"Shining Light","floor":5,"gold_loss":0},{"damage_healed":0,"gold_gain":0,"player_choice":"Copied","damage_taken":0,"max_hp_gain":0,"max_hp_loss":0,"event_name":"Duplicator","floor":27,"gold_loss":0,"cards_obtained":["Prepared"]}],"is_beta":false,"boss_relics":[{"not_picked":["Ectoplasm","Sozu"],"picked":"Empty Cage"}],"items_purged_floors":[],"is_endless":false,"potions_floor_spawned":[12,13,14,22,30,31],"killed_by":"Automaton","ascension_level":9}