{"gold_per_floor":[111,186,203,214,5,32,32,58,110,132,144,156,183,211,223,337,349,379,391,403,431,443,455,495,507,566,578,13,13,27,39,39,139,139,153,167,179,179,34,34,60,0,27,127,127,481,506,522,522,522],"floor_reached":51,"playtime":2498,"items_purged":["Bite","Writhe"],"score":1218,"play_id":"66f65925-7d69-4021-b615-431e08f95fe7","local_time":"20190527123453","is_ascension_mode":true,"campfire_choices":[{"floor":7.0,"key":"REST"},{"floor":12.0,"key":"REST"},{"data":"Defragment","floor":15.0,"key":"SMITH"},{"data":"Loop","floor":23.0,"key":"SMITH"},{"data":"Creative AI","floor":27.0,"key":"SMITH"},{"floor":29.0,"key":"REST"},{"data":"Fission","floor":32.0,"key":"SMITH"},{"floor":40,"key":"REST"},{"floor":45,"key":"REST"},{"floor":49,"key":"REST"}],"neow_cost":"NONE","seed_source_timestamp":138638811290000,"circlet_count":0,"master_deck":["Defend_B","Defend_B","Defend_B","Defend_B","Zap","Dualcast","Coolheaded","Go for the Eyes","Streamline","Creative AI+1","Coolheaded","Coolheaded","Loop+1","Defragment+1","Fission+1","Doom and Gloom","Bite","Bite+1","Bite","Bite+1","Ball Lightning+1","Consume+1","Self Repair+1","Defragment+1","Defragment+1","Leap","Leap","Loop+1","Mayhem+1","Glacier","Turbo+1","Rainbow","Self Repair+1","Chill+1","Mayhem+1","Capacitor+1","Panache+1","Glacier+1","Coolheaded+1","Coolheaded","Go for the Eyes","Conserve Battery+1"],"special_seed":0,"relics":["Cracked Core","Strawberry","Membership Card","Matryoshka","Omamori","MawBank","Ancient Tea Set","Pen Nib","Calling Bell","Happy Flower","Frozen Egg 2","Ginger","The Courier","Sundial","Meat on the Bone","Boot","Potion Belt","Centennial Puzzle","DollysMirror","Bag of Marbles","Anchor","Fusion Hammer","DataDisk","Blood Vial","Whetstone","Pocketwatch","Old Coin","Toxic Egg 2"],"potions_floor_usage":[35,50,50,50],"damage_taken":[{"damage":2.0,"enemies":"Jaw Worm","floor":1.0,"turns":4.0},{"damage":2.0,"enemies":"2 Louse","floor":3.0,"turns":3.0},{"damage":3.0,"enemies":"Small Slimes","floor":4.0,"turns":4.0},{"damage":29.0,"enemies":"Lagavulin","floor":6.0,"turns":9.0},{"damage":35.0,"enemies":"3 Sentries","floor":8.0,"turns":7.0},{"damage":11.0,"enemies":"2 Fungi Beasts","floor":10.0,"turns":3.0},{"damage":6.0,"enemies":"Blue Slaver","floor":13.0,"turns":4.0},{"damage":5.0,"enemies":"3 Louse","floor":14.0,"turns":2.0},{"damage":8.0,"enemies":"Hexaghost","floor":16.0,"turns":13.0},{"damage":7.0,"enemies":"Chosen","floor":18.0,"turns":7.0},{"damage":22.0,"enemies":"Shell Parasite","floor":21.0,"turns":12.0},{"damage":17.0,"enemies":"Book of Stabbing","floor":24.0,"turns":7.0},{"damage":1.0,"enemies":"Chosen and Byrds","floor":30.0,"turns":5.0},{"damage":10.0,"enemies":"Sentry and Sphere","floor":31.0,"turns":6.0},{"damage":0,"enemies":"Champ","floor":33,"turns":13},{"damage":14,"enemies":"3 Shapes","floor":35,"turns":3},{"damage":11,"enemies":"3 Darklings","floor":36,"turns":6},{"damage":32,"enemies":"Writhing Mass","floor":37,"turns":6},{"damage":21,"enemies":"Reptomancer","floor":41,"turns":6},{"damage":20,"enemies":"Mind Bloom Boss Battle","floor":44,"turns":5},{"damage":18,"enemies":"2 Orb Walkers","floor":46,"turns":6},{"damage":19,"enemies":"Nemesis","floor":47,"turns":9},{"damage":0,"enemies":"Sphere and 2 Shapes","floor":48,"turns":7},{"damage":0,"enemies":"Donu and Deca","floor":50,"turns":11}],"seed_played":"8284980753718636113","potions_obtained":[{"floor":3.0,"key":"Swift Potion"},{"floor":4.0,"key":"Strength Potion"},{"floor":6.0,"key":"Poison Potion"},{"floor":13.0,"key":"SteroidPotion"},{"floor":16.0,"key":"Energy Potion"},{"floor":18.0,"key":"PowerPotion"},{"floor":24.0,"key":"SkillPotion"},{"floor":36,"key":"Regen Potion"},{"floor":37,"key":"Strength Potion"},{"floor":41,"key":"SpeedPotion"}],"is_trial":false,"path_per_floor":["M","?","M","M","$","E","R","E","T","M","?","R","M","M","R","B",null,"M","?","T","M","?","R","E","T","T","R","$","R","M","M","R","B",null,"M","M","M","?","$","R","E","$","T","?","R","?","E","M","R","B",null],"character_chosen":"DEFECT","items_purchased":["Membership Card","Self Repair+1","Centennial Puzzle","DollysMirror","Defragment+1","Leap","Leap","Loop+1","Mayhem+1","Ancient Potion","Energy Potion","Block Potion","Bag of Marbles","Anchor","Capacitor+1","Panache+1","Blood Vial"],"campfire_rested":6,"item_purchase_floors":[5,28,28,28,28,28,28,28,28,28,28,28,28,28,39,39,42],"current_hp_per_floor":[73,62,60,57,57,28,52,17,17,6,3,27,21,16,16,8,64,57,57,57,53,44,44,39,39,39,39,39,57,62,62,62,62,62,52,51,43,33,33,51,46,46,46,58,62,62,62,62,62,62],"gold":522,"neow_bonus":"RANDOM_COMMON_RELIC","is_prod":false,"is_daily":false,"chose_seed":false,"campfire_upgraded":4,"win_rate":0,"timestamp":1558953293,"path_taken":["M","?","M","M","?","E","R","E","T","M","?","R","M","M","R","BOSS","M","?","?","M","?","R","E","?","T","R","$","R","M","M","R","BOSS","M","M","M","?","$","R","E","?","T","?","R","?","E","M","R","BOSS"],"build_version":"2019-01-23","purchased_purges":2,"victory":true,"max_hp_per_floor":[82,82,82,82,82,82,82,82,82,82,82,82,82,82,82,82,82,82,57,57,57,62,62,62,62,62,62,62,62,62,62,62,62,62,62,62,62,62,62,62,62,62,62,62,62,62,62,62,62,62],"card_choices":[{"not_picked":["Barrage","Scrape"],"picked":"Coolheaded","floor":1.0},{"not_picked":["Scrape","Reinforced Body"],"picked":"Go for the Eyes","floor":3.0},{"not_picked":["Steam Power","Turbo"],"picked":"Streamline","floor":4.0},{"not_picked":["Compile Driver","Cold Snap"],"picked":"Creative AI","floor":6.0},{"not_picked":["Cold Snap","Chill"],"picked":"Coolheaded","floor":8.0},{"not_picked":["Blizzard","Streamline"],"picked":"Coolheaded","floor":10.0},{"not_picked":["Force Field","Steam"],"picked":"Loop","floor":13.0},{"not_picked":["Auto Shields","Conserve Battery"],"picked":"Defragment","floor":14.0},{"not_picked":["Buffer","Thunder Strike"],"picked":"Fission","floor":16.0},{"not_picked":["Chaos","Streamline"],"picked":"Doom and Gloom","floor":18.0},{"not_picked":["Loop+1","Gash"],"picked":"Ball Lightning+1","floor":21.0},{"not_picked":["Fusion","Sweeping Beam+1"],"picked":"Consume+1","floor":24.0},{"not_picked":["Rebound+1","Turbo"],"picked":"Glacier","floor":30.0},{"not_picked":["Streamline","Skim"],"picked":"Turbo+1","floor":31.0},{"not_picked":["Thunder Strike","Fission"],"picked":"Rainbow","floor":33},{"not_picked":["Turbo","Compile Driver","Rip and Tear"],"picked":"SKIP","floor":35},{"not_picked":["Compile Driver+1","Go for the Eyes"],"picked":"Self Repair+1","floor":36},{"not_picked":["Steam Power+1","Hologram+1"],"picked":"Chill+1","floor":37},{"not_picked":["Good Instincts","Discovery"],"picked":"Mayhem+1","floor":38},{"not_picked":["Reprogram","Barrage"],"picked":"Glacier+1","floor":41},{"not_picked":["Ball Lightning","Static Discharge+1"],"picked":"Coolheaded+1","floor":44},{"not_picked":["Streamline","Chill+1"],"picked":"Coolheaded","floor":46},{"not_picked":["Steam","Coolheaded"],"picked":"Go for the Eyes","floor":47},{"not_picked":["Sweeping Beam","Reprogram+1"],"picked":"Conserve Battery+1","floor":48}],"player_experience":46180,"relics_obtained":[{"floor":6.0,"key":"Matryoshka"},{"floor":8.0,"key":"Omamori"},{"floor":9.0,"key":"MawBank"},{"floor":9.0,"key":"Ancient Tea Set"},{"floor":17.0,"key":"Happy Flower"},{"floor":17.0,"key":"Frozen Egg 2"},{"floor":17.0,"key":"Ginger"},{"floor":20.0,"key":"The Courier"},{"floor":20.0,"key":"Sundial"},{"floor":24.0,"key":"Meat on the Bone"},{"floor":25.0,"key":"Boot"},{"floor":26.0,"key":"Potion Belt"},{"floor":41,"key":"DataDisk"},{"floor":43,"key":"Whetstone"},{"floor":44,"key":"Pocketwatch"},{"floor":46,"key":"Old Coin"},{"floor":47,"key":"Toxic Egg 2"}],"event_choices":[{"damage_healed":0.0,"max_hp_gain":0.0,"max_hp_loss":0.0,"gold_gain":75.0,"event_name":"World of Goop","player_choice":"Gather Gold","floor":2.0,"gold_loss":0.0,"damage_taken":11.0},{"damage_healed":0.0,"max_hp_gain":0.0,"max_hp_loss":0.0,"gold_gain":0.0,"event_name":"Scrap Ooze","player_choice":"Success","floor":11.0,"gold_loss":0.0,"damage_taken":3.0,"relics_obtained":["Pen Nib"]},{"damage_healed":0.0,"max_hp_gain":0.0,"max_hp_loss":25.0,"gold_gain":0.0,"event_name":"Vampires","player_choice":"Became a vampire","floor":19.0,"gold_loss":0.0,"damage_taken":0.0,"cards_obtained":["Bite","Bite","Bite","Bite","Bite"]},{"damage_healed":0.0,"max_hp_gain":5.0,"max_hp_loss":0.0,"gold_gain":0.0,"event_name":"Forgotten Altar","player_choice":"Shed Blood","floor":22.0,"gold_loss":0.0,"damage_taken":14.0},{"damage_healed":0,"gold_gain":0,"player_choice":"Memory 3","damage_taken":10,"max_hp_gain":0,"max_hp_loss":0,"event_name":"SensoryStone","floor":38,"gold_loss":0},{"damage_healed":0,"gold_gain":0,"player_choice":"Fight","damage_taken":0,"max_hp_gain":0,"max_hp_loss":0,"event_name":"MindBloom","floor":44,"gold_loss":0},{"damage_healed":0,"gold_gain":0,"player_choice":"Fight","damage_taken":0,"max_hp_gain":0,"max_hp_loss":0,"event_name":"Mysterious Sphere","floor":46,"gold_loss":0}],"is_beta":false,"boss_relics":[{"not_picked":["Snecko Eye","Tiny House"],"picked":"Calling Bell"},{"not_picked":["Black Star","White Beast Statue"],"picked":"Fusion Hammer"}],"items_purged_floors":[28,39],"is_endless":false,"potions_floor_spawned":[3,4,6,13,16,18,24,30,36,37,41,47],"ascension_level":6}