{"gold_per_floor":[109,89,107,126,142,175,175,202,225,258,80,98,98,25,25,127,127,143,176,276,288,300,326,326,326,326,326,336,349,195,226,226,324,324,342,564,580,593,593,593,610,627,674,687,687,712,728,740,740,740],"floor_reached":51,"playtime":4033,"items_purged":["Strike_G"],"score":873,"play_id":"0f0ded58-ee44-42c6-8282-ea0bbbb981cb","local_time":"20190530202730","is_ascension_mode":true,"campfire_choices":[{"floor":7.0,"key":"REST"},{"floor":13.0,"key":"REST"},{"floor":15.0,"key":"REST"},{"floor":24.0,"key":"REST"},{"floor":27.0,"key":"REST"},{"floor":32.0,"key":"REST"},{"floor":40.0,"key":"REST"},{"floor":45.0,"key":"REST"},{"floor":49,"key":"REST"}],"neow_cost":"NONE","seed_source_timestamp":0,"circlet_count":0,"master_deck":["Defend_G+1","Defend_G+1","Defend_G+1","Defend_G+1","Defend_G+1","Strike_G+1","Strike_G+1","Strike_G+1","Strike_G+1","Survivor+1","Neutralize","Infinite Blades","Dagger Spray","Deadly Poison","Backflip","Predator","Corpse Explosion","Deadly Poison","Footwork","Bouncing Flask","Envenom","Escape Plan+1","Poisoned Stab","Quick Slash","Caltrops","Deadly Poison+1","Blade Dance+1","A Thousand Cuts","Caltrops+1","Venomology","Dodge and Roll+1","Backflip+1","Acrobatics+1","Catalyst","Prepared+1"],"special_seed":0,"relics":["Fusion Hammer","Pear","Potion Belt","Bronze Scales","Snake Skull","Runic Pyramid","Red Mask","Strawberry","Oddly Smooth Stone","Philosopher\u0027s Stone","War Paint","Mummified Hand"],"potions_floor_usage":[48,48,50,50,50],"damage_taken":[{"damage":0.0,"enemies":"Jaw Worm","floor":1.0,"turns":3.0},{"damage":0.0,"enemies":"Cultist","floor":3.0,"turns":4.0},{"damage":0.0,"enemies":"Small Slimes","floor":4.0,"turns":4.0},{"damage":4.0,"enemies":"Blue Slaver","floor":5.0,"turns":4.0},{"damage":32.0,"enemies":"Lagavulin","floor":6.0,"turns":7.0},{"damage":9.0,"enemies":"3 Sentries","floor":8.0,"turns":9.0},{"damage":20.0,"enemies":"Lagavulin","floor":10.0,"turns":5.0},{"damage":3.0,"enemies":"Large Slime","floor":12.0,"turns":4.0},{"damage":28.0,"enemies":"The Guardian","floor":16.0,"turns":6.0},{"damage":0.0,"enemies":"Spheric Guardian","floor":18.0,"turns":2.0},{"damage":7.0,"enemies":"Masked Bandits","floor":19.0,"turns":2.0},{"damage":5.0,"enemies":"Shell Parasite","floor":21.0,"turns":4.0},{"damage":6.0,"enemies":"Centurion and Healer","floor":22.0,"turns":6.0},{"damage":48.0,"enemies":"Gremlin Leader","floor":23.0,"turns":7.0},{"damage":15.0,"enemies":"3 Cultists","floor":28.0,"turns":4.0},{"damage":11.0,"enemies":"Snecko","floor":29.0,"turns":4.0},{"damage":45.0,"enemies":"Book of Stabbing","floor":31.0,"turns":4.0},{"damage":20.0,"enemies":"Champ","floor":33.0,"turns":10.0},{"damage":26.0,"enemies":"3 Darklings","floor":35.0,"turns":3.0},{"damage":10.0,"enemies":"Orb Walker","floor":37.0,"turns":4.0},{"damage":12.0,"enemies":"Writhing Mass","floor":38.0,"turns":4.0},{"damage":14.0,"enemies":"Transient","floor":41.0,"turns":5.0},{"damage":17.0,"enemies":"3 Darklings","floor":42.0,"turns":3.0},{"damage":28.0,"enemies":"Jaw Worm Horde","floor":44.0,"turns":3.0},{"damage":7.0,"enemies":"Giant Head","floor":46.0,"turns":8.0},{"damage":1.0,"enemies":"Transient","floor":47.0,"turns":5.0},{"damage":1,"enemies":"Maw","floor":48,"turns":5},{"damage":42,"enemies":"Donu and Deca","floor":50,"turns":5}],"seed_played":"5358530606514489202","potions_obtained":[{"floor":1.0,"key":"Poison Potion"},{"floor":2.0,"key":"Regen Potion"},{"floor":5.0,"key":"PowerPotion"},{"floor":10.0,"key":"PowerPotion"},{"floor":16.0,"key":"Poison Potion"},{"floor":18.0,"key":"SkillPotion"},{"floor":19.0,"key":"Dexterity Potion"},{"floor":29.0,"key":"Swift Potion"},{"floor":42.0,"key":"Block Potion"},{"floor":44.0,"key":"EntropicBrew"},{"floor":46.0,"key":"GhostInAJar"},{"floor":48,"key":"SmokeBomb"}],"is_trial":false,"path_per_floor":["M","?","M","M","M","E","R","E","T","E","$","M","R","$","R","B",null,"M","?","?","M","M","E","R","?","T","R","M","M","$","E","R","B",null,"M","?","M","M","?","R","M","M","T","M","R","E","M","M","R","B",null],"character_chosen":"THE_SILENT","items_purchased":["Deadly Poison","Footwork","Bouncing Flask","A Thousand Cuts","LiquidBronze"],"campfire_rested":9,"item_purchase_floors":[11,11,14,30,30],"current_hp_per_floor":[70,70,70,70,66,59,80,71,71,51,51,48,72,72,80,52,80,80,73,73,68,62,21,47,47,47,73,58,47,47,2,28,8,87,61,61,51,39,39,64,50,33,33,14,39,32,31,30,55,13],"gold":740,"neow_bonus":"BOSS_RELIC","is_prod":false,"is_daily":false,"chose_seed":false,"campfire_upgraded":0,"win_rate":0,"timestamp":1559262450,"path_taken":["M","?","M","M","M","E","R","E","T","E","$","M","R","$","R","BOSS","M","?","?","?","M","E","R","?","T","R","M","M","$","E","R","BOSS","M","?","M","M","?","R","M","M","T","?","R","E","M","M","R","BOSS"],"build_version":"2019-01-23","purchased_purges":1,"victory":true,"max_hp_per_floor":[70,70,70,70,70,80,80,80,80,80,80,80,80,80,80,80,80,80,80,80,80,80,87,87,87,87,87,87,87,87,87,87,87,87,87,87,87,87,84,84,84,84,84,84,84,84,84,84,84,84],"card_choices":[{"not_picked":["Heel Hook","Cloak And Dagger"],"picked":"Infinite Blades","floor":1.0},{"not_picked":["Distraction","Outmaneuver"],"picked":"Dagger Spray","floor":3.0},{"not_picked":["Dagger Throw","Accuracy"],"picked":"Deadly Poison","floor":4.0},{"not_picked":["Cloak And Dagger","Footwork"],"picked":"Backflip","floor":5.0},{"not_picked":["Predator","Dagger Spray","Slice"],"picked":"SKIP","floor":6.0},{"not_picked":["Dagger Spray","Escape Plan"],"picked":"Predator","floor":8.0},{"not_picked":["Terror","Flying Knee"],"picked":"Corpse Explosion","floor":10.0},{"not_picked":["Terror","Sucker Punch","PiercingWail"],"picked":"SKIP","floor":12.0},{"not_picked":["Glass Knife","Venomology"],"picked":"Envenom","floor":16.0},{"not_picked":["Flying Knee+1","Blade Dance"],"picked":"Escape Plan+1","floor":18.0},{"not_picked":["Masterful Stab+1","Dodge and Roll"],"picked":"Poisoned Stab","floor":19.0},{"not_picked":["Outmaneuver","Underhanded Strike"],"picked":"Quick Slash","floor":21.0},{"not_picked":["Dagger Spray","Malaise"],"picked":"Caltrops","floor":22.0},{"not_picked":["Outmaneuver","Masterful Stab"],"picked":"Deadly Poison","floor":23.0},{"not_picked":["Sucker Punch+1","Dagger Throw"],"picked":"Blade Dance+1","floor":28.0},{"not_picked":["Accuracy","Acrobatics","Quick Slash"],"picked":"SKIP","floor":29.0},{"not_picked":["Terror+1","Dash"],"picked":"Caltrops+1","floor":31.0},{"not_picked":["Die Die Die","Doppelganger"],"picked":"Venomology","floor":33.0},{"not_picked":["Outmaneuver+1","Flechettes"],"picked":"Dodge and Roll+1","floor":35.0},{"not_picked":["Bane+1","Acrobatics+1","Dagger Throw"],"picked":"SKIP","floor":37.0},{"not_picked":["PiercingWail","Dagger Spray","Sucker Punch"],"picked":"SKIP","floor":38.0},{"not_picked":["Slice","Expertise+1","Dodge and Roll"],"picked":"SKIP","floor":41.0},{"not_picked":["Tools of the Trade","PiercingWail+1"],"picked":"Backflip+1","floor":42.0},{"not_picked":["Underhanded Strike","Flechettes"],"picked":"Acrobatics+1","floor":44.0},{"not_picked":["Dagger Throw+1","Night Terror"],"picked":"Catalyst","floor":46.0},{"not_picked":["Deflect+1","Setup","Outmaneuver+1"],"picked":"SKIP","floor":47.0},{"not_picked":["Eviscerate+1","Underhanded Strike"],"picked":"Prepared+1","floor":48}],"player_experience":327859,"relics_obtained":[{"floor":6.0,"key":"Pear"},{"floor":8.0,"key":"Potion Belt"},{"floor":9.0,"key":"Bronze Scales"},{"floor":10.0,"key":"Snake Skull"},{"floor":19.0,"key":"Red Mask"},{"floor":23.0,"key":"Strawberry"},{"floor":31.0,"key":"Oddly Smooth Stone"},{"floor":43.0,"key":"War Paint"},{"floor":46.0,"key":"Mummified Hand"}],"event_choices":[{"damage_healed":0.0,"max_hp_gain":0.0,"max_hp_loss":0.0,"gold_gain":0.0,"event_name":"The Woman in Blue","player_choice":"Bought 1 Potion","floor":2.0,"gold_loss":0.0,"damage_taken":0.0},{"damage_healed":0.0,"max_hp_gain":0.0,"max_hp_loss":0.0,"gold_gain":0.0,"event_name":"Masked Bandits","player_choice":"Fought Bandits","floor":19.0,"gold_loss":0.0,"damage_taken":0.0},{"damage_healed":0.0,"max_hp_gain":0.0,"max_hp_loss":0.0,"gold_gain":100.0,"event_name":"Golden Shrine","player_choice":"Pray","floor":20.0,"gold_loss":0.0,"damage_taken":0.0},{"damage_healed":0.0,"max_hp_gain":0.0,"max_hp_loss":0.0,"gold_gain":0.0,"event_name":"Back to Basics","player_choice":"Simplicity","floor":25.0,"gold_loss":0.0,"damage_taken":0.0,"cards_upgraded":["Defend_G","Defend_G","Defend_G","Defend_G","Defend_G","Strike_G","Strike_G","Strike_G","Strike_G"]},{"damage_healed":0.0,"max_hp_gain":0.0,"max_hp_loss":0.0,"gold_gain":222.0,"event_name":"Tomb of Lord Red Mask","player_choice":"Wore Mask","floor":36.0,"gold_loss":0.0,"damage_taken":0.0},{"cards_removed":["Parasite"],"damage_healed":0.0,"max_hp_gain":0.0,"max_hp_loss":0.0,"gold_gain":0.0,"event_name":"Wheel of Change","player_choice":"Card Removal","floor":39.0,"gold_loss":0.0,"damage_taken":0.0}],"is_beta":false,"boss_relics":[{"not_picked":["White Beast Statue","Cursed Key"],"picked":"Runic Pyramid"},{"not_picked":["Astrolabe","Pandora\u0027s Box"],"picked":"Philosopher\u0027s Stone"}],"items_purged_floors":[11],"is_endless":false,"potions_floor_spawned":[1,5,10,16,18,19,29,42,44,46,48],"ascension_level":3}