{"gold_per_floor":[114,133,153,153,168,203,203,153,153,171,187,187,220,231,231,328,328,341,120,137,52,71,100,100,100,100,111,111,126,152,184,184,285,285,300,311,88,88,49,49,80,80,80,302,322,322,335,369,369,369],"floor_reached":51,"playtime":2281,"items_purged":["Strike_G"],"score":1182,"play_id":"b80e09f7-fa1f-465a-b62f-9b1ebf038361","local_time":"20190529001646","is_ascension_mode":true,"campfire_choices":[{"floor":7.0,"key":"REST"},{"data":"Well Laid Plans","floor":15.0,"key":"SMITH"},{"data":"Neutralize","floor":24.0,"key":"SMITH"},{"data":"Survivor","floor":28.0,"key":"SMITH"},{"data":"After Image","floor":32.0,"key":"SMITH"},{"floor":40,"key":"REST"},{"floor":42,"key":"RECALL"},{"floor":46,"key":"REST"},{"floor":49,"key":"REST"}],"neow_cost":"NONE","seed_source_timestamp":267227972821699,"circlet_count":0,"master_deck":["Defend_G+1","Defend_G+1","Defend_G+1","Defend_G+1","Defend_G+1","Strike_G+1","Strike_G+1","Strike_G+1","Survivor+1","Neutralize+1","Flying Knee","Noxious Fumes+1","Corpse Explosion","Riddle With Holes","Well Laid Plans+1","Backflip+1","Storm of Steel+1","Concentrate+1","Doppelganger+1","Deadly Poison+1","PiercingWail+1","Catalyst+1","Escape Plan+1","Cloak And Dagger+1","After Image+1","Night Terror+1","Dodge and Roll+1","Cloak And Dagger+1","Panache","Cloak And Dagger+1","After Image+1","Noxious Fumes","Catalyst+1","Wraith Form v2","Footwork"],"special_seed":0,"relics":["Ring of the Snake","Oddly Smooth Stone","Singing Bowl","Toxic Egg 2","Orichalcum","Black Star","Blood Vial","Omamori","Question Card","Ninja Scroll","Snake Skull","Red Mask","PreservedInsect","Centennial Puzzle","Fusion Hammer","Mango","Boot","Dream Catcher","Molten Egg 2"],"potions_floor_usage":[33,45],"damage_taken":[{"damage":0.0,"enemies":"Cultist","floor":1.0,"turns":4.0},{"damage":0.0,"enemies":"2 Louse","floor":2.0,"turns":3.0},{"damage":5.0,"enemies":"Small Slimes","floor":3.0,"turns":4.0},{"damage":0.0,"enemies":"Exordium Wildlife","floor":5.0,"turns":3.0},{"damage":20.0,"enemies":"Gremlin Nob","floor":6.0,"turns":4.0},{"damage":6.0,"enemies":"3 Louse","floor":10.0,"turns":2.0},{"damage":1.0,"enemies":"Blue Slaver","floor":11.0,"turns":6.0},{"damage":8.0,"enemies":"Lagavulin","floor":13.0,"turns":6.0},{"damage":0.0,"enemies":"Large Slime","floor":14.0,"turns":3.0},{"damage":16.0,"enemies":"The Guardian","floor":16.0,"turns":9.0},{"damage":14.0,"enemies":"Shell Parasite","floor":18.0,"turns":4.0},{"damage":2.0,"enemies":"2 Thieves","floor":20.0,"turns":4.0},{"damage":0.0,"enemies":"3 Cultists","floor":22.0,"turns":2.0},{"damage":12.0,"enemies":"Book of Stabbing","floor":23.0,"turns":7.0},{"damage":0.0,"enemies":"Cultist and Chosen","floor":27.0,"turns":5.0},{"damage":0.0,"enemies":"Centurion and Healer","floor":29.0,"turns":5.0},{"damage":0.0,"enemies":"Masked Bandits","floor":30.0,"turns":2.0},{"damage":0.0,"enemies":"Slavers","floor":31.0,"turns":4.0},{"damage":0,"enemies":"Champ","floor":33,"turns":9},{"damage":0,"enemies":"Orb Walker","floor":35,"turns":4},{"damage":2,"enemies":"3 Darklings","floor":36,"turns":2},{"damage":0,"enemies":"Nemesis","floor":41,"turns":7},{"damage":2,"enemies":"Spire Growth","floor":45,"turns":5},{"damage":0,"enemies":"Jaw Worm Horde","floor":47,"turns":4},{"damage":28,"enemies":"Reptomancer","floor":48,"turns":5},{"damage":66,"enemies":"Donu and Deca","floor":50,"turns":12}],"seed_played":"3789943681864673530","potions_obtained":[{"floor":0.0,"key":"Block Potion"},{"floor":0.0,"key":"Swift Potion"},{"floor":0.0,"key":"PowerPotion"},{"floor":11.0,"key":"Weak Potion"},{"floor":16.0,"key":"SkillPotion"},{"floor":23.0,"key":"Explosive Potion"},{"floor":27.0,"key":"SkillPotion"},{"floor":30.0,"key":"SteroidPotion"},{"floor":31.0,"key":"GhostInAJar"},{"floor":33,"key":"Regen Potion"},{"floor":41,"key":"SpeedPotion"},{"floor":45,"key":"SteroidPotion"}],"is_trial":false,"path_per_floor":["M","M","M","?","M","E","R","?","T","M","M","?","E","M","R","B",null,"M","$","M","?","M","E","R","?","T","M","R","M","?","E","R","B",null,"M","M","$","?","$","R","E","R","T","?","M","R","M","E","R","B",null],"character_chosen":"THE_SILENT","items_purchased":["Blood Vial","Panache","Cloak And Dagger+1","Noxious Fumes"],"campfire_rested":4,"item_purchase_floors":[19,37,37,39],"current_hp_per_floor":[63,63,58,46,46,26,47,47,47,41,40,40,32,34,34,18,59,45,45,47,47,51,41,41,41,41,43,43,45,47,49,49,51,70,72,72,72,72,72,76,92,92,92,92,90,92,94,66,94,28],"gold":369,"neow_bonus":"THREE_SMALL_POTIONS","is_prod":false,"is_daily":false,"chose_seed":false,"campfire_upgraded":4,"win_rate":0,"timestamp":1559081806,"path_taken":["M","M","?","?","M","E","R","?","T","M","M","?","E","M","R","BOSS","M","$","M","?","M","E","R","?","T","M","R","M","?","E","R","BOSS","M","M","$","?","?","R","E","R","T","?","M","R","M","E","R","BOSS"],"build_version":"2019-01-23","purchased_purges":1,"victory":true,"max_hp_per_floor":[70,70,70,70,70,70,70,70,70,70,70,70,70,72,72,72,72,72,72,74,74,76,76,76,76,76,76,76,76,76,76,76,76,76,76,76,76,76,76,76,92,92,92,92,92,92,94,94,94,94],"card_choices":[{"not_picked":["Prepared","Cloak And Dagger"],"picked":"Flying Knee","floor":1.0},{"not_picked":["Poisoned Stab","Outmaneuver"],"picked":"Noxious Fumes","floor":2.0},{"not_picked":["Dagger Throw","Caltrops"],"picked":"Corpse Explosion","floor":3.0},{"not_picked":["Underhanded Strike","Prepared"],"picked":"Riddle With Holes","floor":5.0},{"not_picked":["Outmaneuver","Flechettes"],"picked":"Well Laid Plans","floor":6.0},{"not_picked":["Eviscerate","Backstab"],"picked":"Backflip+1","floor":10.0},{"not_picked":["Sucker Punch","Distraction+1"],"picked":"Storm of Steel+1","floor":11.0},{"not_picked":["Well Laid Plans","Heel Hook"],"picked":"Concentrate+1","floor":13.0},{"not_picked":["Underhanded Strike","Outmaneuver+1","Blade Dance+1"],"picked":"Singing Bowl","floor":14.0},{"not_picked":["Phantasmal Killer+1","Burst+1"],"picked":"Doppelganger+1","floor":16.0},{"not_picked":["Quick Slash+1","Dagger Throw"],"picked":"Deadly Poison+1","floor":18.0},{"not_picked":["Slice","Outmaneuver+1","Accuracy"],"picked":"Singing Bowl","floor":20.0},{"not_picked":["Deadly Poison+1","Poisoned Stab","Predator"],"picked":"Singing Bowl","floor":22.0},{"not_picked":["Bane","Well Laid Plans"],"picked":"PiercingWail+1","floor":23.0},{"not_picked":["Dodge and Roll+1","Bouncing Flask+1","Dagger Throw"],"picked":"Catalyst+1","floor":27.0},{"not_picked":["All Out Attack+1","Underhanded Strike","Sucker Punch"],"picked":"Escape Plan+1","floor":29.0},{"not_picked":["Underhanded Strike","Flying Knee","Choke"],"picked":"Cloak And Dagger+1","floor":30.0},{"not_picked":["Dodge and Roll+1","Flying Knee+1","Slice+1"],"picked":"After Image","floor":31.0},{"not_picked":["Phantasmal Killer+1","Doppelganger+1","Bullet Time+1"],"picked":"Night Terror+1","floor":33},{"not_picked":["Underhanded Strike+1","Outmaneuver+1","Slice+1"],"picked":"Dodge and Roll+1","floor":35},{"not_picked":["Predator+1","Outmaneuver+1","Bane"],"picked":"Cloak And Dagger+1","floor":36},{"not_picked":["Masterful Stab","Distraction+1","Prepared+1","Outmaneuver+1"],"picked":"Singing Bowl","floor":41},{"not_picked":["Blade Dance+1","Deflect+1","Bane"],"picked":"Catalyst+1","floor":45},{"not_picked":["Flying Knee","Cloak And Dagger+1","Heel Hook","Tactician+1"],"picked":"Singing Bowl","floor":47},{"not_picked":["Noxious Fumes+1","Deadly Poison+1","Backflip+1"],"picked":"Wraith Form v2","floor":48},{"not_picked":["Cloak And Dagger+1","Outmaneuver+1","Concentrate+1"],"picked":"Footwork","floor":49}],"player_experience":62958,"relics_obtained":[{"floor":6.0,"key":"Singing Bowl"},{"floor":9.0,"key":"Toxic Egg 2"},{"floor":13.0,"key":"Orichalcum"},{"floor":23.0,"key":"Question Card"},{"floor":23.0,"key":"Ninja Scroll"},{"floor":26.0,"key":"Snake Skull"},{"floor":30.0,"key":"Red Mask"},{"floor":31.0,"key":"PreservedInsect"},{"floor":31.0,"key":"Centennial Puzzle"},{"floor":41,"key":"Mango"},{"floor":41,"key":"Boot"},{"floor":48,"key":"Dream Catcher"},{"floor":48,"key":"Molten Egg 2"}],"event_choices":[{"damage_healed":0.0,"max_hp_gain":0.0,"max_hp_loss":0.0,"gold_gain":0.0,"event_name":"Scrap Ooze","player_choice":"Success","floor":4.0,"gold_loss":0.0,"damage_taken":12.0,"relics_obtained":["Oddly Smooth Stone"]},{"cards_removed":["Strike_G"],"damage_healed":0.0,"max_hp_gain":0.0,"max_hp_loss":0.0,"gold_gain":0.0,"event_name":"The Cleric","player_choice":"Card Removal","floor":8.0,"gold_loss":50.0,"damage_taken":0.0},{"damage_healed":0.0,"max_hp_gain":0.0,"max_hp_loss":0.0,"gold_gain":0.0,"event_name":"Living Wall","player_choice":"Grow","floor":12.0,"gold_loss":0.0,"damage_taken":0.0,"cards_upgraded":["Noxious Fumes"]},{"damage_healed":0.0,"max_hp_gain":0.0,"max_hp_loss":0.0,"gold_gain":0.0,"event_name":"Addict","player_choice":"Obtained Relic","floor":21.0,"gold_loss":85.0,"damage_taken":0.0,"relics_obtained":["Omamori"]},{"damage_healed":0.0,"max_hp_gain":0.0,"max_hp_loss":0.0,"gold_gain":0.0,"event_name":"Back to Basics","player_choice":"Simplicity","floor":25.0,"gold_loss":0.0,"damage_taken":0.0,"cards_upgraded":["Defend_G","Defend_G","Defend_G","Defend_G","Defend_G","Strike_G","Strike_G","Strike_G"]},{"damage_healed":0.0,"max_hp_gain":0.0,"max_hp_loss":0.0,"gold_gain":0.0,"event_name":"Masked Bandits","player_choice":"Fought Bandits","floor":30.0,"gold_loss":0.0,"damage_taken":0.0},{"damage_healed":0,"gold_gain":0,"player_choice":"Copied","damage_taken":0,"max_hp_gain":0,"max_hp_loss":0,"event_name":"Duplicator","floor":38,"gold_loss":0,"cards_obtained":["After Image"]},{"damage_healed":0,"gold_gain":222,"player_choice":"Wore Mask","damage_taken":0,"max_hp_gain":0,"max_hp_loss":0,"event_name":"Tomb of Lord Red Mask","floor":44,"gold_loss":0}],"is_beta":false,"boss_relics":[{"not_picked":["Lizard Tail","Runic Dome"],"picked":"Black Star"},{"not_picked":["Sozu","Astrolabe"],"picked":"Fusion Hammer"}],"items_purged_floors":[19],"is_endless":false,"potions_floor_spawned":[3,5,11,14,16,20,23,27,30,31,33,41,45],"ascension_level":6}