{"gold_per_floor":[110,123,8,25,42,104,122,155,206,256,276,276,296,306,306,408,408,427,342,342,361,373,373,401,437,474,516,528,63,77,34,34,131,131,142,154,11,11,21,21,21,21,21,39,39,139,153,163,163,163],"floor_reached":51,"playtime":2287,"items_purged":["Strike_B","Strike_B"],"score":781,"play_id":"b924ae68-84d9-4d2d-b8d5-d1384c793300","local_time":"20190115162425","is_ascension_mode":false,"campfire_choices":[{"floor":12,"key":"REST"},{"floor":15,"key":"REST"},{"data":"Defragment","floor":23,"key":"SMITH"},{"data":"Echo Form","floor":28,"key":"SMITH"},{"data":"Go for the Eyes","floor":32,"key":"SMITH"},{"data":"Zap","floor":40,"key":"SMITH"},{"data":"Chaos","floor":42,"key":"SMITH"},{"data":"Beam Cell","floor":45,"key":"SMITH"},{"data":"Capacitor","floor":49,"key":"SMITH"}],"neow_cost":"NONE","seed_source_timestamp":7998319482055,"circlet_count":0,"master_deck":["Strike_B","Defend_B","Defend_B","Zap+1","Dualcast","Chaos+1","Defragment+1","Genetic Algorithm","Go for the Eyes+1","Capacitor+1","BootSequence","Conserve Battery","Cold Snap","Conserve Battery","Cold Snap","Ball Lightning","Echo Form+1","Stack","Self Repair+1","Flash of Steel","Blizzard+1","Conserve Battery+1","Rip and Tear+1","Beam Cell+1"],"relics":["Cracked Core","Tiny Chest","Centennial Puzzle","DataDisk","Bag of Marbles","Busted Crown","Frozen Egg 2","FaceOfCleric","MawBank","Pen Nib","Oddly Smooth Stone","Red Mask","Membership Card","Shuriken","Bronze Scales","Astrolabe","Mango","Vajra","Ornamental Fan"],"potions_floor_usage":[6,16,18,22,27,36,50,50,50],"damage_taken":[{"damage":6,"enemies":"Cultist","floor":1,"turns":3},{"damage":0,"enemies":"Small Slimes","floor":2,"turns":2},{"damage":8,"enemies":"Jaw Worm","floor":4,"turns":4},{"damage":6,"enemies":"Red Slaver","floor":5,"turns":5},{"damage":16,"enemies":"Gremlin Nob","floor":6,"turns":4},{"damage":9,"enemies":"Exordium Wildlife","floor":7,"turns":4},{"damage":29,"enemies":"Lagavulin","floor":8,"turns":12},{"damage":2,"enemies":"Looter","floor":11,"turns":3},{"damage":6,"enemies":"Red Slaver","floor":13,"turns":3},{"damage":0,"enemies":"3 Louse","floor":14,"turns":2},{"damage":2,"enemies":"Hexaghost","floor":16,"turns":11},{"damage":5,"enemies":"Chosen","floor":18,"turns":5},{"damage":12,"enemies":"Spheric Guardian","floor":21,"turns":4},{"damage":13,"enemies":"Snake Plant","floor":22,"turns":3},{"damage":10,"enemies":"Book of Stabbing","floor":24,"turns":6},{"damage":1,"enemies":"Masked Bandits","floor":27,"turns":4},{"damage":0,"enemies":"Sentry and Sphere","floor":30,"turns":5},{"damage":22,"enemies":"Automaton","floor":33,"turns":9},{"damage":0,"enemies":"3 Shapes","floor":35,"turns":5},{"damage":12,"enemies":"Orb Walker","floor":36,"turns":4},{"damage":14,"enemies":"Sphere and 2 Shapes","floor":39,"turns":5},{"damage":29,"enemies":"4 Shapes","floor":44,"turns":5},{"damage":0,"enemies":"Maw","floor":47,"turns":7},{"damage":8,"enemies":"Writhing Mass","floor":48,"turns":6},{"damage":0,"enemies":"Time Eater","floor":50,"turns":11}],"seed_played":"-4878011802066018724","potions_obtained":[{"floor":1,"key":"AttackPotion"},{"floor":2,"key":"Weak Potion"},{"floor":5,"key":"Block Potion"},{"floor":7,"key":"Ancient Potion"},{"floor":18,"key":"Dexterity Potion"},{"floor":21,"key":"Poison Potion"},{"floor":24,"key":"Explosive Potion"},{"floor":33,"key":"FearPotion"},{"floor":35,"key":"Strength Potion"},{"floor":48,"key":"EssenceOfSteel"}],"is_trial":false,"path_per_floor":["M","M","$","M","M","E","M","E","T","T","M","R","M","M","R","B",null,"M","?","?","M","M","R","E","T","T","?","R","$","M","$","R","B",null,"M","M","$","T","M","R","?","R","T","M","R","?","M","M","R","B",null],"character_chosen":"DEFECT","items_purchased":["Genetic Algorithm","Membership Card","Self Repair+1","Shuriken","Bronze Scales","Flash of Steel","Mango"],"campfire_rested":2,"item_purchase_floors":[3,29,29,29,29,31,37],"current_hp_per_floor":[76,76,76,68,62,46,37,8,8,8,6,30,24,24,48,46,82,77,77,77,66,54,54,45,45,45,45,45,45,66,66,66,55,88,89,90,104,104,101,101,101,101,101,93,93,93,104,107,107,108],"gold":163,"neow_bonus":"TEN_PERCENT_HP_BONUS","is_prod":false,"is_daily":false,"chose_seed":false,"campfire_upgraded":7,"win_rate":0,"timestamp":1547569465,"path_taken":["M","M","$","M","M","E","M","E","T","?","?","R","M","M","R","BOSS","M","?","?","M","?","R","E","?","T","?","R","?","M","$","R","BOSS","M","M","$","?","M","R","?","R","T","M","R","?","M","M","R","BOSS"],"build_version":"2019-01-10","purchased_purges":2,"victory":true,"max_hp_per_floor":[82,82,82,82,82,82,82,82,82,82,82,82,82,82,82,82,82,82,82,82,83,84,84,85,85,85,86,86,86,87,87,87,88,88,89,90,104,104,105,105,105,105,105,106,106,106,107,108,108,109],"card_choices":[{"not_picked":["Turbo","Stack"],"picked":"Chaos","floor":1},{"not_picked":["Coolheaded","Recycle"],"picked":"Defragment","floor":2},{"not_picked":["Turbo","Barrage"],"picked":"Go for the Eyes","floor":4},{"not_picked":["Rebound","Barrage"],"picked":"Capacitor","floor":5},{"not_picked":["Hello World","Barrage"],"picked":"BootSequence","floor":6},{"not_picked":["FTL","Rip and Tear"],"picked":"Conserve Battery","floor":7},{"not_picked":["Darkness","Streamline"],"picked":"Cold Snap","floor":8},{"not_picked":["Beam Cell","Auto Shields"],"picked":"Conserve Battery","floor":11},{"not_picked":["Steam","Melter"],"picked":"Cold Snap","floor":13},{"not_picked":["Steam","Barrage"],"picked":"Ball Lightning","floor":14},{"not_picked":["Biased Cognition","Buffer"],"picked":"Echo Form","floor":16},{"not_picked":["Rebound"],"picked":"SKIP","floor":18},{"not_picked":["Redo"],"picked":"SKIP","floor":21},{"not_picked":["Barrage"],"picked":"SKIP","floor":22},{"not_picked":["Redo"],"picked":"SKIP","floor":24},{"not_picked":[],"picked":"Stack","floor":27},{"not_picked":["Double Energy+1"],"picked":"SKIP","floor":30},{"not_picked":[],"picked":"Creative AI+1","floor":33},{"not_picked":[],"picked":"Beam Cell","floor":35},{"not_picked":["Heatsinks+1"],"picked":"SKIP","floor":36},{"not_picked":["Steam"],"picked":"SKIP","floor":39},{"not_picked":["Reinforced Body"],"picked":"SKIP","floor":44},{"not_picked":["Consume+1"],"picked":"SKIP","floor":47},{"not_picked":["Gash"],"picked":"SKIP","floor":48}],"player_experience":700837,"relics_obtained":[{"floor":6,"key":"Tiny Chest"},{"floor":8,"key":"Centennial Puzzle"},{"floor":9,"key":"DataDisk"},{"floor":10,"key":"Bag of Marbles"},{"floor":24,"key":"MawBank"},{"floor":25,"key":"Pen Nib"},{"floor":26,"key":"Oddly Smooth Stone"},{"floor":27,"key":"Red Mask"},{"floor":38,"key":"Vajra"},{"floor":43,"key":"Ornamental Fan"}],"event_choices":[{"damage_healed":0,"gold_gain":0,"player_choice":"Obtained Relic","damage_taken":0,"relics_obtained":["Frozen Egg 2"],"max_hp_gain":0,"max_hp_loss":0,"event_name":"Addict","floor":19,"gold_loss":85},{"damage_healed":0,"gold_gain":0,"player_choice":"Trade","damage_taken":0,"relics_obtained":["FaceOfCleric"],"max_hp_gain":0,"max_hp_loss":0,"event_name":"FaceTrader","floor":20,"gold_loss":0},{"damage_healed":0,"gold_gain":0,"player_choice":"Fought Bandits","damage_taken":0,"max_hp_gain":0,"max_hp_loss":0,"event_name":"Masked Bandits","floor":27,"gold_loss":0},{"cards_removed":["Creative AI"],"damage_healed":0,"gold_gain":0,"player_choice":"Removed Power","damage_taken":0,"max_hp_gain":0,"max_hp_loss":0,"event_name":"Falling","floor":41,"gold_loss":0},{"damage_healed":0,"gold_gain":100,"player_choice":"Pray","damage_taken":0,"max_hp_gain":0,"max_hp_loss":0,"event_name":"Golden Shrine","floor":46,"gold_loss":0}],"is_beta":false,"boss_relics":[{"not_picked":["Pandora\u0027s Box","Coffee Dripper"],"picked":"Busted Crown"},{"not_picked":["Calling Bell","Black Star"],"picked":"Astrolabe"}],"items_purged_floors":[3,29],"is_endless":false,"potions_floor_spawned":[1,2,5,7,14,18,21,24,33,35,48],"ascension_level":0}