{"gold_per_floor":[113,93,105,30,42,42,61,61,61,72,90,104,69,87,87,183,183,202,202,63,74,91,91,108,120,120,120,132,132,56,67,67,67],"floor_reached":33,"playtime":2228,"items_purged":["Defend_G","Strike_G+1"],"score":245,"play_id":"8f43bae8-e6d2-4496-be16-19e904f2abea","local_time":"20190529022543","is_ascension_mode":false,"campfire_choices":[{"data":"Deadly Poison","floor":6,"key":"SMITH"},{"data":"Neutralize","floor":8,"key":"SMITH"},{"floor":15,"key":"REST"},{"floor":23,"key":"REST"},{"floor":27,"key":"REST"},{"floor":29,"key":"REST"},{"floor":32,"key":"REST"}],"neow_cost":"NONE","seed_source_timestamp":8112086284379000,"circlet_count":0,"master_deck":["Defend_G+1","Defend_G+1","Defend_G+1","Defend_G+1","Strike_G+1","Strike_G+1","Strike_G+1","Strike_G+1","Survivor","Neutralize+1","PiercingWail","Bane","Deadly Poison+1","Backflip","Bouncing Flask","A Thousand Cuts","Bane+1","Bouncing Flask","Dagger Throw+1","Prepared","Caltrops+1","Catalyst","Burst"],"relics":["Ring of the Snake","Letter Opener","WristBlade","Darkstone Periapt"],"potions_floor_usage":[],"damage_taken":[{"damage":0,"enemies":"Jaw Worm","floor":1,"turns":6},{"damage":0,"enemies":"Cultist","floor":3,"turns":4},{"damage":3,"enemies":"Small Slimes","floor":5,"turns":4},{"damage":12,"enemies":"Exordium Thugs","floor":7,"turns":4},{"damage":0,"enemies":"2 Fungi Beasts","floor":10,"turns":4},{"damage":49,"enemies":"Gremlin Gang","floor":11,"turns":6},{"damage":0,"enemies":"Looter","floor":12,"turns":3},{"damage":1,"enemies":"2 Fungi Beasts","floor":14,"turns":5},{"damage":30,"enemies":"The Guardian","floor":16,"turns":10},{"damage":19,"enemies":"2 Thieves","floor":18,"turns":5},{"damage":4,"enemies":"Spheric Guardian","floor":21,"turns":4},{"damage":16,"enemies":"Snecko","floor":22,"turns":5},{"damage":20,"enemies":"Centurion and Healer","floor":24,"turns":6},{"damage":0,"enemies":"Snake Plant","floor":25,"turns":4},{"damage":15,"enemies":"Chosen and Byrds","floor":28,"turns":6},{"damage":37,"enemies":"Centurion and Healer","floor":31,"turns":7},{"damage":49,"enemies":"Collector","floor":33,"turns":5}],"seed_played":"6835620374028547094","potions_obtained":[{"floor":2,"key":"GamblersBrew"},{"floor":3,"key":"Block Potion"},{"floor":10,"key":"Dexterity Potion"},{"floor":12,"key":"Energy Potion"},{"floor":14,"key":"LiquidBronze"},{"floor":28,"key":"PowerPotion"}],"is_trial":false,"path_per_floor":["M","?","M","$","M","R","M","R","T","M","M","M","?","M","R","B",null,"M","?","$","M","M","R","M","M","T","R","M","R","$","M","R","B"],"character_chosen":"THE_SILENT","items_purchased":["Bouncing Flask","Catalyst"],"campfire_rested":5,"item_purchase_floors":[20,30],"current_hp_per_floor":[70,70,70,70,67,67,55,55,55,55,6,6,23,22,43,13,70,51,51,51,47,31,52,32,32,32,53,38,59,59,22,43,0],"gold":67,"neow_bonus":"THREE_CARDS","is_prod":false,"is_daily":false,"chose_seed":false,"campfire_upgraded":2,"win_rate":0.0,"timestamp":1559111143,"path_taken":["M","?","?","?","M","R","?","R","T","M","M","M","?","M","R","BOSS","M","?","$","M","M","R","M","M","T","R","M","R","$","M","R","BOSS"],"build_version":"2019-01-23","purchased_purges":2,"victory":false,"max_hp_per_floor":[70,70,70,70,70,70,70,70,70,70,70,70,70,70,70,70,70,70,70,70,70,70,70,70,70,70,70,70,70,70,70,70,70],"card_choices":[{"not_picked":["Backflip","Dodge and Roll"],"picked":"PiercingWail","floor":1},{"not_picked":["Blade Dance","Tactician"],"picked":"Bane","floor":3},{"not_picked":["Outmaneuver","Well Laid Plans"],"picked":"Deadly Poison","floor":5},{"not_picked":["Deflect","Quick Slash","Flying Knee"],"picked":"SKIP","floor":7},{"not_picked":["Quick Slash","Flechettes","Outmaneuver"],"picked":"SKIP","floor":10},{"not_picked":["Dagger Throw","Endless Agony"],"picked":"Backflip","floor":11},{"not_picked":["Heel Hook","Deflect","Outmaneuver"],"picked":"SKIP","floor":12},{"not_picked":["Footwork","Glass Knife"],"picked":"Bouncing Flask","floor":14},{"not_picked":["Tools of the Trade","Malaise"],"picked":"A Thousand Cuts","floor":16},{"not_picked":["Underhanded Strike","Choke"],"picked":"Bane+1","floor":18},{"not_picked":["Tactician","Bane"],"picked":"Dagger Throw+1","floor":21},{"not_picked":["Terror+1","Reflex","Underhanded Strike+1"],"picked":"SKIP","floor":22},{"not_picked":["Dagger Spray","Underhanded Strike+1"],"picked":"Prepared","floor":24},{"not_picked":["Flechettes+1","Quick Slash","Blade Dance"],"picked":"SKIP","floor":25},{"not_picked":["Outmaneuver","All Out Attack"],"picked":"Caltrops+1","floor":28},{"not_picked":["Slice","Quick Slash"],"picked":"Burst","floor":31}],"player_experience":14498,"relics_obtained":[{"floor":9,"key":"Letter Opener"},{"floor":26,"key":"Darkstone Periapt"}],"event_choices":[{"damage_healed":0,"gold_gain":0,"player_choice":"Bought 1 Potion","damage_taken":0,"max_hp_gain":0,"max_hp_loss":0,"event_name":"The Woman in Blue","floor":2,"gold_loss":0},{"damage_healed":17,"gold_gain":0,"player_choice":"Healed","damage_taken":0,"max_hp_gain":0,"max_hp_loss":0,"event_name":"The Cleric","floor":13,"gold_loss":35},{"damage_healed":0,"gold_gain":0,"player_choice":"Simplicity","damage_taken":0,"max_hp_gain":0,"max_hp_loss":0,"event_name":"Back to Basics","floor":19,"gold_loss":0,"cards_upgraded":["Defend_G","Defend_G","Defend_G","Defend_G","Strike_G","Strike_G","Strike_G","Strike_G","Strike_G"]}],"is_beta":false,"boss_relics":[{"not_picked":["Runic Pyramid","Empty Cage"],"picked":"WristBlade"}],"items_purged_floors":[4,20],"is_endless":false,"potions_floor_spawned":[3,10,12,14,22,25,28],"killed_by":"Collector","ascension_level":0}