{"gold_per_floor":[214,214,36,56,15,43,43,73,99,99,124,153,173,188,188,188],"floor_reached":16,"playtime":982,"items_purged":[],"score":291,"play_id":"1bf3f7b6-b1b3-48d7-89e7-4b3184e1117f","local_time":"20190425141919","is_ascension_mode":true,"campfire_choices":[{"data":"Hyperbeam","floor":7,"key":"SMITH"},{"floor":15,"key":"REST"}],"neow_cost":"NONE","seed_source_timestamp":2087921194858025,"circlet_count":0,"master_deck":["AscendersBane","Strike_B","Strike_B","Strike_B","Strike_B","Defend_B","Defend_B","Defend_B","Zap","Dualcast","Undo","Hyperbeam+1","Genetic Algorithm","Doom and Gloom","Hologram","Steam Power","BootSequence"],"relics":["Cracked Core","Dream Catcher","Frozen Egg 2","Strawberry","WingedGreaves","Lantern","DataDisk"],"potions_floor_usage":[8,11,14],"damage_taken":[{"damage":3,"enemies":"2 Louse","floor":1,"turns":3},{"damage":0,"enemies":"Small Slimes","floor":4,"turns":2},{"damage":17,"enemies":"Lagavulin","floor":6,"turns":7},{"damage":0,"enemies":"Gremlin Nob","floor":8,"turns":2},{"damage":8,"enemies":"Lagavulin","floor":11,"turns":6},{"damage":5,"enemies":"3 Sentries","floor":12,"turns":3},{"damage":0,"enemies":"Cultist","floor":13,"turns":2},{"damage":22,"enemies":"Exordium Thugs","floor":14,"turns":6},{"damage":30,"enemies":"The Guardian","floor":16,"turns":5}],"seed_played":"5568797188348997605","potions_obtained":[{"floor":6,"key":"FearPotion"},{"floor":8,"key":"Weak Potion"},{"floor":12,"key":"SpeedPotion"}],"is_trial":false,"path_per_floor":["M","?","$","M","$","E","R","E","T","?","E","E","M","M","R","B"],"character_chosen":"DEFECT","items_purchased":["Hyperbeam","Doom and Gloom"],"campfire_rested":1,"item_purchase_floors":[3,5],"current_hp_per_floor":[61,61,61,61,61,44,44,44,51,40,32,27,27,5,28,0],"gold":188,"neow_bonus":"HUNDRED_GOLD","is_prod":false,"is_daily":false,"chose_seed":false,"campfire_upgraded":1,"win_rate":0,"timestamp":1556180359,"path_taken":["M","?","$","M","$","E","R","E","T","?","E","E","M","M","R","BOSS"],"build_version":"2019-01-23","purchased_purges":0,"victory":false,"max_hp_per_floor":[71,71,71,71,71,71,71,71,78,78,78,78,78,78,78,78],"card_choices":[{"not_picked":["Beam Cell","Force Field","Heatsinks"],"picked":"SKIP","floor":1},{"not_picked":["Conserve Battery","Lockon"],"picked":"Genetic Algorithm","floor":4},{"not_picked":["Go for the Eyes","Sweeping Beam","Steam"],"picked":"SKIP","floor":6},{"not_picked":["Sweeping Beam","Leap","Lockon"],"picked":"SKIP","floor":8},{"not_picked":["Hello World+1","Sweeping Beam"],"picked":"Hologram","floor":11},{"not_picked":["Leap","Sweeping Beam","Barrage"],"picked":"SKIP","floor":12},{"not_picked":["Go for the Eyes","Sweeping Beam","Hyperbeam"],"picked":"SKIP","floor":13},{"not_picked":["Cold Snap","Skim"],"picked":"Steam Power","floor":14},{"not_picked":["Steam","Cold Snap"],"picked":"BootSequence","floor":15}],"player_experience":1211978,"relics_obtained":[{"floor":6,"key":"Dream Catcher"},{"floor":8,"key":"Frozen Egg 2"},{"floor":9,"key":"Strawberry"},{"floor":11,"key":"Lantern"},{"floor":12,"key":"DataDisk"}],"event_choices":[{"damage_healed":0,"gold_gain":0,"cards_transformed":["Defend_B"],"player_choice":"Change","damage_taken":0,"max_hp_gain":0,"max_hp_loss":0,"event_name":"Living Wall","floor":2,"gold_loss":0,"cards_obtained":["Undo"]},{"damage_healed":0,"gold_gain":0,"player_choice":"Success","damage_taken":11,"relics_obtained":["WingedGreaves"],"max_hp_gain":0,"max_hp_loss":0,"event_name":"Scrap Ooze","floor":10,"gold_loss":0}],"is_beta":false,"boss_relics":[],"items_purged_floors":[],"is_endless":false,"potions_floor_spawned":[6,8,12],"killed_by":"The Guardian","ascension_level":18}