{"gold_per_floor":[113,131,147,147,112,112,143,156,156,156,156,174,120,152,152,229,229,248,266,110,110,110,110,110,110],"floor_reached":25,"playtime":1261,"items_purged":[],"score":418,"play_id":"91411b9d-db88-48db-b508-4d9b14e24e39","local_time":"20190515132444","is_ascension_mode":true,"campfire_choices":[{"data":"Sweeping Beam","floor":11.0,"key":"SMITH"},{"data":"Sunder","floor":15.0,"key":"SMITH"},{"data":"Ghostly","floor":23.0,"key":"SMITH"}],"neow_cost":"NONE","seed_source_timestamp":3812046738267042,"circlet_count":0,"master_deck":["AscendersBane","Strike_B","Strike_B","Defend_B","Defend_B","Defend_B","Defend_B","Zap","Dualcast","Rebound","Compile Driver","Cold Snap","Sweeping Beam+1","BootSequence","Sunder+1","Machine Learning","Stack","Reinforced Body","Conserve Battery","Enlightenment","Steam","Electrodynamics","Ghostly+1","Ghostly","Ghostly","RitualDagger"],"special_seed":0,"relics":["Cracked Core","Pen Nib","Pantograph","Darkstone Periapt","FossilizedHelix","Runic Pyramid"],"potions_floor_usage":[],"damage_taken":[{"damage":9.0,"enemies":"2 Louse","floor":1.0,"turns":2.0},{"damage":11.0,"enemies":"Small Slimes","floor":2.0,"turns":3.0},{"damage":12.0,"enemies":"Jaw Worm","floor":3.0,"turns":3.0},{"damage":18.0,"enemies":"Lagavulin","floor":7.0,"turns":5.0},{"damage":10.0,"enemies":"Blue Slaver","floor":8.0,"turns":3.0},{"damage":0.0,"enemies":"Looter","floor":12.0,"turns":2.0},{"damage":3.0,"enemies":"3 Sentries","floor":14.0,"turns":6.0},{"damage":46.0,"enemies":"The Guardian","floor":16.0,"turns":13.0},{"damage":21.0,"enemies":"2 Thieves","floor":18.0,"turns":3.0},{"damage":21.0,"enemies":"Shell Parasite","floor":19.0,"turns":5.0},{"damage":24,"enemies":"Shelled Parasite and Fungi","floor":25,"turns":3}],"seed_played":"-2148803464229923034","potions_obtained":[{"floor":1.0,"key":"PowerPotion"},{"floor":3.0,"key":"Regen Potion"},{"floor":12.0,"key":"FocusPotion"},{"floor":19.0,"key":"Swift Potion"}],"is_trial":false,"path_per_floor":["M","M","M","?","?","?","E","M","T","T","R","M","?","E","R","B",null,"M","M","$","?","?","R","?","M"],"character_chosen":"DEFECT","items_purchased":["Conserve Battery","Enlightenment"],"campfire_rested":0,"item_purchase_floors":[20,20],"current_hp_per_floor":[62,51,39,39,58,63,45,35,35,35,35,35,35,32,32,11,65,44,23,23,23,23,23,17,0],"gold":110,"neow_bonus":"TEN_PERCENT_HP_BONUS","is_prod":false,"is_daily":false,"chose_seed":false,"campfire_upgraded":3,"win_rate":0,"timestamp":1557905084,"path_taken":["M","M","M","?","?","?","E","M","T","?","R","?","?","E","R","BOSS","M","M","$","?","?","R","?","M"],"build_version":"2019-01-23","purchased_purges":0,"victory":false,"max_hp_per_floor":[78,78,78,78,78,83,83,83,83,83,83,83,83,83,83,83,83,83,83,83,83,41,41,41,41],"card_choices":[{"not_picked":["Storm","Conserve Battery"],"picked":"Rebound","floor":1.0},{"not_picked":["Turbo","Stack"],"picked":"Compile Driver","floor":2.0},{"not_picked":["Turbo","Go for the Eyes"],"picked":"Cold Snap","floor":3.0},{"not_picked":["Ball Lightning","Hologram"],"picked":"Sweeping Beam","floor":7.0},{"not_picked":["Heatsinks","Ball Lightning"],"picked":"BootSequence","floor":8.0},{"not_picked":["Stack","Capacitor"],"picked":"Sunder","floor":12.0},{"not_picked":["All For One","Turbo","Force Field"],"picked":"SKIP","floor":14.0},{"not_picked":["Thunder Strike","Rainbow"],"picked":"Machine Learning","floor":16.0},{"not_picked":["Darkness","Barrage"],"picked":"Stack","floor":18.0},{"not_picked":["Sweeping Beam","Melter"],"picked":"Reinforced Body","floor":19.0}],"player_experience":1346492,"relics_obtained":[{"floor":7.0,"key":"Pen Nib"},{"floor":9.0,"key":"Pantograph"},{"floor":10.0,"key":"Darkstone Periapt"},{"floor":14.0,"key":"FossilizedHelix"}],"event_choices":[{"damage_healed":0.0,"max_hp_gain":0.0,"max_hp_loss":0.0,"gold_gain":0.0,"event_name":"Liars Game","player_choice":"Ignored","floor":4.0,"gold_loss":0.0,"damage_taken":0.0},{"damage_healed":19.0,"max_hp_gain":0.0,"max_hp_loss":0.0,"gold_gain":0.0,"event_name":"The Cleric","player_choice":"Healed","floor":5.0,"gold_loss":35.0,"damage_taken":0.0},{"damage_healed":0.0,"max_hp_gain":5.0,"max_hp_loss":0.0,"gold_gain":0.0,"event_name":"Big Fish","player_choice":"Donut","floor":6.0,"gold_loss":0.0,"damage_taken":0.0},{"damage_healed":0.0,"max_hp_gain":0.0,"max_hp_loss":0.0,"gold_gain":0.0,"event_name":"World of Goop","player_choice":"Left Gold","floor":13.0,"gold_loss":54.0,"damage_taken":0.0},{"damage_healed":0.0,"max_hp_gain":0.0,"max_hp_loss":0.0,"gold_gain":0.0,"cards_transformed":["Strike_B","Strike_B"],"event_name":"Drug Dealer","player_choice":"Became Test Subject","floor":21.0,"gold_loss":0.0,"damage_taken":0.0,"cards_obtained":["Steam","Electrodynamics"]},{"damage_healed":0.0,"max_hp_gain":0.0,"max_hp_loss":42.0,"gold_gain":0.0,"event_name":"Ghosts","player_choice":"Became a Ghost","floor":22.0,"gold_loss":0.0,"damage_taken":0.0,"cards_obtained":["Ghostly","Ghostly","Ghostly"]},{"damage_healed":0.0,"max_hp_gain":0.0,"max_hp_loss":0.0,"gold_gain":0.0,"event_name":"Nest","player_choice":"Joined the Cult","floor":24.0,"gold_loss":0.0,"damage_taken":6.0,"cards_obtained":["RitualDagger"]}],"is_beta":false,"boss_relics":[{"not_picked":["Orrery","Coffee Dripper"],"picked":"Runic Pyramid"}],"items_purged_floors":[],"is_endless":false,"potions_floor_spawned":[1,3,12,19],"killed_by":"Shelled Parasite and Fungi","ascension_level":20}