{"gold_per_floor":[114,114,114,114,35,65,80,106,132,155,201,228,240,266,278,364,376,404,16,16,32,50,50,77,77,153,173,188,188],"floor_reached":29,"playtime":2310,"items_purged":["Strike_B"],"score":513,"play_id":"df303562-bf8a-422a-8edc-eeb84baa6d21","local_time":"20190502135928","is_ascension_mode":true,"campfire_choices":[{"floor":13,"key":"REST"},{"data":"Creative AI","floor":15,"key":"SMITH"},{"floor":23,"key":"REST"},{"floor":25,"key":"REST"}],"neow_cost":"NONE","seed_source_timestamp":2690202294155464,"circlet_count":0,"master_deck":["AscendersBane","Strike_B+1","Strike_B","Strike_B","Defend_B+1","Defend_B","Defend_B+1","Defend_B","Zap","Dualcast","Cold Snap","Ball Lightning+1","Leap","Rebound","Darkness","Creative AI+1","Coolheaded","Leap","Electrodynamics","Genetic Algorithm","Seek","Reinforced Body"],"relics":["Cracked Core","NeowsBlessing","Bronze Scales","Gremlin Horn","PreservedInsect","Whetstone","MawBank","Vajra","Art of War","Oddly Smooth Stone","Red Mask","Molten Egg 2"],"potions_floor_usage":[12,12,14,16,22,27],"damage_taken":[{"damage":0,"enemies":"Jaw Worm","floor":1,"turns":1},{"damage":0,"enemies":"Lagavulin","floor":6,"turns":1},{"damage":0,"enemies":"Small Slimes","floor":7,"turns":1},{"damage":7,"enemies":"Gremlin Nob","floor":8,"turns":3},{"damage":1,"enemies":"2 Louse","floor":10,"turns":2},{"damage":20,"enemies":"Lagavulin","floor":11,"turns":7},{"damage":4,"enemies":"Lots of Slimes","floor":12,"turns":3},{"damage":4,"enemies":"Gremlin Gang","floor":14,"turns":4},{"damage":8,"enemies":"Hexaghost","floor":16,"turns":10},{"damage":9,"enemies":"Spheric Guardian","floor":18,"turns":7},{"damage":0,"enemies":"3 Byrds","floor":21,"turns":2},{"damage":8,"enemies":"Snecko","floor":22,"turns":6},{"damage":12,"enemies":"Masked Bandits","floor":24,"turns":2},{"damage":24,"enemies":"Cultist and Chosen","floor":27,"turns":7},{"damage":26,"enemies":"Shelled Parasite and Fungi","floor":28,"turns":9},{"damage":32,"enemies":"Slavers","floor":29,"turns":3}],"seed_played":"534340912382543094","potions_obtained":[{"floor":7,"key":"LiquidBronze"},{"floor":10,"key":"Poison Potion"},{"floor":12,"key":"Fire Potion"},{"floor":14,"key":"Weak Potion"},{"floor":18,"key":"PowerPotion"},{"floor":22,"key":"Swift Potion"}],"is_trial":false,"path_per_floor":["M","?","T","?","$","E","M","E","T","M","E","M","R","M","R","B",null,"M","$","?","M","M","R","?","R","T","M","M","E"],"character_chosen":"DEFECT","items_purchased":["Ball Lightning","Leap","Art of War","Oddly Smooth Stone"],"campfire_rested":3,"item_purchase_floors":[5,5,19,19],"current_hp_per_floor":[64,59,59,38,38,38,38,31,31,30,10,6,27,23,23,15,57,48,48,48,48,40,61,49,70,70,46,20,0],"gold":188,"neow_bonus":"THREE_ENEMY_KILL","is_prod":false,"is_daily":false,"chose_seed":false,"campfire_upgraded":1,"win_rate":0,"timestamp":1556783968,"path_taken":["M","?","?","?","?","E","M","E","T","?","E","M","R","M","R","BOSS","M","$","?","?","?","R","?","R","T","M","M","E"],"build_version":"2019-01-23","purchased_purges":1,"victory":false,"max_hp_per_floor":[71,71,71,71,71,71,71,71,71,71,71,71,71,71,71,71,71,71,71,71,71,71,71,71,71,71,71,71,71],"card_choices":[{"not_picked":["Redo","Conserve Battery"],"picked":"Cold Snap","floor":1},{"not_picked":["Coolheaded","Leap"],"picked":"Rebound","floor":6},{"not_picked":["Auto Shields","Coolheaded"],"picked":"Darkness","floor":7},{"not_picked":["Ball Lightning","Doom and Gloom"],"picked":"Creative AI","floor":8},{"not_picked":["Rebound","Leap"],"picked":"Coolheaded","floor":10},{"not_picked":["Ball Lightning","Cold Snap","Darkness"],"picked":"SKIP","floor":11},{"not_picked":["Rebound","Multi-Cast"],"picked":"Leap","floor":12},{"not_picked":["Hello World","Leap","Coolheaded"],"picked":"SKIP","floor":14},{"not_picked":["All For One","Machine Learning"],"picked":"Electrodynamics","floor":16},{"not_picked":["Aggregate+1","Cold Snap","Gash"],"picked":"SKIP","floor":18},{"not_picked":["Doom and Gloom","Auto Shields","Go for the Eyes"],"picked":"SKIP","floor":21},{"not_picked":["Streamline","Cold Snap","Lockon"],"picked":"SKIP","floor":22},{"not_picked":["Conserve Battery","Redo"],"picked":"Reinforced Body","floor":27},{"not_picked":["Compile Driver+1","Streamline+1","Ball Lightning+1"],"picked":"SKIP","floor":28}],"player_experience":1271732,"relics_obtained":[{"floor":3,"key":"Gremlin Horn"},{"floor":6,"key":"PreservedInsect"},{"floor":8,"key":"Whetstone"},{"floor":9,"key":"MawBank"},{"floor":11,"key":"Vajra"},{"floor":24,"key":"Red Mask"},{"floor":26,"key":"Molten Egg 2"}],"event_choices":[{"damage_healed":0,"gold_gain":0,"player_choice":"Success","damage_taken":5,"relics_obtained":["Bronze Scales"],"max_hp_gain":0,"max_hp_loss":0,"event_name":"Scrap Ooze","floor":2,"gold_loss":0},{"damage_healed":0,"gold_gain":0,"player_choice":"Entered Light","damage_taken":21,"max_hp_gain":0,"max_hp_loss":0,"event_name":"Shining Light","floor":4,"gold_loss":0,"cards_upgraded":["Defend_B","Defend_B"]},{"damage_healed":0,"gold_gain":0,"player_choice":"2 cards matched","damage_taken":0,"max_hp_gain":0,"max_hp_loss":0,"event_name":"Match and Keep!","floor":20,"gold_loss":0,"cards_obtained":["Genetic Algorithm","Seek"]},{"damage_healed":0,"gold_gain":0,"player_choice":"Fought Bandits","damage_taken":0,"max_hp_gain":0,"max_hp_loss":0,"event_name":"Masked Bandits","floor":24,"gold_loss":0}],"is_beta":false,"boss_relics":[{"not_picked":["Orrery","Coffee Dripper","Runic Dome"]}],"items_purged_floors":[19],"is_endless":false,"potions_floor_spawned":[7,10,11,12,14,18,22],"killed_by":"Slavers","ascension_level":18}