{"gold_per_floor":[109,119,137,137,152,152,183,200,200,200,219,295,326,326,326,431,431,446,256,291,38,38,65,77,122,181,193,217,229,241,288,300,414,426,448,471,705,717,304,304,45,59,83,133,153,182,199,199,199,199],"floor_reached":51,"playtime":2810,"items_purged":["Writhe"],"score":1008,"play_id":"42c39f11-4c6f-4592-b903-6617e0ba90ce","local_time":"20190514033704","is_ascension_mode":true,"campfire_choices":[{"data":"Zap","floor":6.0,"key":"SMITH"},{"floor":10.0,"key":"REST"},{"data":"Sweeping Beam","floor":15.0,"key":"SMITH"},{"floor":27.0,"key":"REST"},{"data":"Hyperbeam","floor":29.0,"key":"SMITH"},{"floor":32.0,"key":"REST"},{"data":"Echo Form","floor":40.0,"key":"SMITH"},{"floor":49,"key":"REST"}],"neow_cost":"NONE","seed_source_timestamp":189537089370647,"circlet_count":0,"master_deck":["Strike_B","Strike_B","Strike_B","Strike_B","Defend_B","Defend_B","Defend_B","Defend_B","Zap+1","Dualcast+1","Glacier","Conserve Battery","Compile Driver","Rebound","Cold Snap","Consume+1","Ball Lightning","Hyperbeam+1","Conserve Battery+1","Apotheosis+1","Undo+1","Defragment+1","Scrape+1","Echo Form+1","Scrape+1","Echo Form","Rainbow+1","Self Repair","Turbo+1","Capacitor+1"],"special_seed":0,"relics":["Cracked Core","DataDisk","Torii","Toxic Egg 2","Pantograph","Dodecahedron","Snecko Eye","Red Mask","Letter Opener","MawBank","Turnip","Dream Catcher","Du-Vu Doll","Bag of Marbles","Inserter","DollysMirror","Centennial Puzzle","Bottled Tornado","Orichalcum","Dead Branch","Potion Belt"],"potions_floor_usage":[50],"damage_taken":[{"damage":0.0,"enemies":"2 Louse","floor":1.0,"turns":2.0},{"damage":9.0,"enemies":"Jaw Worm","floor":2.0,"turns":3.0},{"damage":0.0,"enemies":"Small Slimes","floor":3.0,"turns":3.0},{"damage":9.0,"enemies":"3 Louse","floor":5.0,"turns":4.0},{"damage":0.0,"enemies":"Lagavulin","floor":7.0,"turns":9.0},{"damage":14.0,"enemies":"Exordium Thugs","floor":8.0,"turns":5.0},{"damage":0.0,"enemies":"Blue Slaver","floor":11.0,"turns":4.0},{"damage":2.0,"enemies":"3 Sentries","floor":13.0,"turns":7.0},{"damage":10.0,"enemies":"The Guardian","floor":16.0,"turns":12.0},{"damage":0.0,"enemies":"Shell Parasite","floor":18.0,"turns":5.0},{"damage":1.0,"enemies":"Masked Bandits","floor":20.0,"turns":2.0},{"damage":7.0,"enemies":"Slavers","floor":23.0,"turns":4.0},{"damage":11.0,"enemies":"Gremlin Leader","floor":25.0,"turns":4.0},{"damage":0.0,"enemies":"Spheric Guardian","floor":28.0,"turns":3.0},{"damage":21.0,"enemies":"Slavers","floor":31.0,"turns":6.0},{"damage":60.0,"enemies":"Automaton","floor":33.0,"turns":9.0},{"damage":0.0,"enemies":"3 Shapes","floor":35.0,"turns":5.0},{"damage":0.0,"enemies":"Orb Walker","floor":36.0,"turns":3.0},{"damage":16.0,"enemies":"Jaw Worm Horde","floor":42.0,"turns":2.0},{"damage":35.0,"enemies":"2 Orb Walkers","floor":44.0,"turns":4.0},{"damage":0.0,"enemies":"3 Darklings","floor":45.0,"turns":3.0},{"damage":19.0,"enemies":"Reptomancer","floor":46.0,"turns":8.0},{"damage":0.0,"enemies":"Spire Growth","floor":47.0,"turns":6.0},{"damage":0.0,"enemies":"Writhing Mass","floor":48.0,"turns":1.0},{"damage":51,"enemies":"Awakened One","floor":50,"turns":11}],"seed_played":"-6465005248002693970","potions_obtained":[{"floor":3.0,"key":"FocusPotion"},{"floor":7.0,"key":"Energy Potion"},{"floor":8.0,"key":"LiquidBronze"},{"floor":13.0,"key":"Fruit Juice"},{"floor":18.0,"key":"SteroidPotion"},{"floor":33.0,"key":"FairyPotion"},{"floor":35.0,"key":"EssenceOfSteel"},{"floor":45.0,"key":"Dexterity Potion"},{"floor":47.0,"key":"SmokeBomb"}],"is_trial":false,"path_per_floor":["M","M","M","?","M","R","E","M","T","R","M","T","E","?","R","B",null,"M","$","?","$","?","E","?","E","T","R","M","R","?","E","R","B",null,"M","M","?","?","$","R","$","M","T","?","M","E","M","M","R","B",null],"character_chosen":"DEFECT","items_purchased":["Apotheosis+1","Letter Opener","DollysMirror","Centennial Puzzle","Bottled Tornado"],"campfire_rested":4,"item_purchase_floors":[19,21,39,39,41],"current_hp_per_floor":[68,59,59,64,55,55,55,41,41,65,65,65,68,68,68,75,83,83,83,82,82,66,59,59,48,48,75,75,75,75,54,81,30,75,75,75,75,75,75,75,75,59,59,24,24,19,39,39,66,39],"gold":199,"neow_bonus":"RANDOM_COMMON_RELIC","is_prod":false,"is_daily":false,"chose_seed":false,"campfire_upgraded":4,"win_rate":0,"timestamp":1557819424,"path_taken":["M","M","M","?","M","R","E","M","T","R","M","?","E","?","R","BOSS","M","$","?","$","?","E","?","E","T","R","M","R","?","E","R","BOSS","M","M","?","?","$","R","$","M","T","?","?","E","M","M","R","BOSS"],"build_version":"2019-01-23","purchased_purges":1,"victory":true,"max_hp_per_floor":[75,75,75,80,80,80,80,80,80,80,80,80,85,85,85,85,85,85,85,85,85,90,90,90,90,90,90,90,90,90,90,90,90,90,90,90,90,90,90,90,90,90,90,90,90,90,90,90,90,90],"card_choices":[{"not_picked":["Streamline","Chill"],"picked":"Glacier","floor":1.0},{"not_picked":["Glacier","Redo"],"picked":"Conserve Battery","floor":2.0},{"not_picked":["Sweeping Beam","Coolheaded"],"picked":"Compile Driver","floor":3.0},{"not_picked":["Compile Driver","Steam"],"picked":"Rebound","floor":5.0},{"not_picked":["All For One","Doom and Gloom"],"picked":"Sweeping Beam","floor":7.0},{"not_picked":["Scrape","Redo"],"picked":"Cold Snap","floor":8.0},{"not_picked":["BootSequence+1","Fusion+1"],"picked":"Consume+1","floor":11.0},{"not_picked":["Rebound","Hologram+1"],"picked":"Ball Lightning","floor":13.0},{"not_picked":["Thunder Strike","Seek+1"],"picked":"Hyperbeam","floor":16.0},{"not_picked":["Heatsinks","Ball Lightning"],"picked":"Conserve Battery+1","floor":18.0},{"not_picked":["Go for the Eyes+1","Barrage"],"picked":"Undo+1","floor":20.0},{"not_picked":["Multi-Cast+1","Self Repair"],"picked":"Defragment+1","floor":23.0},{"not_picked":["Tempest+1","Self Repair"],"picked":"Scrape+1","floor":25.0},{"not_picked":["Storm+1","Redo+1","Compile Driver+1"],"picked":"SKIP","floor":28.0},{"not_picked":["Lockon+1","Genetic Algorithm+1","Leap+1"],"picked":"SKIP","floor":31.0},{"not_picked":["All For One","Rainbow+1"],"picked":"Echo Form","floor":33.0},{"not_picked":["Lockon+1","Stack+1"],"picked":"Scrape+1","floor":35.0},{"not_picked":["Genetic Algorithm+1","Beam Cell+1","Aggregate+1"],"picked":"SKIP","floor":36.0},{"not_picked":["Streamline+1","Melter","Redo+1"],"picked":"SKIP","floor":42.0},{"not_picked":["Beam Cell+1","Heatsinks"],"picked":"Rainbow+1","floor":44.0},{"not_picked":["BootSequence+1","Chill+1"],"picked":"Self Repair","floor":45.0},{"not_picked":["Static Discharge","Go for the Eyes","Conserve Battery+1"],"picked":"SKIP","floor":46.0},{"not_picked":["Barrage","Conserve Battery+1"],"picked":"Turbo+1","floor":47.0},{"not_picked":["Streamline+1","Hologram+1"],"picked":"Capacitor+1","floor":49}],"player_experience":424819,"relics_obtained":[{"floor":7.0,"key":"Torii"},{"floor":9.0,"key":"Toxic Egg 2"},{"floor":12.0,"key":"Pantograph"},{"floor":13.0,"key":"Dodecahedron"},{"floor":20.0,"key":"Red Mask"},{"floor":23.0,"key":"MawBank"},{"floor":25.0,"key":"Turnip"},{"floor":26.0,"key":"Dream Catcher"},{"floor":31.0,"key":"Bag of Marbles"},{"floor":43.0,"key":"Orichalcum"},{"floor":44.0,"key":"Dead Branch"},{"floor":46.0,"key":"Potion Belt"}],"event_choices":[{"damage_healed":0.0,"max_hp_gain":5.0,"max_hp_loss":0.0,"gold_gain":0.0,"event_name":"Big Fish","player_choice":"Donut","floor":4.0,"gold_loss":0.0,"damage_taken":0.0},{"damage_healed":0.0,"max_hp_gain":0.0,"max_hp_loss":0.0,"gold_gain":0.0,"event_name":"Upgrade Shrine","player_choice":"Upgraded","floor":14.0,"gold_loss":0.0,"damage_taken":0.0,"cards_upgraded":["Dualcast"]},{"damage_healed":0.0,"max_hp_gain":0.0,"max_hp_loss":0.0,"gold_gain":0.0,"event_name":"Masked Bandits","player_choice":"Fought Bandits","floor":20.0,"gold_loss":0.0,"damage_taken":0.0},{"damage_healed":0.0,"max_hp_gain":5.0,"max_hp_loss":0.0,"gold_gain":0.0,"event_name":"Forgotten Altar","player_choice":"Shed Blood","floor":22.0,"gold_loss":0.0,"damage_taken":21.0},{"damage_healed":0.0,"max_hp_gain":0.0,"max_hp_loss":0.0,"gold_gain":0.0,"event_name":"Ghosts","player_choice":"Ignored","floor":24.0,"gold_loss":0.0,"damage_taken":0.0},{"damage_healed":0.0,"max_hp_gain":0.0,"max_hp_loss":0.0,"gold_gain":0.0,"event_name":"The Mausoleum","player_choice":"Opened","floor":30.0,"gold_loss":0.0,"damage_taken":0.0,"relics_obtained":["Du-Vu Doll"],"cards_obtained":["Writhe"]},{"damage_healed":0.0,"max_hp_gain":0.0,"max_hp_loss":0.0,"gold_gain":222.0,"event_name":"Tomb of Lord Red Mask","player_choice":"Wore Mask","floor":37.0,"gold_loss":0.0,"damage_taken":0.0},{"cards_removed":["Sweeping Beam"],"damage_healed":0.0,"max_hp_gain":0.0,"max_hp_loss":0.0,"gold_gain":0.0,"event_name":"Falling","player_choice":"Removed Attack","floor":38.0,"gold_loss":0.0,"damage_taken":0.0},{"damage_healed":0.0,"max_hp_gain":0.0,"max_hp_loss":0.0,"gold_gain":0.0,"event_name":"Mysterious Sphere","player_choice":"Fight","floor":44.0,"gold_loss":0.0,"damage_taken":0.0}],"is_beta":false,"boss_relics":[{"not_picked":["Busted Crown","Orrery"],"picked":"Snecko Eye"},{"not_picked":["Runic Pyramid","Tiny House"],"picked":"Inserter"}],"items_purged_floors":[39],"is_endless":false,"potions_floor_spawned":[3,7,8,13,18,20,33,35,45,47],"ascension_level":6}