{"gold_per_floor":[117,133,146,156,231,259,259,95,147,147,147,58,58,68,68,142,142,157,157,157,169,9,9,9],"floor_reached":24,"playtime":964,"items_purged":["Strike_B"],"score":378,"play_id":"f837cad0-5c33-4ac6-903d-255094841490","local_time":"20190506145716","is_ascension_mode":true,"campfire_choices":[{"data":"Hologram","floor":7,"key":"SMITH"},{"data":"Chill","floor":11,"key":"SMITH"},{"data":"Reinforced Body","floor":15,"key":"SMITH"},{"floor":23,"key":"REST"}],"neow_cost":"NONE","seed_source_timestamp":3040624323054773,"circlet_count":0,"master_deck":["AscendersBane","Strike_B","Strike_B","Strike_B","Defend_B","Defend_B","Defend_B","Defend_B","Zap","Dualcast","Cold Snap","Ball Lightning","Darkness","Defragment+1","Hologram+1","Chill+1","Reinforced Body+1","Static Discharge","Biased Cognition","Coolheaded+1","Loop","Auto Shields"],"relics":["Cracked Core","NeowsBlessing","Dodecahedron","Orichalcum","Regal Pillow","Nuclear Battery","Lantern"],"potions_floor_usage":[6,6],"damage_taken":[{"damage":0,"enemies":"Small Slimes","floor":1,"turns":1},{"damage":0,"enemies":"Jaw Worm","floor":2,"turns":1},{"damage":0,"enemies":"Cultist","floor":3,"turns":1},{"damage":7,"enemies":"Large Slime","floor":4,"turns":5},{"damage":5,"enemies":"Gremlin Nob","floor":6,"turns":3},{"damage":3,"enemies":"Exordium Wildlife","floor":14,"turns":5},{"damage":26,"enemies":"Hexaghost","floor":16,"turns":13},{"damage":8,"enemies":"3 Byrds","floor":18,"turns":7},{"damage":0,"enemies":"Shell Parasite","floor":21,"turns":5},{"damage":81,"enemies":"Slavers","floor":24,"turns":5}],"seed_played":"3721771320460675260","potions_obtained":[{"floor":2,"key":"FearPotion"},{"floor":4,"key":"Strength Potion"},{"floor":16,"key":"Poison Potion"}],"is_trial":false,"path_per_floor":["M","M","M","M","?","E","R","$","T","T","R","$","?","M","R","B",null,"M","?","?","M","$","R","E"],"character_chosen":"DEFECT","items_purchased":["Chill","Reinforced Body","Static Discharge","Auto Shields"],"campfire_rested":1,"item_purchase_floors":[8,8,12,22],"current_hp_per_floor":[64,64,64,57,46,41,41,41,41,41,41,41,41,38,38,12,56,48,28,28,28,28,65,0],"gold":9,"neow_bonus":"THREE_ENEMY_KILL","is_prod":false,"is_daily":false,"chose_seed":false,"campfire_upgraded":3,"win_rate":0,"timestamp":1557133036,"path_taken":["M","M","M","M","?","E","R","$","T","?","R","$","?","?","R","BOSS","M","?","?","?","$","R","E"],"build_version":"2019-01-23","purchased_purges":1,"victory":false,"max_hp_per_floor":[71,71,71,71,71,71,71,71,71,71,71,71,71,71,71,71,71,71,76,76,76,76,76,76],"card_choices":[{"not_picked":["Force Field","Leap"],"picked":"Cold Snap","floor":1},{"not_picked":["Beam Cell","Barrage"],"picked":"Ball Lightning","floor":2},{"not_picked":["Turbo","Steam"],"picked":"Darkness","floor":3},{"not_picked":["Stack","Cold Snap"],"picked":"Defragment","floor":4},{"not_picked":["Ball Lightning","Sweeping Beam"],"picked":"Hologram","floor":6},{"not_picked":["Reinforced Body","Skim","Stack"],"picked":"SKIP","floor":14},{"not_picked":["Core Surge","Amplify"],"picked":"Biased Cognition","floor":16},{"not_picked":["Beam Cell","Gash"],"picked":"Coolheaded+1","floor":18},{"not_picked":["Sweeping Beam","Rip and Tear+1"],"picked":"Loop","floor":21}],"player_experience":1298724,"relics_obtained":[{"floor":6,"key":"Dodecahedron"},{"floor":9,"key":"Orichalcum"},{"floor":10,"key":"Regal Pillow"}],"event_choices":[{"damage_healed":0,"gold_gain":75,"player_choice":"Gather Gold","damage_taken":11,"max_hp_gain":0,"max_hp_loss":0,"event_name":"World of Goop","floor":5,"gold_loss":0},{"damage_healed":0,"gold_gain":0,"player_choice":"Upgraded","damage_taken":0,"max_hp_gain":0,"max_hp_loss":0,"event_name":"Upgrade Shrine","floor":13,"gold_loss":0,"cards_upgraded":["Defragment"]},{"damage_healed":0,"gold_gain":0,"player_choice":"Shed Blood","damage_taken":25,"max_hp_gain":5,"max_hp_loss":0,"event_name":"Forgotten Altar","floor":19,"gold_loss":0},{"damage_healed":0,"gold_gain":0,"player_choice":"Gave Potion","damage_taken":0,"relics_obtained":["Lantern"],"max_hp_gain":0,"max_hp_loss":0,"event_name":"WeMeetAgain","floor":20,"gold_loss":0}],"is_beta":false,"boss_relics":[{"not_picked":["Tiny House","Snecko Eye"],"picked":"Nuclear Battery"}],"items_purged_floors":[22],"is_endless":false,"potions_floor_spawned":[2,4,16],"killed_by":"Slavers","ascension_level":19}