{"gold_per_floor":[114,124,299,574,589,624,624,658,707,719,731],"floor_reached":11,"playtime":188,"items_purged":[],"score":85,"play_id":"909a26a7-5dbc-409c-8eb1-ce03d6847d62","local_time":"20190522142641","is_ascension_mode":true,"campfire_choices":[{"data":"Searing Blow","floor":7,"key":"SMITH"},{"data":"Searing Blow+1","floor":10,"key":"SMITH"}],"neow_cost":"NONE","seed_source_timestamp":4421979425840378,"circlet_count":0,"master_deck":["Strike_R","Strike_R","Strike_R","Strike_R","Strike_R","Defend_R","Defend_R","Defend_R","Defend_R","Bash","Doubt","Regret","Searing Blow+2","Pommel Strike"],"relics":["Burning Blood","NeowsBlessing","Dodecahedron","Blood Vial","MawBank"],"potions_floor_usage":[6,8],"damage_taken":[{"damage":0,"enemies":"2 Louse","floor":1,"turns":1},{"damage":0,"enemies":"Small Slimes","floor":2,"turns":1},{"damage":0,"enemies":"Cultist","floor":5,"turns":1},{"damage":22,"enemies":"Gremlin Nob","floor":6,"turns":4},{"damage":46,"enemies":"3 Sentries","floor":8,"turns":7},{"damage":28,"enemies":"3 Sentries","floor":11,"turns":3}],"seed_played":"2459526905491357846","potions_obtained":[{"floor":2,"key":"PowerPotion"},{"floor":5,"key":"Block Potion"},{"floor":6,"key":"Strength Potion"}],"is_trial":false,"path_per_floor":["M","M","?","?","M","E","R","E","T","R","?"],"character_chosen":"IRONCLAD","items_purchased":[],"campfire_rested":0,"item_purchase_floors":[],"current_hp_per_floor":[80,80,80,80,80,64,64,24,24,24,0],"gold":731,"neow_bonus":"THREE_ENEMY_KILL","is_prod":false,"is_daily":false,"chose_seed":false,"campfire_upgraded":2,"win_rate":0,"timestamp":1558513601,"path_taken":["M","M","?","?","?","E","R","E","T","R","?"],"build_version":"2019-01-23","purchased_purges":0,"victory":false,"max_hp_per_floor":[80,80,80,80,80,80,80,80,80,80,80],"card_choices":[{"not_picked":["Perfected Strike","Shrug It Off","Metallicize"],"picked":"SKIP","floor":1},{"not_picked":["Rage","Clash","Armaments"],"picked":"SKIP","floor":2},{"not_picked":["Anger","Armaments","Flex"],"picked":"SKIP","floor":5},{"not_picked":["Shrug It Off","Warcry"],"picked":"Searing Blow","floor":6},{"not_picked":["Flex","Dropkick"],"picked":"Pommel Strike","floor":8}],"player_experience":1392401,"relics_obtained":[{"floor":6,"key":"Dodecahedron"},{"floor":8,"key":"Blood Vial"},{"floor":9,"key":"MawBank"}],"event_choices":[{"damage_healed":0,"gold_gain":175,"player_choice":"AGREE","damage_taken":0,"max_hp_gain":0,"max_hp_loss":0,"event_name":"Liars Game","floor":3,"gold_loss":0,"cards_obtained":["Doubt"]},{"damage_healed":0,"gold_gain":275,"player_choice":"Desecrate","damage_taken":0,"max_hp_gain":0,"max_hp_loss":0,"event_name":"Golden Shrine","floor":4,"gold_loss":0,"cards_obtained":["Regret"]},{"damage_healed":0,"gold_gain":0,"player_choice":"Searched \u00272\u0027 times","damage_taken":0,"max_hp_gain":0,"max_hp_loss":0,"event_name":"Dead Adventurer","floor":11,"gold_loss":0}],"is_beta":false,"boss_relics":[],"items_purged_floors":[],"is_endless":false,"potions_floor_spawned":[2,5,6],"killed_by":"3 Sentries","ascension_level":1}