{"gold_per_floor":[113,132,132,143,156,191,207,220,220,253,264,294,219,219,219,293,293,303,322,338,338,338,338,338,351,351,363,381,399,314,314],"floor_reached":31,"playtime":2122,"items_purged":[],"score":513,"play_id":"2049da3e-df6a-4411-adf3-075584d26b16","local_time":"20190504165728","is_ascension_mode":true,"campfire_choices":[{"floor":15,"key":"REST"},{"floor":23,"key":"REST"}],"neow_cost":"NONE","seed_source_timestamp":2873877338214302,"circlet_count":0,"master_deck":["AscendersBane","Defend_B","Defend_B","Defend_B","Defend_B","Zap","Dualcast","Ball Lightning","Defragment","Conserve Battery","Capacitor","Sweeping Beam","Hologram","Cold Snap","Doom and Gloom","Leap","Fission","Steam+1","Cold Snap","Hologram","Blizzard","Hologram","BootSequence"],"relics":["FrozenCore","Anchor","Thread and Needle","DataDisk","Shuriken","Dodecahedron","Ancient Tea Set","Blood Vial","Cables","Singing Bowl","Turnip"],"potions_floor_usage":[6,10,12,12,16,29,31],"damage_taken":[{"damage":2,"enemies":"Jaw Worm","floor":1,"turns":3},{"damage":5,"enemies":"Small Slimes","floor":2,"turns":3},{"damage":0,"enemies":"2 Louse","floor":4,"turns":2},{"damage":0,"enemies":"Lots of Slimes","floor":5,"turns":4},{"damage":13,"enemies":"Gremlin Nob","floor":6,"turns":4},{"damage":0,"enemies":"2 Fungi Beasts","floor":7,"turns":2},{"damage":0,"enemies":"Looter","floor":8,"turns":2},{"damage":3,"enemies":"3 Sentries","floor":10,"turns":4},{"damage":0,"enemies":"Blue Slaver","floor":11,"turns":2},{"damage":25,"enemies":"Gremlin Nob","floor":12,"turns":4},{"damage":4,"enemies":"Slime Boss","floor":16,"turns":7},{"damage":23,"enemies":"3 Byrds","floor":18,"turns":6},{"damage":3,"enemies":"Spheric Guardian","floor":19,"turns":7},{"damage":36,"enemies":"Cultist and Chosen","floor":20,"turns":11},{"damage":1,"enemies":"Centurion and Healer","floor":25,"turns":10},{"damage":0,"enemies":"Shelled Parasite and Fungi","floor":27,"turns":7},{"damage":0,"enemies":"Snecko","floor":28,"turns":5},{"damage":0,"enemies":"Centurion and Healer","floor":29,"turns":12},{"damage":45,"enemies":"Book of Stabbing","floor":31,"turns":8}],"seed_played":"-4543791631744979690","potions_obtained":[{"floor":4,"key":"Fire Potion"},{"floor":5,"key":"Block Potion"},{"floor":10,"key":"GamblersBrew"},{"floor":11,"key":"Poison Potion"},{"floor":12,"key":"Block Potion"},{"floor":18,"key":"SteroidPotion"},{"floor":20,"key":"SteroidPotion"},{"floor":29,"key":"GamblersBrew"}],"is_trial":false,"path_per_floor":["M","M","?","M","M","E","M","M","T","E","M","E","?","T","R","B",null,"M","M","M","?","T","R","?","M","T","M","M","M","?","E"],"character_chosen":"DEFECT","items_purchased":[],"campfire_rested":2,"item_purchase_floors":[],"current_hp_per_floor":[62,57,52,52,52,39,39,39,39,36,36,11,11,11,32,30,61,40,39,5,5,5,26,26,27,27,31,35,39,39,0],"gold":314,"neow_bonus":"RANDOM_COMMON_RELIC","is_prod":false,"is_daily":false,"chose_seed":false,"campfire_upgraded":0,"win_rate":0,"timestamp":1556967448,"path_taken":["M","M","?","M","M","E","M","M","T","E","M","E","?","?","R","BOSS","M","M","M","?","?","R","?","M","T","M","?","M","?","E"],"build_version":"2019-01-23","purchased_purges":0,"victory":false,"max_hp_per_floor":[71,71,71,71,71,71,71,71,71,71,71,71,71,71,71,71,71,71,71,71,71,71,71,71,71,71,73,75,77,77,77],"card_choices":[{"not_picked":["Redo","Conserve Battery"],"picked":"Ball Lightning","floor":1},{"not_picked":["Hologram","Steam Power","Redo"],"picked":"SKIP","floor":2},{"not_picked":["Barrage","Redo"],"picked":"Defragment","floor":4},{"not_picked":["Double Energy","Force Field"],"picked":"Conserve Battery","floor":5},{"not_picked":["Compile Driver","Hello World"],"picked":"Capacitor","floor":6},{"not_picked":["Auto Shields","Skim"],"picked":"Sweeping Beam","floor":7},{"not_picked":["Compile Driver","Conserve Battery"],"picked":"Hologram","floor":8},{"not_picked":["Lockon","Beam Cell"],"picked":"Cold Snap","floor":10},{"not_picked":["Aggregate","Barrage"],"picked":"Doom and Gloom","floor":11},{"not_picked":["Sweeping Beam","Stack"],"picked":"Leap","floor":12},{"not_picked":["Rainbow","Buffer"],"picked":"Fission","floor":16},{"not_picked":["Sweeping Beam","Streamline+1"],"picked":"Steam+1","floor":18},{"not_picked":["Beam Cell","Gash"],"picked":"Cold Snap","floor":19},{"not_picked":["Leap","Turbo"],"picked":"Hologram","floor":20},{"not_picked":["Barrage","Sweeping Beam","Beam Cell"],"picked":"SKIP","floor":25},{"not_picked":["Compile Driver","Ball Lightning","Cold Snap"],"picked":"Singing Bowl","floor":27},{"not_picked":["Melter+1","Consume","Multi-Cast"],"picked":"Singing Bowl","floor":28},{"not_picked":["Compile Driver","Leap","Aggregate"],"picked":"Singing Bowl","floor":29}],"player_experience":1290455,"relics_obtained":[{"floor":6,"key":"DataDisk"},{"floor":9,"key":"Shuriken"},{"floor":10,"key":"Dodecahedron"},{"floor":12,"key":"Ancient Tea Set"},{"floor":14,"key":"Blood Vial"},{"floor":22,"key":"Cables"},{"floor":26,"key":"Singing Bowl"}],"event_choices":[{"damage_healed":0,"gold_gain":0,"player_choice":"Success","damage_taken":5,"relics_obtained":["Thread and Needle"],"max_hp_gain":0,"max_hp_loss":0,"event_name":"Scrap Ooze","floor":3,"gold_loss":0},{"cards_removed":["Strike_B"],"damage_healed":0,"gold_gain":0,"player_choice":"Card Removal","damage_taken":0,"max_hp_gain":0,"max_hp_loss":0,"event_name":"The Cleric","floor":13,"gold_loss":75},{"damage_healed":0,"gold_gain":0,"cards_transformed":["Strike_B","Strike_B"],"player_choice":"Became Test Subject","damage_taken":0,"max_hp_gain":0,"max_hp_loss":0,"event_name":"Drug Dealer","floor":21,"gold_loss":0,"cards_obtained":["Blizzard","Hologram"]},{"damage_healed":0,"gold_gain":0,"cards_transformed":["Strike_B"],"player_choice":"Transformed","damage_taken":0,"max_hp_gain":0,"max_hp_loss":0,"event_name":"Transmorgrifier","floor":24,"gold_loss":0,"cards_obtained":["BootSequence"]},{"damage_healed":0,"gold_gain":0,"player_choice":"Obtained Relic","damage_taken":0,"relics_obtained":["Turnip"],"max_hp_gain":0,"max_hp_loss":0,"event_name":"Addict","floor":30,"gold_loss":85}],"is_beta":false,"boss_relics":[{"not_picked":["Philosopher\u0027s Stone","Calling Bell"],"picked":"FrozenCore"}],"items_purged_floors":[],"is_endless":false,"potions_floor_spawned":[4,5,10,11,12,18,20,27,29],"killed_by":"Book of Stabbing","ascension_level":19}