{"gold_per_floor":[219,219,48,65,65,65,95,95,95,126,144,69,69,93,93,170,170,189,165,180,180,75,75,103,103,103,103,103],"floor_reached":28,"playtime":1008,"items_purged":["Strike_B"],"score":484,"play_id":"771e7feb-4c15-4997-baee-063a576c39bc","local_time":"20190516175220","is_ascension_mode":true,"campfire_choices":[{"data":"Melter","floor":6.0,"key":"SMITH"},{"floor":8.0,"key":"REST"},{"data":"Self Repair","floor":13.0,"key":"SMITH"},{"data":"Zap","floor":15.0,"key":"SMITH"},{"floor":23,"key":"REST"},{"data":"Capacitor","floor":25,"key":"SMITH"}],"neow_cost":"NONE","seed_source_timestamp":3914749715792411,"circlet_count":0,"master_deck":["AscendersBane","Strike_B","Strike_B","Strike_B","Defend_B","Defend_B","Defend_B","Defend_B","Zap+1","Dualcast","Rebound","Self Repair+1","Melter+1","Capacitor+1","Coolheaded","Cold Snap","Redo","Rainbow","Writhe","Static Discharge","Shame","Genetic Algorithm","Decay"],"special_seed":0,"relics":["Cracked Core","Omamori","Pear","Symbiotic Virus","DataDisk","Art of War","Calling Bell","Lantern","Molten Egg 2","WingedGreaves","Bronze Scales","Singing Bowl","Mummified Hand"],"potions_floor_usage":[19,24,24,24,24],"damage_taken":[{"damage":9.0,"enemies":"Jaw Worm","floor":1.0,"turns":4.0},{"damage":19.0,"enemies":"Small Slimes","floor":4.0,"turns":3.0},{"damage":32.0,"enemies":"Gremlin Nob","floor":7.0,"turns":4.0},{"damage":27.0,"enemies":"3 Sentries","floor":10.0,"turns":7.0},{"damage":0.0,"enemies":"2 Louse","floor":11.0,"turns":3.0},{"damage":32.0,"enemies":"Hexaghost","floor":16.0,"turns":9.0},{"damage":15.0,"enemies":"3 Byrds","floor":18.0,"turns":4.0},{"damage":18,"enemies":"2 Thieves","floor":19,"turns":4},{"damage":16,"enemies":"Snecko","floor":20,"turns":5},{"damage":39,"enemies":"Slavers","floor":24,"turns":4},{"damage":47,"enemies":"Gremlin Leader","floor":28,"turns":3}],"seed_played":"-6769753849560667651","potions_obtained":[{"floor":1.0,"key":"Swift Potion"},{"floor":10.0,"key":"Swift Potion"},{"floor":11.0,"key":"SpeedPotion"},{"floor":20,"key":"SkillPotion"}],"is_trial":false,"path_per_floor":["M","?","$","M","?","R","E","R","T","E","M","$","R","T","R","B",null,"M","M","M","?","$","R","E","R","T","?","E"],"character_chosen":"DEFECT","items_purchased":["Self Repair","Melter","EntropicBrew"],"campfire_rested":2,"item_purchase_floors":[3,3,22],"current_hp_per_floor":[55,50,50,38,38,38,23,47,47,27,34,34,34,34,34,12,64,49,41,35,35,35,59,42,42,42,42,0],"gold":103,"neow_bonus":"HUNDRED_GOLD","is_prod":false,"is_daily":false,"chose_seed":false,"campfire_upgraded":4,"win_rate":0,"timestamp":1558007540,"path_taken":["M","?","$","M","?","R","E","R","T","E","M","?","R","?","R","BOSS","M","M","M","?","$","R","E","R","T","?","E"],"build_version":"2019-01-23","purchased_purges":1,"victory":false,"max_hp_per_floor":[71,71,71,71,71,71,81,81,81,81,81,81,81,81,81,81,81,81,81,81,81,81,81,81,81,81,81,81],"card_choices":[{"not_picked":["Double Energy","Beam Cell"],"picked":"Rebound","floor":1.0},{"not_picked":["Barrage","Leap"],"picked":"Capacitor","floor":4.0},{"not_picked":["Storm","Recycle"],"picked":"Coolheaded","floor":7.0},{"not_picked":["Creative AI","Defragment"],"picked":"Cold Snap","floor":10.0},{"not_picked":["Barrage","Sweeping Beam"],"picked":"Redo","floor":11.0},{"not_picked":["Creative AI","Hyperbeam"],"picked":"Rainbow","floor":16.0},{"not_picked":["Beam Cell+1","Lockon+1","Conserve Battery"],"picked":"SKIP","floor":18.0},{"not_picked":["Cold Snap+1","Redo+1"],"picked":"Static Discharge","floor":19},{"not_picked":["Cold Snap+1","Stack","Melter+1"],"picked":"SKIP","floor":20},{"not_picked":["Fission","Reprogram+1"],"picked":"Genetic Algorithm","floor":24}],"player_experience":1356076,"relics_obtained":[{"floor":7.0,"key":"Pear"},{"floor":9.0,"key":"Symbiotic Virus"},{"floor":10.0,"key":"DataDisk"},{"floor":14.0,"key":"Art of War"},{"floor":17.0,"key":"Lantern"},{"floor":17.0,"key":"Molten Egg 2"},{"floor":17.0,"key":"WingedGreaves"},{"floor":24,"key":"Singing Bowl"},{"floor":26,"key":"Mummified Hand"}],"event_choices":[{"damage_healed":0.0,"max_hp_gain":0.0,"max_hp_loss":0.0,"gold_gain":0.0,"event_name":"Scrap Ooze","player_choice":"Success","floor":2.0,"gold_loss":0.0,"damage_taken":5.0,"relics_obtained":["Omamori"]},{"damage_healed":0.0,"max_hp_gain":0.0,"max_hp_loss":0.0,"gold_gain":0.0,"event_name":"Shining Light","player_choice":"Ignored","floor":5.0,"gold_loss":0.0,"damage_taken":0.0},{"damage_healed":0,"gold_gain":0,"player_choice":"Stole Relic","damage_taken":0,"relics_obtained":["Bronze Scales"],"max_hp_gain":0,"max_hp_loss":0,"event_name":"Addict","floor":21,"gold_loss":0,"cards_obtained":["Shame"]},{"damage_healed":0,"gold_gain":0,"player_choice":"Smashed Altar","damage_taken":0,"max_hp_gain":0,"max_hp_loss":0,"event_name":"Forgotten Altar","floor":27,"gold_loss":0,"cards_obtained":["Decay"]}],"is_beta":false,"boss_relics":[{"not_picked":["Nuclear Battery","Coffee Dripper"],"picked":"Calling Bell"}],"items_purged_floors":[12],"is_endless":false,"potions_floor_spawned":[1,10,11,16,20],"killed_by":"Gremlin Leader","ascension_level":20}