{"gold_per_floor":[112,122,122,122,197,197,223,256,335,368,385,410,420,438,438,537,537,548,548,473,41,41,41,72,89,112,143,181,193,234,259,271,387,399,427,450,462,487,499,546,574,619,631,659,686,215,20,35,35,35],"floor_reached":51,"playtime":2200,"items_purged":["Strike_B","Strike_B","Strike_B"],"score":1178,"play_id":"b371343e-0a44-40be-b6a0-6e5a0fcd61df","local_time":"20190526122258","is_ascension_mode":true,"campfire_choices":[{"data":"Consume","floor":6.0,"key":"SMITH"},{"floor":15,"key":"DIG"},{"floor":23,"key":"DIG"},{"floor":29,"key":"DIG"},{"floor":32,"key":"DIG"},{"floor":49,"key":"REST"}],"neow_cost":"NONE","seed_source_timestamp":0,"circlet_count":0,"master_deck":["Strike_B","Defend_B","Defend_B","Defend_B","Defend_B","Zap+1","Dualcast","Seek","Consume+1","Coolheaded","Capacitor","Defragment","Cold Snap","Reinforced Body","Genetic Algorithm","FTL","Electrodynamics","Coolheaded","Defragment","Darkness","Go for the Eyes+1","BootSequence+1","Gash","Go for the Eyes+1","Compile Driver","Sunder+1","Echo Form","Storm","Undo+1","Core Surge","Ball Lightning+1","Echo Form","BootSequence+1","Capacitor","Multi-Cast+1","Coolheaded+1","Defragment","Hologram+1","Blind+1","Turbo+1","White Noise+1","Coolheaded+1","Buffer"],"special_seed":0,"relics":["Cracked Core","Orichalcum","Darkstone Periapt","Bottled Flame","Shovel","Bag of Preparation","Lantern","Sozu","Calipers","Matryoshka","Shuriken","Bottled Tornado","Bottled Lightning","Dream Catcher","MawBank","Boot","Thread and Needle","Ancient Tea Set","Vajra","Velvet Choker","Centennial Puzzle","Toxic Egg 2","Mercury Hourglass","Letter Opener","Oddly Smooth Stone"],"potions_floor_usage":[16,16],"damage_taken":[{"damage":1.0,"enemies":"Cultist","floor":1.0,"turns":3.0},{"damage":0.0,"enemies":"Small Slimes","floor":2.0,"turns":2.0},{"damage":11.0,"enemies":"Gremlin Nob","floor":8.0,"turns":5.0},{"damage":10,"enemies":"3 Sentries","floor":10,"turns":6},{"damage":3,"enemies":"2 Louse","floor":11,"turns":2},{"damage":22,"enemies":"Gremlin Nob","floor":12,"turns":5},{"damage":0,"enemies":"Looter","floor":13,"turns":3},{"damage":5,"enemies":"Lots of Slimes","floor":14,"turns":5},{"damage":5,"enemies":"Hexaghost","floor":16,"turns":11},{"damage":4,"enemies":"Spheric Guardian","floor":18,"turns":4},{"damage":29,"enemies":"Slavers","floor":24,"turns":4},{"damage":0,"enemies":"3 Byrds","floor":25,"turns":2},{"damage":0,"enemies":"Cultist and Chosen","floor":27,"turns":4},{"damage":0,"enemies":"Gremlin Leader","floor":28,"turns":6},{"damage":0,"enemies":"Book of Stabbing","floor":30,"turns":5},{"damage":0,"enemies":"3 Cultists","floor":31,"turns":3},{"damage":0,"enemies":"Automaton","floor":33,"turns":9},{"damage":8,"enemies":"3 Darklings","floor":35,"turns":7},{"damage":2,"enemies":"3 Shapes","floor":36,"turns":3},{"damage":4,"enemies":"Jaw Worm Horde","floor":38,"turns":4},{"damage":13,"enemies":"Giant Head","floor":40,"turns":9},{"damage":1,"enemies":"Sphere and 2 Shapes","floor":41,"turns":5},{"damage":0,"enemies":"Reptomancer","floor":42,"turns":6},{"damage":0,"enemies":"Transient","floor":44,"turns":5},{"damage":0,"enemies":"4 Shapes","floor":45,"turns":4},{"damage":24,"enemies":"Writhing Mass","floor":48,"turns":7},{"damage":0,"enemies":"Time Eater","floor":50,"turns":14}],"seed_played":"-8626491289506771762","potions_obtained":[{"floor":8.0,"key":"SpeedPotion"},{"floor":12,"key":"Poison Potion"},{"floor":13,"key":"GamblersBrew"}],"is_trial":false,"path_per_floor":["M","M","?","?","?","R","T","E","T","E","M","E","M","M","R","B",null,"M","?","?","$","?","R","E","M","T","M","E","R","E","M","R","B",null,"M","M","?","M","?","E","M","E","T","M","M","$","$","M","R","B",null],"character_chosen":"DEFECT","items_purchased":["Defragment","Matryoshka","Darkness","Defragment","Hologram+1","Oddly Smooth Stone","Blind+1","Turbo+1","White Noise+1"],"campfire_rested":1,"item_purchase_floors":[21,21,21,46,46,46,46,46,47],"current_hp_per_floor":[74,74,74,74,63,63,63,52,52,42,39,17,17,12,12,7,75,71,77,77,77,77,77,48,48,48,48,48,48,48,48,48,48,81,73,71,71,67,67,54,53,53,53,53,53,53,53,29,53,53],"gold":35,"neow_bonus":"ONE_RANDOM_RARE_CARD","is_prod":false,"is_daily":false,"chose_seed":false,"campfire_upgraded":1,"win_rate":1,"timestamp":1558866178,"path_taken":["M","?","?","?","?","R","?","E","T","E","?","E","M","M","R","BOSS","M","?","?","$","?","R","E","M","T","?","E","R","E","M","R","BOSS","M","M","?","?","?","E","M","E","T","M","M","?","$","M","R","BOSS"],"build_version":"2019-01-23","purchased_purges":3,"victory":true,"max_hp_per_floor":[75,75,75,75,75,75,75,75,75,75,75,75,75,75,75,75,75,75,81,81,81,81,81,81,81,81,81,81,81,81,81,81,81,81,81,81,81,81,81,81,81,81,81,81,81,81,81,81,81,81],"card_choices":[{"not_picked":["Go for the Eyes","Storm"],"picked":"Consume","floor":1.0},{"not_picked":["Rebound","Go for the Eyes"],"picked":"Coolheaded","floor":2.0},{"not_picked":["Force Field","Ball Lightning"],"picked":"Capacitor","floor":8.0},{"not_picked":["Chill","Loop"],"picked":"Defragment","floor":10},{"not_picked":["Leap","Rebound"],"picked":"Cold Snap","floor":11},{"not_picked":["Chaos","Amplify"],"picked":"Reinforced Body","floor":12},{"not_picked":["Double Energy","Chaos"],"picked":"Genetic Algorithm","floor":13},{"not_picked":["Compile Driver","Aggregate"],"picked":"FTL","floor":14},{"not_picked":["Core Surge","Thunder Strike"],"picked":"Electrodynamics","floor":16},{"not_picked":["Beam Cell","Sweeping Beam+1"],"picked":"Coolheaded","floor":18},{"not_picked":["Melter","Rip and Tear"],"picked":"Go for the Eyes+1","floor":24},{"not_picked":["Steam","Sweeping Beam"],"picked":"BootSequence+1","floor":25},{"not_picked":["Scrape+1","Rebound"],"picked":"Gash","floor":27},{"not_picked":["Sweeping Beam","Genetic Algorithm+1"],"picked":"Go for the Eyes+1","floor":28},{"not_picked":["Coolheaded","Reboot"],"picked":"Compile Driver","floor":30},{"not_picked":["Melter+1","Aggregate"],"picked":"Sunder+1","floor":31},{"not_picked":["Meteor Strike","Biased Cognition"],"picked":"Echo Form","floor":33},{"not_picked":["Barrage","Turbo+1"],"picked":"Storm","floor":35},{"not_picked":["Cold Snap","Compile Driver+1"],"picked":"Undo+1","floor":36},{"not_picked":["Compile Driver","Recycle"],"picked":"Ball Lightning+1","floor":38},{"not_picked":["Blizzard+1","Streamline+1"],"picked":"BootSequence+1","floor":40},{"not_picked":["Streamline","Sweeping Beam+1"],"picked":"Capacitor","floor":41},{"not_picked":["Gash","Scrape+1"],"picked":"Multi-Cast","floor":42},{"not_picked":["Doom and Gloom","Gash","Sunder+1"],"picked":"SKIP","floor":44},{"not_picked":["Steam+1","Barrage"],"picked":"Coolheaded+1","floor":45},{"not_picked":["Turbo+1","Go for the Eyes+1"],"picked":"Coolheaded+1","floor":48},{"not_picked":["Undo+1","Stack+1"],"picked":"Buffer","floor":49}],"player_experience":17176,"relics_obtained":[{"floor":7.0,"key":"Orichalcum"},{"floor":8.0,"key":"Darkstone Periapt"},{"floor":9.0,"key":"Bottled Flame"},{"floor":10,"key":"Shovel"},{"floor":12,"key":"Bag of Preparation"},{"floor":15,"key":"Lantern"},{"floor":23,"key":"Bottled Tornado"},{"floor":24,"key":"Bottled Lightning"},{"floor":26,"key":"Dream Catcher"},{"floor":26,"key":"MawBank"},{"floor":28,"key":"Boot"},{"floor":29,"key":"Thread and Needle"},{"floor":30,"key":"Ancient Tea Set"},{"floor":32,"key":"Vajra"},{"floor":40,"key":"Centennial Puzzle"},{"floor":42,"key":"Toxic Egg 2"},{"floor":43,"key":"Mercury Hourglass"},{"floor":43,"key":"Letter Opener"}],"event_choices":[{"damage_healed":0.0,"max_hp_gain":0.0,"max_hp_loss":0.0,"gold_gain":0.0,"event_name":"Living Wall","player_choice":"Grow","floor":3.0,"gold_loss":0.0,"damage_taken":0.0,"cards_upgraded":["Zap"]},{"damage_healed":0.0,"max_hp_gain":0.0,"max_hp_loss":0.0,"gold_gain":0.0,"event_name":"Liars Game","player_choice":"Ignored","floor":4.0,"gold_loss":0.0,"damage_taken":0.0},{"damage_healed":0.0,"max_hp_gain":0.0,"max_hp_loss":0.0,"gold_gain":75.0,"event_name":"World of Goop","player_choice":"Gather Gold","floor":5.0,"gold_loss":0.0,"damage_taken":11.0},{"damage_healed":0,"gold_gain":0,"player_choice":"Stole Relic","damage_taken":0,"relics_obtained":["Calipers"],"max_hp_gain":0,"max_hp_loss":0,"event_name":"Addict","floor":19,"gold_loss":0,"cards_obtained":["Shame"]},{"cards_removed":["Shame"],"damage_healed":0,"gold_gain":0,"player_choice":"Gave Gold","damage_taken":0,"max_hp_gain":0,"max_hp_loss":0,"event_name":"Beggar","floor":20,"gold_loss":75},{"damage_healed":0,"gold_gain":0,"player_choice":"Gave Potion","damage_taken":0,"relics_obtained":["Shuriken"],"max_hp_gain":0,"max_hp_loss":0,"event_name":"WeMeetAgain","floor":22,"gold_loss":0},{"damage_healed":0,"gold_gain":0,"player_choice":"1 cards matched","damage_taken":0,"max_hp_gain":0,"max_hp_loss":0,"event_name":"Match and Keep!","floor":37,"gold_loss":0,"cards_obtained":["Core Surge"]},{"damage_healed":0,"gold_gain":0,"player_choice":"Copied","damage_taken":0,"max_hp_gain":0,"max_hp_loss":0,"event_name":"Duplicator","floor":39,"gold_loss":0,"cards_obtained":["Echo Form"]}],"is_beta":false,"boss_relics":[{"not_picked":["FrozenCore","Empty Cage"],"picked":"Sozu"},{"not_picked":["Cursed Key","Black Star"],"picked":"Velvet Choker"}],"items_purged_floors":[21,46,47],"is_endless":false,"potions_floor_spawned":[8,12,13,14,18,27,28,31,33,35,41,44,45,48],"ascension_level":2}