{"gold_per_floor":[116,126,70,87,98,127,138,167,220,220,8,19,19,38,38,117,117,131,231,241,274,285,285,285,1,1,13,23,23,52,52,52,130,130,147,147,166,66,66,94,112,212,239,239,461,461,480,491,491,491],"floor_reached":51,"playtime":3822,"items_purged":["Strike_B+1","Zap"],"score":1676,"play_id":"6a006a9c-5998-4a49-a261-ab2f3a8113b2","local_time":"20190506181811","is_ascension_mode":true,"campfire_choices":[{"floor":13.0,"key":"REST"},{"data":"Sunder","floor":15.0,"key":"SMITH"},{"floor":23.0,"key":"REST"},{"data":"Glacier","floor":29.0,"key":"SMITH"},{"data":"Hyperbeam","floor":32.0,"key":"SMITH"},{"data":"Meteor Strike","floor":46,"key":"SMITH"},{"data":"Sunder","floor":49,"key":"SMITH"}],"neow_cost":"NONE","seed_source_timestamp":3049485724583853,"circlet_count":0,"master_deck":["AscendersBane","Defend_B","Defend_B","Defend_B","Dualcast","Genetic Algorithm","Sunder+1","Meteor Strike+1","Sunder+1","Echo Form","Meteor Strike","Undo","Machine Learning","Compile Driver+1","Barrage+1","Consume+1","Reinforced Body","Hyperbeam+1","Glacier+1","Hologram","Meteor Strike","Meteor Strike","Reinforced Body","Sunder+1","Tempest"],"special_seed":0,"relics":["Snecko Eye","Whetstone","Bronze Scales","Centennial Puzzle","Sundial","DollysMirror","Astrolabe","Turnip","Gremlin Horn","Red Mask","Anchor","Pantograph","Lantern","Nuclear Battery","Singing Bowl","Cables","Du-Vu Doll","Strawberry"],"potions_floor_usage":[],"damage_taken":[{"damage":9.0,"enemies":"2 Louse","floor":1.0,"turns":3.0},{"damage":7.0,"enemies":"Cultist","floor":2.0,"turns":5.0},{"damage":7.0,"enemies":"Small Slimes","floor":4.0,"turns":3.0},{"damage":3.0,"enemies":"Blue Slaver","floor":5.0,"turns":2.0},{"damage":8.0,"enemies":"Gremlin Nob","floor":6.0,"turns":3.0},{"damage":3.0,"enemies":"3 Louse","floor":7.0,"turns":2.0},{"damage":0.0,"enemies":"3 Sentries","floor":8.0,"turns":2.0},{"damage":0.0,"enemies":"Exordium Thugs","floor":12.0,"turns":2.0},{"damage":0.0,"enemies":"Large Slime","floor":14.0,"turns":2.0},{"damage":0.0,"enemies":"Slime Boss","floor":16.0,"turns":3.0},{"damage":0.0,"enemies":"Shell Parasite","floor":18.0,"turns":3.0},{"damage":0.0,"enemies":"Colosseum Slavers","floor":19.0,"turns":2.0},{"damage":0.0,"enemies":"Colosseum Nobs","floor":19.0,"turns":5.0},{"damage":0.0,"enemies":"Spheric Guardian","floor":20.0,"turns":4.0},{"damage":6.0,"enemies":"Masked Bandits","floor":21.0,"turns":3.0},{"damage":19.0,"enemies":"Shelled Parasite and Fungi","floor":22.0,"turns":3.0},{"damage":0.0,"enemies":"Chosen and Byrds","floor":27.0,"turns":5.0},{"damage":0.0,"enemies":"Cultist and Chosen","floor":28.0,"turns":4.0},{"damage":0.0,"enemies":"Book of Stabbing","floor":30.0,"turns":3.0},{"damage":0,"enemies":"Collector","floor":33,"turns":7},{"damage":0,"enemies":"3 Darklings","floor":35,"turns":4},{"damage":0,"enemies":"3 Shapes","floor":37,"turns":2},{"damage":0,"enemies":"Reptomancer","floor":40,"turns":3},{"damage":1,"enemies":"Writhing Mass","floor":41,"turns":4},{"damage":0,"enemies":"Mind Bloom Boss Battle","floor":42,"turns":2},{"damage":0,"enemies":"3 Darklings","floor":47,"turns":2},{"damage":0,"enemies":"Jaw Worm Horde","floor":48,"turns":3},{"damage":10,"enemies":"Time Eater","floor":50,"turns":10}],"seed_played":"2346662849932285419","potions_obtained":[{"floor":1.0,"key":"Dexterity Potion"},{"floor":5.0,"key":"Explosive Potion"},{"floor":8.0,"key":"Explosive Potion"},{"floor":20.0,"key":"Fruit Juice"},{"floor":22.0,"key":"PowerPotion"},{"floor":28.0,"key":"Energy Potion"},{"floor":33,"key":"Ancient Potion"},{"floor":37,"key":"FairyPotion"},{"floor":48,"key":"FairyPotion"}],"is_trial":false,"path_per_floor":["M","M","$","M","M","E","M","E","T","?","$","M","R","M","R","B",null,"M","?","M","?","M","R","?","$","T","M","M","R","E","$","R","B",null,"M","?","M","$","T","E","M","?","T","?","?","R","M","M","R","B",null],"character_chosen":"DEFECT","items_purchased":["Energy Potion","DollysMirror","Glacier","Anchor"],"campfire_rested":2,"item_purchase_floors":[3,11,25,25],"current_hp_per_floor":[55,48,48,41,38,30,27,27,27,27,27,27,48,48,48,48,65,65,65,70,64,45,67,67,67,67,67,67,67,67,67,67,76,76,76,76,76,76,76,78,79,80,87,83,83,83,83,83,83,73],"gold":491,"neow_bonus":"BOSS_RELIC","is_prod":false,"is_daily":false,"chose_seed":false,"campfire_upgraded":5,"win_rate":0,"timestamp":1557145091,"path_taken":["M","M","$","M","M","E","M","E","T","?","$","M","R","M","R","BOSS","M","?","M","?","M","R","?","?","T","M","M","R","E","$","R","BOSS","M","?","M","$","?","E","M","?","T","?","?","R","?","M","R","BOSS"],"build_version":"2019-01-23","purchased_purges":2,"victory":true,"max_hp_per_floor":[71,71,71,71,71,71,71,71,71,71,71,71,71,71,71,71,71,71,71,76,76,76,76,76,76,76,76,76,76,76,76,76,76,76,76,76,76,76,76,78,80,80,87,83,83,83,83,83,83,83],"card_choices":[{"not_picked":["Cold Snap","Compile Driver"],"picked":"Genetic Algorithm","floor":1.0},{"not_picked":["Coolheaded","Hologram","Turbo"],"picked":"SKIP","floor":2.0},{"not_picked":["Rebound","FTL"],"picked":"Sunder","floor":4.0},{"not_picked":["Stack","Redo"],"picked":"Meteor Strike","floor":5.0},{"not_picked":["Heatsinks","Barrage"],"picked":"Sunder","floor":6.0},{"not_picked":["FTL","Go for the Eyes","Streamline"],"picked":"SKIP","floor":7.0},{"not_picked":["Melter","Darkness"],"picked":"Echo Form","floor":8.0},{"not_picked":["Reinforced Body","Coolheaded","Barrage"],"picked":"SKIP","floor":12.0},{"not_picked":["Recycle","Redo"],"picked":"Undo","floor":14.0},{"not_picked":["Echo Form","Thunder Strike"],"picked":"Machine Learning","floor":16.0},{"not_picked":["Sweeping Beam","Cold Snap","Auto Shields"],"picked":"SKIP","floor":18.0},{"not_picked":["Redo","Conserve Battery"],"picked":"Reinforced Body","floor":20.0},{"not_picked":["Redo","Steam"],"picked":"Hyperbeam","floor":21.0},{"not_picked":["Ball Lightning","Steam+1","Storm"],"picked":"SKIP","floor":22.0},{"not_picked":["Redo","Conserve Battery","Fusion+1"],"picked":"SKIP","floor":27.0},{"not_picked":["Conserve Battery","Gash"],"picked":"Hologram","floor":28.0},{"not_picked":["Stack","Rebound"],"picked":"Meteor Strike","floor":30.0},{"not_picked":["Machine Learning","Echo Form"],"picked":"Meteor Strike","floor":33},{"not_picked":["Skim","Conserve Battery","Chaos+1"],"picked":"SKIP","floor":35},{"not_picked":["Sweeping Beam+1","Barrage","FTL"],"picked":"SKIP","floor":37},{"not_picked":["Stack","Barrage","Lockon+1"],"picked":"Singing Bowl","floor":40},{"not_picked":["Double Energy","Gash+1","BootSequence"],"picked":"Singing Bowl","floor":41},{"not_picked":["Redo","Defragment"],"picked":"Reinforced Body","floor":42},{"not_picked":["Aggregate","Reprogram"],"picked":"Sunder","floor":47},{"not_picked":["Auto Shields+1","Recycle+1"],"picked":"Tempest","floor":48}],"player_experience":1302190,"relics_obtained":[{"floor":6.0,"key":"Whetstone"},{"floor":8.0,"key":"Bronze Scales"},{"floor":9.0,"key":"Centennial Puzzle"},{"floor":19.0,"key":"Turnip"},{"floor":19.0,"key":"Gremlin Horn"},{"floor":21.0,"key":"Red Mask"},{"floor":26.0,"key":"Pantograph"},{"floor":30.0,"key":"Lantern"},{"floor":39,"key":"Singing Bowl"},{"floor":40,"key":"Cables"},{"floor":42,"key":"Du-Vu Doll"},{"floor":43,"key":"Strawberry"}],"event_choices":[{"damage_healed":0.0,"max_hp_gain":0.0,"max_hp_loss":0.0,"gold_gain":0.0,"event_name":"WeMeetAgain","player_choice":"Gave Potion","floor":10.0,"gold_loss":0.0,"damage_taken":0.0,"relics_obtained":["Sundial"]},{"damage_healed":0.0,"max_hp_gain":0.0,"max_hp_loss":0.0,"gold_gain":0.0,"event_name":"Colosseum","player_choice":"Fight","floor":19.0,"gold_loss":0.0,"damage_taken":0.0},{"damage_healed":0.0,"max_hp_gain":0.0,"max_hp_loss":0.0,"gold_gain":0.0,"event_name":"Colosseum","player_choice":"Fought Nobs","floor":19.0,"gold_loss":0.0,"damage_taken":0.0},{"damage_healed":0.0,"max_hp_gain":0.0,"max_hp_loss":0.0,"gold_gain":0.0,"event_name":"Masked Bandits","player_choice":"Fought Bandits","floor":21.0,"gold_loss":0.0,"damage_taken":0.0},{"cards_removed":["Defend_B"],"damage_healed":0.0,"max_hp_gain":0.0,"max_hp_loss":0.0,"gold_gain":0.0,"event_name":"Back to Basics","player_choice":"Elegance","floor":24.0,"gold_loss":0.0,"damage_taken":0.0},{"damage_healed":0,"gold_gain":0,"player_choice":"Upgraded","damage_taken":0,"max_hp_gain":0,"max_hp_loss":0,"event_name":"Upgrade Shrine","floor":36,"gold_loss":0,"cards_upgraded":["Sunder"]},{"damage_healed":0,"gold_gain":0,"player_choice":"Fight","damage_taken":0,"max_hp_gain":0,"max_hp_loss":0,"event_name":"MindBloom","floor":42,"gold_loss":0},{"damage_healed":0,"gold_gain":0,"player_choice":"Max HP","damage_taken":0,"max_hp_gain":0,"max_hp_loss":4,"event_name":"Winding Halls","floor":44,"gold_loss":0},{"damage_healed":0,"gold_gain":222,"player_choice":"Wore Mask","damage_taken":0,"max_hp_gain":0,"max_hp_loss":0,"event_name":"Tomb of Lord Red Mask","floor":45,"gold_loss":0}],"is_beta":false,"boss_relics":[{"not_picked":["Runic Pyramid","Ectoplasm"],"picked":"Astrolabe"},{"not_picked":["Philosopher\u0027s Stone","Busted Crown"],"picked":"Nuclear Battery"}],"items_purged_floors":[25,38],"is_endless":false,"potions_floor_spawned":[1,5,6,8,19,20,22,28,33,37,47,48],"ascension_level":19}