{"gold_per_floor":[110,120,120,140,153,178,178,178,178,211,221,241,269,288,288,385,385,402,327,337,337,337,337,367,367,367,393,411,440,6,6,6,106,106,116,116,128,145,160,160,160],"floor_reached":41,"playtime":2127,"items_purged":["Strike_G+1"],"score":623,"play_id":"030fca0b-f472-41b7-8651-6eff63e568ea","local_time":"20190526233913","is_ascension_mode":true,"campfire_choices":[{"data":"Skewer","floor":7,"key":"SMITH"},{"floor":15,"key":"REST"},{"data":"Corpse Explosion","floor":23,"key":"SMITH"},{"floor":25,"key":"REST"},{"floor":32,"key":"REST"},{"floor":40,"key":"REST"}],"neow_cost":"NONE","seed_source_timestamp":92629333807000,"circlet_count":0,"master_deck":["Defend_G+1","Defend_G+1","Defend_G+1","Defend_G+1","Defend_G+1","Strike_G+1","Strike_G+1","Strike_G+1","Survivor","Neutralize+1","Quick Slash","Dagger Throw","Skewer+1","PiercingWail","PiercingWail","PiercingWail","Malaise","Backflip","Dagger Spray+1","Corpse Explosion+1","Well Laid Plans","Corpse Explosion","Envenom","Dagger Spray+1","Well Laid Plans+1","Predator+1","Noxious Fumes+1","Night Terror","Flying Knee+1","Mayhem+1","Bandage Up","Poisoned Stab+1","Parasite","Deadly Poison+1","Concentrate+1"],"relics":["Ring of the Snake","Art of War","Molten Egg 2","The Courier","Vajra","Velvet Choker","Shovel","Ornamental Fan","Happy Flower","Ancient Tea Set","Frozen Egg 2","Regal Pillow","Black Star"],"potions_floor_usage":[10,12,16,33,33,35,39,41,41],"damage_taken":[{"damage":0,"enemies":"2 Louse","floor":1,"turns":4},{"damage":0,"enemies":"Cultist","floor":2,"turns":3},{"damage":0,"enemies":"Jaw Worm","floor":4,"turns":3},{"damage":3,"enemies":"Blue Slaver","floor":5,"turns":6},{"damage":18,"enemies":"Gremlin Nob","floor":6,"turns":5},{"damage":20,"enemies":"Lagavulin","floor":10,"turns":10},{"damage":1,"enemies":"2 Fungi Beasts","floor":11,"turns":3},{"damage":7,"enemies":"Exordium Thugs","floor":12,"turns":8},{"damage":18,"enemies":"Gremlin Nob","floor":13,"turns":4},{"damage":1,"enemies":"Blue Slaver","floor":14,"turns":3},{"damage":26,"enemies":"Slime Boss","floor":16,"turns":12},{"damage":19,"enemies":"Spheric Guardian","floor":18,"turns":6},{"damage":6,"enemies":"Chosen","floor":20,"turns":5},{"damage":25,"enemies":"Book of Stabbing","floor":24,"turns":7},{"damage":8,"enemies":"Slavers","floor":27,"turns":3},{"damage":3,"enemies":"Snecko","floor":28,"turns":4},{"damage":0,"enemies":"Book of Stabbing","floor":29,"turns":6},{"damage":38,"enemies":"Champ","floor":33,"turns":11},{"damage":3,"enemies":"Orb Walker","floor":35,"turns":4},{"damage":43,"enemies":"3 Shapes","floor":37,"turns":5},{"damage":10,"enemies":"Writhing Mass","floor":38,"turns":6},{"damage":5,"enemies":"Jaw Worm Horde","floor":39,"turns":2},{"damage":81,"enemies":"Giant Head","floor":41,"turns":7}],"seed_played":"-2362653600196724912","potions_obtained":[{"floor":2,"key":"Ancient Potion"},{"floor":5,"key":"Regen Potion"},{"floor":6,"key":"Weak Potion"},{"floor":10,"key":"Strength Potion"},{"floor":24,"key":"GhostInAJar"},{"floor":28,"key":"SkillPotion"},{"floor":33,"key":"Poison Potion"},{"floor":38,"key":"SkillPotion"},{"floor":39,"key":"SteroidPotion"}],"is_trial":false,"path_per_floor":["M","M","?","M","M","E","R","?","T","E","M","M","E","M","R","B",null,"M","?","M","?","?","R","E","R","T","E","M","E","$","?","R","B",null,"M","?","M","M","M","R","E"],"character_chosen":"THE_SILENT","items_purchased":["Frozen Egg 2","Noxious Fumes+1","Regal Pillow"],"campfire_rested":4,"item_purchase_floors":[30,30,30],"current_hp_per_floor":[70,70,70,70,67,49,49,54,54,34,33,41,23,22,44,18,75,56,56,50,50,50,50,25,47,47,39,36,36,36,36,73,35,75,72,62,23,17,16,53,0],"gold":160,"neow_bonus":"UPGRADE_CARD","is_prod":false,"is_daily":false,"chose_seed":false,"campfire_upgraded":2,"win_rate":0,"timestamp":1558906753,"path_taken":["M","M","?","?","M","E","R","?","T","E","M","M","E","M","R","BOSS","M","?","M","?","?","R","E","R","T","E","?","E","$","?","R","BOSS","M","?","M","M","M","R","E"],"build_version":"2019-01-23","purchased_purges":1,"victory":false,"max_hp_per_floor":[70,70,70,70,70,70,70,75,75,75,75,75,75,75,75,75,75,75,75,75,75,75,75,75,75,75,75,75,75,75,75,75,75,75,75,75,75,75,75,75,75],"card_choices":[{"not_picked":["Acrobatics","Backflip"],"picked":"Quick Slash","floor":1},{"not_picked":["Acrobatics","Deflect"],"picked":"Dagger Throw","floor":2},{"not_picked":["Backflip","Poisoned Stab"],"picked":"PiercingWail","floor":4},{"not_picked":["Flying Knee","Reflex"],"picked":"PiercingWail","floor":5},{"not_picked":["Accuracy","Quick Slash"],"picked":"PiercingWail","floor":6},{"not_picked":["PiercingWail","Masterful Stab+1"],"picked":"Malaise","floor":10},{"not_picked":["Caltrops","Heel Hook+1"],"picked":"Backflip","floor":11},{"not_picked":["Quick Slash+1","Caltrops","Flying Knee+1"],"picked":"SKIP","floor":12},{"not_picked":["Prepared","Wraith Form v2"],"picked":"Dagger Spray+1","floor":13},{"not_picked":["Flying Knee+1","Dagger Throw+1","Backflip"],"picked":"SKIP","floor":14},{"not_picked":["Adrenaline","Venomology"],"picked":"Corpse Explosion","floor":16},{"not_picked":["Sucker Punch+1","Cloak And Dagger"],"picked":"Well Laid Plans","floor":18},{"not_picked":["Cloak And Dagger","Bane+1","Prepared"],"picked":"SKIP","floor":20},{"not_picked":["Prepared","All Out Attack+1"],"picked":"Envenom","floor":24},{"not_picked":["Masterful Stab+1","Accuracy"],"picked":"Dagger Spray+1","floor":27},{"not_picked":["Dagger Throw+1","Outmaneuver"],"picked":"Well Laid Plans+1","floor":28},{"not_picked":["Dagger Throw+1","Cloak And Dagger"],"picked":"Predator+1","floor":29},{"not_picked":["Corpse Explosion","Die Die Die+1"],"picked":"Night Terror","floor":33},{"not_picked":["Underhanded Strike+1","Predator+1"],"picked":"Flying Knee+1","floor":35},{"not_picked":["Thinking Ahead","Dark Shackles"],"picked":"Mayhem+1","floor":36},{"not_picked":["Finesse","Metamorphosis"],"picked":"Bandage Up","floor":36},{"not_picked":["Blade Dance","Endless Agony+1"],"picked":"Poisoned Stab+1","floor":37},{"not_picked":["Acrobatics","Backflip"],"picked":"Deadly Poison+1","floor":38},{"not_picked":["Acrobatics+1","Deflect+1"],"picked":"Concentrate+1","floor":39}],"player_experience":36909,"relics_obtained":[{"floor":6,"key":"Art of War"},{"floor":9,"key":"Molten Egg 2"},{"floor":10,"key":"The Courier"},{"floor":13,"key":"Vajra"},{"floor":24,"key":"Shovel"},{"floor":26,"key":"Ornamental Fan"},{"floor":27,"key":"Happy Flower"},{"floor":29,"key":"Ancient Tea Set"}],"event_choices":[{"damage_healed":0,"gold_gain":0,"player_choice":"1 cards matched","damage_taken":0,"max_hp_gain":0,"max_hp_loss":0,"event_name":"Match and Keep!","floor":3,"gold_loss":0,"cards_obtained":["Skewer"]},{"damage_healed":0,"gold_gain":0,"player_choice":"Donut","damage_taken":0,"max_hp_gain":5,"max_hp_loss":0,"event_name":"Big Fish","floor":8,"gold_loss":0},{"cards_removed":["Strike_G"],"damage_healed":0,"gold_gain":0,"player_choice":"Gave Gold","damage_taken":0,"max_hp_gain":0,"max_hp_loss":0,"event_name":"Beggar","floor":19,"gold_loss":75},{"damage_healed":0,"gold_gain":0,"player_choice":"Simplicity","damage_taken":0,"max_hp_gain":0,"max_hp_loss":0,"event_name":"Back to Basics","floor":21,"gold_loss":0,"cards_upgraded":["Defend_G","Defend_G","Defend_G","Defend_G","Defend_G","Strike_G","Strike_G","Strike_G","Strike_G"]},{"damage_healed":0,"gold_gain":0,"player_choice":"Copied","damage_taken":0,"max_hp_gain":0,"max_hp_loss":0,"event_name":"Duplicator","floor":22,"gold_loss":0,"cards_obtained":["Corpse Explosion"]},{"damage_healed":0,"gold_gain":0,"player_choice":"Ignored","damage_taken":0,"max_hp_gain":0,"max_hp_loss":0,"event_name":"Vampires","floor":31,"gold_loss":0},{"damage_healed":0,"gold_gain":0,"player_choice":"Memory 3","damage_taken":10,"max_hp_gain":0,"max_hp_loss":0,"event_name":"SensoryStone","floor":36,"gold_loss":0}],"is_beta":false,"boss_relics":[{"not_picked":["Busted Crown","Astrolabe"],"picked":"Velvet Choker"},{"not_picked":["Calling Bell","Orrery"],"picked":"Black Star"}],"items_purged_floors":[30],"is_endless":false,"potions_floor_spawned":[2,5,6,10,14,24,28,29,33,38,39],"killed_by":"Giant Head","ascension_level":4}