{"gold_per_floor":[113,2,2,22,38,368,368,468,492,508,508,528,14,27,27,98,98,65,65,82,97,117,151,151,151,151,151,177,197,16,16,16,16],"floor_reached":33,"playtime":2164,"items_purged":["Strike_G"],"score":527,"play_id":"46d39aa0-ec71-42b4-b550-9df0d7349311","local_time":"20190517145304","is_ascension_mode":true,"campfire_choices":[{"floor":7,"key":"REST"},{"floor":11,"key":"REST"},{"data":"Footwork","floor":15,"key":"SMITH"},{"floor":24,"key":"REST"},{"floor":27,"key":"REST"},{"floor":32,"key":"REST"}],"neow_cost":"TEN_PERCENT_HP_LOSS","seed_source_timestamp":3989545156313807,"circlet_count":0,"master_deck":["AscendersBane","Defend_G","Defend_G","Defend_G","Defend_G","Defend_G","Strike_G","Strike_G","Survivor","Neutralize","Footwork+1","Caltrops","Quick Slash","Noxious Fumes","Predator","Crippling Poison","Grand Finale","Acrobatics","Cloak And Dagger","PiercingWail","Adrenaline","Bouncing Flask","Crippling Poison","Catalyst","Backflip"],"special_seed":0,"relics":["Ring of the Snake","Anchor","Old Coin","PreservedInsect","Membership Card","Mango","Bag of Preparation","Boot","Nloth\u0027s Gift","The Courier","Darkstone Periapt","Meat on the Bone","Strawberry"],"potions_floor_usage":[18,21,23,33,33],"damage_taken":[{"damage":3.0,"enemies":"2 Louse","floor":1.0,"turns":3.0},{"damage":6.0,"enemies":"Cultist","floor":4.0,"turns":4.0},{"damage":7,"enemies":"Jaw Worm","floor":5,"turns":5},{"damage":30,"enemies":"Gremlin Nob","floor":6,"turns":5},{"damage":0,"enemies":"Red Slaver","floor":10,"turns":5},{"damage":14,"enemies":"Exordium Wildlife","floor":12,"turns":4},{"damage":0,"enemies":"3 Louse","floor":14,"turns":3},{"damage":28,"enemies":"The Guardian","floor":16,"turns":14},{"damage":5,"enemies":"2 Thieves","floor":18,"turns":5},{"damage":0,"enemies":"Chosen","floor":20,"turns":6},{"damage":15,"enemies":"Centurion and Healer","floor":21,"turns":9},{"damage":0,"enemies":"Chosen and Byrds","floor":22,"turns":4},{"damage":20,"enemies":"Slavers","floor":23,"turns":6},{"damage":40,"enemies":"Book of Stabbing","floor":28,"turns":8},{"damage":8,"enemies":"Shelled Parasite and Fungi","floor":29,"turns":6},{"damage":55,"enemies":"Collector","floor":33,"turns":5}],"seed_played":"1703809731596084094","potions_obtained":[{"floor":4.0,"key":"SpeedPotion"},{"floor":12,"key":"Energy Potion"},{"floor":18,"key":"Ancient Potion"},{"floor":28,"key":"Weak Potion"},{"floor":29,"key":"GamblersBrew"}],"is_trial":false,"path_per_floor":["M","$","?","M","M","E","R","?","T","M","R","M","$","M","R","B",null,"M","?","M","M","M","E","R","?","T","R","E","M","$","?","R","B"],"character_chosen":"THE_SILENT","items_purchased":["Noxious Fumes","Predator","Membership Card","Mango","Bag of Preparation","Fruit Juice","Meat on the Bone","Strawberry","Backflip"],"campfire_rested":5,"item_purchase_floors":[2,2,13,13,13,13,30,30,30],"current_hp_per_floor":[56,56,51,45,38,8,26,26,26,26,44,30,44,44,44,16,60,55,34,34,24,24,4,29,29,29,54,14,6,13,13,40,0],"gold":16,"neow_bonus":"TRANSFORM_TWO_CARDS","is_prod":false,"is_daily":false,"chose_seed":false,"campfire_upgraded":1,"win_rate":0,"timestamp":1558083184,"path_taken":["M","$","?","M","M","E","R","?","T","?","R","M","?","?","R","BOSS","M","?","M","M","M","E","R","?","T","R","E","?","$","?","R","BOSS"],"build_version":"2019-01-23","purchased_purges":1,"victory":false,"max_hp_per_floor":[60,60,60,60,60,60,60,60,60,60,60,60,74,74,74,74,74,74,79,79,84,84,84,84,84,84,84,84,84,91,91,91,91],"card_choices":[{"not_picked":["Flying Knee","Acrobatics"],"picked":"Quick Slash","floor":1.0},{"not_picked":["Distraction","Acrobatics","Quick Slash"],"picked":"SKIP","floor":4.0},{"not_picked":["Quick Slash","Caltrops"],"picked":"Crippling Poison","floor":5},{"not_picked":["Dagger Throw","Sucker Punch"],"picked":"Grand Finale","floor":6},{"not_picked":["Catalyst","Poisoned Stab"],"picked":"Acrobatics","floor":10},{"not_picked":["Bane","Setup"],"picked":"Cloak And Dagger","floor":12},{"not_picked":["Caltrops","Prepared"],"picked":"PiercingWail","floor":14},{"not_picked":["Unload","Venomology"],"picked":"Adrenaline","floor":16},{"not_picked":["Skewer","Dagger Throw","Poisoned Stab"],"picked":"SKIP","floor":18},{"not_picked":["Setup","Quick Slash"],"picked":"Bouncing Flask","floor":20},{"not_picked":["Outmaneuver","Blade Dance"],"picked":"Crippling Poison","floor":21},{"not_picked":["Dagger Spray","Accuracy","Dodge and Roll"],"picked":"SKIP","floor":22},{"not_picked":["Prepared","Glass Knife","Acrobatics"],"picked":"SKIP","floor":23},{"not_picked":["Flying Knee","Poisoned Stab","Underhanded Strike"],"picked":"SKIP","floor":28},{"not_picked":["Crippling Poison","Eviscerate"],"picked":"Catalyst","floor":29}],"player_experience":1367111,"relics_obtained":[{"floor":6,"key":"Old Coin"},{"floor":9,"key":"PreservedInsect"},{"floor":23,"key":"Boot"},{"floor":26,"key":"The Courier"},{"floor":28,"key":"Darkstone Periapt"}],"event_choices":[{"damage_healed":0.0,"max_hp_gain":0.0,"max_hp_loss":0.0,"gold_gain":0.0,"event_name":"Scrap Ooze","player_choice":"Success","floor":3.0,"gold_loss":0.0,"damage_taken":5.0,"relics_obtained":["Anchor"]},{"damage_healed":0,"gold_gain":100,"player_choice":"Gold","damage_taken":0,"max_hp_gain":0,"max_hp_loss":0,"event_name":"Wheel of Change","floor":8,"gold_loss":0},{"damage_healed":0,"gold_gain":0,"player_choice":"Shed Blood","damage_taken":26,"max_hp_gain":5,"max_hp_loss":0,"event_name":"Forgotten Altar","floor":19,"gold_loss":0},{"damage_healed":0,"gold_gain":0,"player_choice":"Traded Relic","damage_taken":0,"relics_obtained":["Nloth\u0027s Gift"],"max_hp_gain":0,"max_hp_loss":0,"event_name":"N\u0027loth","floor":25,"relics_lost":["Philosopher\u0027s Stone"],"gold_loss":0},{"damage_healed":0,"gold_gain":0,"player_choice":"Ignored","damage_taken":0,"max_hp_gain":0,"max_hp_loss":0,"event_name":"Vampires","floor":31,"gold_loss":0}],"is_beta":false,"boss_relics":[{"not_picked":["Fusion Hammer","Lizard Tail"],"picked":"Philosopher\u0027s Stone"}],"items_purged_floors":[13],"is_endless":false,"potions_floor_spawned":[4,12,14,18,28,29],"killed_by":"Collector","ascension_level":15}