{"gold_per_floor":[118,130,130,130,130,173,90,90,116,170,235,279,279,297,297,416,479,503,523,523,157,170,170,50,50,97,115,155,167,197,209,221,358,370,395,430,458,484,496,569,282,282,282,615,615,100,100,113,113,113],"floor_reached":51,"playtime":3386,"items_purged":[],"score":803,"play_id":"5b3334bb-3a27-498f-b7ec-e823bbac97ba","local_time":"20181126022830","daily_mods":["Draft","Diverse","Colorless Cards","Binary"],"is_ascension_mode":false,"campfire_choices":[{"data":"Armaments","floor":13.0,"key":"SMITH"},{"data":"Dodge and Roll","floor":15.0,"key":"SMITH"},{"data":"Chrysalis","floor":23.0,"key":"SMITH"},{"data":"Panacea","floor":25.0,"key":"SMITH"},{"data":"Self Repair","floor":29.0,"key":"SMITH"},{"data":"Corpse Explosion","floor":32.0,"key":"SMITH"},{"data":"Buffer","floor":42,"key":"SMITH"},{"data":"Self Repair","floor":47,"key":"SMITH"},{"floor":49,"key":"REST"}],"neow_cost":"","seed_source_timestamp":0,"circlet_count":0,"master_deck":["Dodge and Roll+1","Underhanded Strike","Backstab","Crippling Poison","Leap","Armaments+1","Dodge and Roll","Bane","Headbutt","Well Laid Plans","Deadly Poison","Backflip","Clothesline","Steam","Compile Driver","Combust","Finesse+1","Sweeping Beam","Battle Trance","Havoc","Tools of the Trade","Iron Wave","Dagger Spray","Immolate","Chrysalis+1","Backflip","Capacitor","Self Repair+1","Panacea+1","Terror+1","Corpse Explosion+1","Buffer+1","Pommel Strike+1","Caltrops+1","Dramatic Entrance+1","Mayhem","Self Repair+1"],"special_seed":0,"relics":["Ring of the Snake","Tough Bandages","Mummified Hand","Lantern","Bag of Marbles","Happy Flower","Sundial","Tiny House","Molten Egg 2","Dream Catcher","MawBank","Lizard Tail","Gremlin Horn","Bird Faced Urn","Du-Vu Doll","Singing Bowl"],"potions_floor_usage":[35,38,38,40,50],"damage_taken":[{"damage":0.0,"enemies":"Jaw Worm","floor":1.0,"turns":3.0},{"damage":6.0,"enemies":"2 Louse","floor":2.0,"turns":2.0},{"damage":3.0,"enemies":"Lagavulin","floor":6.0,"turns":7.0},{"damage":12.0,"enemies":"Lagavulin Event","floor":11.0,"turns":4.0},{"damage":0.0,"enemies":"Gremlin Nob","floor":12.0,"turns":2.0},{"damage":0.0,"enemies":"Small Slimes","floor":14.0,"turns":1.0},{"damage":8.0,"enemies":"The Guardian","floor":16.0,"turns":8.0},{"damage":2.0,"enemies":"2 Thieves","floor":18.0,"turns":3.0},{"damage":13.0,"enemies":"Spheric Guardian","floor":19.0,"turns":4.0},{"damage":0.0,"enemies":"Cultist and Chosen","floor":22.0,"turns":5.0},{"damage":0.0,"enemies":"Centurion and Healer","floor":27.0,"turns":4.0},{"damage":21.0,"enemies":"Book of Stabbing","floor":28.0,"turns":5.0},{"damage":0.0,"enemies":"Snake Plant","floor":30.0,"turns":2.0},{"damage":0.0,"enemies":"3 Cultists","floor":31.0,"turns":1.0},{"damage":9.0,"enemies":"Collector","floor":33.0,"turns":8.0},{"damage":8,"enemies":"3 Darklings","floor":35,"turns":4},{"damage":2,"enemies":"3 Shapes","floor":36,"turns":4},{"damage":26,"enemies":"3 Darklings","floor":37,"turns":4},{"damage":20,"enemies":"4 Shapes","floor":38,"turns":3},{"damage":37,"enemies":"Reptomancer","floor":40,"turns":4},{"damage":8,"enemies":"Jaw Worm Horde","floor":48,"turns":4},{"damage":102,"enemies":"Donu and Deca","floor":50,"turns":9}],"seed_played":"-3737581492425344102","potions_obtained":[{"floor":1.0,"key":"GamblersBrew"},{"floor":12.0,"key":"Dexterity Potion"},{"floor":14.0,"key":"SpeedPotion"},{"floor":17.0,"key":"SneckoOil"},{"floor":18.0,"key":"Energy Potion"},{"floor":28.0,"key":"SmokeBomb"},{"floor":33.0,"key":"Swift Potion"},{"floor":37,"key":"Energy Potion"},{"floor":40,"key":"LiquidBronze"}],"is_trial":true,"path_per_floor":["M","M","?","?","$","E","$","?","T","T","?","E","R","M","R","B",null,"M","M","?","$","M","R","$","R","T","M","E","R","M","M","R","B",null,"M","M","M","M","?","E","$","R","T","?","?","$","R","M","R","B",null],"character_chosen":"THE_SILENT","items_purchased":["Finesse","Molten Egg 2","Backflip","Capacitor","Self Repair","Panacea","Bird Faced Urn","Mayhem","Singing Bowl","Self Repair"],"campfire_rested":1,"item_purchase_floors":[7,21,21,21,24,24,41,46,46,46],"current_hp_per_floor":[70,64,47,47,47,44,44,32,32,32,20,20,20,20,20,12,75,73,60,60,60,60,60,60,60,60,67,53,53,53,53,53,54,75,67,75,59,49,49,22,22,22,22,22,22,22,22,36,61,47],"gold":113,"neow_bonus":"","is_prod":false,"is_daily":false,"chose_seed":false,"campfire_upgraded":8,"win_rate":0,"timestamp":1543199310,"path_taken":["M","M","?","?","$","E","$","?","T","?","?","E","R","M","R","BOSS","M","M","?","$","M","R","$","R","T","M","E","R","M","M","R","BOSS","M","M","M","M","?","E","$","R","T","?","?","$","R","M","R","BOSS"],"build_version":"2018-11-15","purchased_purges":0,"victory":true,"max_hp_per_floor":[70,70,70,70,70,70,70,70,70,70,70,70,70,70,70,70,75,75,75,75,75,75,75,75,75,75,75,75,75,75,75,75,75,75,75,75,75,75,75,75,75,75,75,75,75,75,75,77,79,79],"card_choices":[{"not_picked":["Blood for Blood","Go for the Eyes"],"picked":"Dodge and Roll","floor":0.0},{"not_picked":["Impatience","Blood for Blood"],"picked":"Underhanded Strike","floor":0.0},{"not_picked":["Headbutt","Deadly Poison"],"picked":"Backstab","floor":0.0},{"not_picked":["Defragment","Sucker Punch"],"picked":"Crippling Poison","floor":0.0},{"not_picked":["Acrobatics","Anger"],"picked":"Leap","floor":0.0},{"not_picked":["Auto Shields","Clash"],"picked":"Armaments","floor":0.0},{"not_picked":["Steam","Compile Driver"],"picked":"Dodge and Roll","floor":0.0},{"not_picked":["Calculated Gamble","Heavy Blade"],"picked":"Bane","floor":0.0},{"not_picked":["Lockon","True Grit"],"picked":"Headbutt","floor":0.0},{"not_picked":["Wild Strike","Heel Hook"],"picked":"Deep Breath","floor":0.0},{"not_picked":["PiercingWail","Reprogram"],"picked":"Well Laid Plans","floor":0.0},{"not_picked":["Clash","Dual Wield"],"picked":"Deadly Poison","floor":0.0},{"not_picked":["Clothesline","Wild Strike"],"picked":"Backflip","floor":0.0},{"not_picked":["Skim","Steam"],"picked":"Clothesline","floor":0.0},{"not_picked":["Dagger Spray","Headbutt"],"picked":"Steam","floor":0.0},{"not_picked":["Clash"],"picked":"Compile Driver","floor":1.0},{"not_picked":["Deadly Poison"],"picked":"Combust","floor":2.0},{"not_picked":["Sucker Punch"],"picked":"Streamline","floor":6.0},{"not_picked":["Beam Cell"],"picked":"Sweeping Beam","floor":11.0},{"not_picked":["Static Discharge"],"picked":"Battle Trance","floor":12.0},{"not_picked":["Go for the Eyes"],"picked":"Havoc","floor":14.0},{"not_picked":["Core Surge"],"picked":"Tools of the Trade","floor":16.0},{"not_picked":["Pommel Strike"],"picked":"Iron Wave","floor":17.0},{"not_picked":["Entrench"],"picked":"Dagger Spray","floor":18.0},{"not_picked":["True Grit","Pummel"],"picked":"SKIP","floor":19.0},{"not_picked":["Entrench","PiercingWail+1"],"picked":"SKIP","floor":22.0},{"not_picked":["Armaments"],"picked":"Terror+1","floor":27.0},{"not_picked":["Dodge and Roll","Stack"],"picked":"SKIP","floor":28.0},{"not_picked":["Pummel+1"],"picked":"Corpse Explosion","floor":30.0},{"not_picked":["Thinking Ahead"],"picked":"Buffer","floor":33.0},{"not_picked":["Prepared"],"picked":"Pommel Strike+1","floor":35},{"not_picked":["Blood for Blood+1","Beam Cell+1"],"picked":"SKIP","floor":36},{"not_picked":["Predator+1"],"picked":"Caltrops+1","floor":37},{"not_picked":["Iron Wave+1","Backflip+1"],"picked":"SKIP","floor":38},{"not_picked":["Sever Soul+1","Sweeping Beam+1"],"picked":"SKIP","floor":40},{"not_picked":["Panacea"],"picked":"Dramatic Entrance+1","floor":45},{"not_picked":["Iron Wave+1","Steam+1"],"picked":"Singing Bowl","floor":48},{"not_picked":["Thunderclap+1","Offering"],"picked":"Singing Bowl","floor":49}],"player_experience":643520,"relics_obtained":[{"floor":6.0,"key":"Tough Bandages"},{"floor":9.0,"key":"Lantern"},{"floor":10.0,"key":"Bag of Marbles"},{"floor":11.0,"key":"Happy Flower"},{"floor":12.0,"key":"Sundial"},{"floor":26.0,"key":"Dream Catcher"},{"floor":28.0,"key":"MawBank"},{"floor":40,"key":"Gremlin Horn"},{"floor":43,"key":"Du-Vu Doll"}],"event_choices":[{"damage_healed":0.0,"max_hp_gain":0.0,"max_hp_loss":0.0,"gold_gain":0.0,"event_name":"Golden Idol","player_choice":"Take Damage","floor":3.0,"gold_loss":0.0,"damage_taken":17.0,"relics_obtained":["Golden Idol"]},{"damage_healed":0.0,"max_hp_gain":0.0,"max_hp_loss":0.0,"gold_gain":0.0,"event_name":"Liars Game","player_choice":"Ignored","floor":4.0,"gold_loss":0.0,"damage_taken":0.0},{"damage_healed":0.0,"max_hp_gain":0.0,"max_hp_loss":0.0,"gold_gain":0.0,"event_name":"Scrap Ooze","player_choice":"Success","floor":8.0,"gold_loss":0.0,"damage_taken":12.0,"relics_obtained":["Mummified Hand"]},{"damage_healed":0.0,"max_hp_gain":0.0,"max_hp_loss":0.0,"gold_gain":30.0,"event_name":"Dead Adventurer","player_choice":"Searched \u00272\u0027 times","floor":11.0,"gold_loss":0.0,"damage_taken":0.0},{"damage_healed":0.0,"max_hp_gain":0.0,"max_hp_loss":0.0,"gold_gain":0.0,"cards_transformed":["Streamline","Deep Breath"],"event_name":"Drug Dealer","player_choice":"Became Test Subject","floor":20.0,"gold_loss":0.0,"damage_taken":0.0,"cards_obtained":["Immolate","Chrysalis"]},{"damage_healed":0,"gold_gain":0,"player_choice":"Ignored","damage_taken":0,"max_hp_gain":0,"max_hp_loss":0,"event_name":"Mysterious Sphere","floor":39,"gold_loss":0},{"damage_healed":0,"gold_gain":333,"player_choice":"Gave Idol","damage_taken":0,"max_hp_gain":0,"max_hp_loss":0,"event_name":"The Moai Head","floor":44,"relics_lost":["Golden Idol"],"gold_loss":0},{"damage_healed":0,"gold_gain":0,"player_choice":"Memory 1","damage_taken":0,"max_hp_gain":0,"max_hp_loss":0,"event_name":"SensoryStone","floor":45,"gold_loss":0}],"is_beta":false,"boss_relics":[{"not_picked":["Coffee Dripper","Astrolabe"],"picked":"Tiny House"},{"not_picked":["Calling Bell","Black Star"],"picked":"Lizard Tail"}],"items_purged_floors":[],"is_endless":false,"potions_floor_spawned":[1,12,14,18,28,33,37,40],"ascension_level":0}