{"gold_per_floor":[117,130,130,130,150,150,184,184,184,217,227,34,47,65,65,168,168,182,200,217,217,20,20,52,75,129,158,5,20,20,30,30,135,135,155,80,96,96,96,96],"floor_reached":40,"playtime":1788,"items_purged":["Strike_B"],"score":679,"play_id":"dde213e7-203f-4b8f-818b-ec925ab20e57","local_time":"20190520220351","is_ascension_mode":true,"campfire_choices":[{"floor":6.0,"key":"REST"},{"floor":8.0,"key":"REST"},{"floor":15.0,"key":"REST"},{"floor":23,"key":"REST"},{"floor":30,"key":"REST"},{"data":"Defragment","floor":32,"key":"SMITH"}],"neow_cost":"PERCENT_DAMAGE","seed_source_timestamp":775257248149744,"circlet_count":0,"master_deck":["AscendersBane","Strike_B","Strike_B","Strike_B","Defend_B","Defend_B","Defend_B","Defend_B","Zap+1","Dualcast","Leap+1","Ball Lightning","Go for the Eyes","Defragment+1","Melter+1","Rebound+1","Chaos","Cold Snap+1","Reboot","Cold Snap+1","Cold Snap+1","Electrodynamics","Static Discharge","Leap+1","Static Discharge+1","Hologram+1","Steam","Rainbow","Cold Snap+1","Decay","Apotheosis"],"special_seed":0,"relics":["FrozenCore","StoneCalendar","Molten Egg 2","Bag of Preparation","Ornamental Fan","Runic Capacitor","Black Star","Art of War","Orichalcum","Bronze Scales","Juzu Bracelet","DataDisk","Strawberry","Sundial","Regal Pillow"],"potions_floor_usage":[24,24,27,33,40],"damage_taken":[{"damage":18.0,"enemies":"Small Slimes","floor":1.0,"turns":4.0},{"damage":9.0,"enemies":"Jaw Worm","floor":2.0,"turns":4.0},{"damage":1.0,"enemies":"Cultist","floor":5.0,"turns":3.0},{"damage":30.0,"enemies":"3 Sentries","floor":7.0,"turns":7.0},{"damage":14.0,"enemies":"Gremlin Nob","floor":10.0,"turns":4.0},{"damage":0.0,"enemies":"Lots of Slimes","floor":11.0,"turns":2.0},{"damage":0.0,"enemies":"Blue Slaver","floor":13.0,"turns":2.0},{"damage":9.0,"enemies":"Exordium Wildlife","floor":14.0,"turns":4.0},{"damage":8.0,"enemies":"Slime Boss","floor":16.0,"turns":7.0},{"damage":4,"enemies":"Chosen","floor":18,"turns":4},{"damage":5,"enemies":"Shell Parasite","floor":19,"turns":5},{"damage":30,"enemies":"Snake Plant","floor":20,"turns":6},{"damage":37,"enemies":"Slavers","floor":24,"turns":5},{"damage":10,"enemies":"Book of Stabbing","floor":27,"turns":5},{"damage":0,"enemies":"Centurion and Healer","floor":29,"turns":5},{"damage":5,"enemies":"Snecko","floor":31,"turns":4},{"damage":37,"enemies":"Automaton","floor":33,"turns":9},{"damage":0,"enemies":"3 Shapes","floor":35,"turns":3},{"damage":5,"enemies":"3 Darklings","floor":37,"turns":4},{"damage":66,"enemies":"Giant Head","floor":40,"turns":7}],"seed_played":"-904359332936749870","potions_obtained":[{"floor":1.0,"key":"SteroidPotion"},{"floor":10.0,"key":"SkillPotion"},{"floor":13.0,"key":"PowerPotion"},{"floor":14.0,"key":"Explosive Potion"},{"floor":18,"key":"Dexterity Potion"},{"floor":20,"key":"Swift Potion"},{"floor":29,"key":"SpeedPotion"},{"floor":31,"key":"Block Potion"},{"floor":33,"key":"EssenceOfSteel"}],"is_trial":false,"path_per_floor":["M","M","?","?","M","R","E","R","T","E","M","$","M","M","R","B",null,"M","M","M","?","$","R","E","T","T","E","$","M","R","M","R","B",null,"M","$","M","?","?","E"],"character_chosen":"DEFECT","items_purchased":["Runic Capacitor","Art of War","Static Discharge","Regal Pillow"],"campfire_rested":5,"item_purchase_floors":[12,22,22,28],"current_hp_per_floor":[32,23,23,23,22,44,14,36,36,22,22,22,22,13,35,27,63,59,54,24,49,49,71,34,34,34,31,31,31,70,65,65,28,69,69,69,64,64,64,0],"gold":96,"neow_bonus":"ONE_RARE_RELIC","is_prod":false,"is_daily":false,"chose_seed":false,"campfire_upgraded":1,"win_rate":0,"timestamp":1558404231,"path_taken":["M","M","?","?","M","R","E","R","T","E","M","$","?","M","R","BOSS","M","M","?","?","$","R","E","?","T","E","$","M","R","M","R","BOSS","M","$","M","?","?","E"],"build_version":"2019-01-23","purchased_purges":1,"victory":false,"max_hp_per_floor":[75,75,75,75,75,75,75,75,75,75,75,75,75,75,75,75,75,75,75,75,75,75,75,75,75,75,82,82,82,82,82,82,82,82,82,82,82,82,82,82],"card_choices":[{"not_picked":["Recycle","Conserve Battery"],"picked":"Leap","floor":1.0},{"not_picked":["Darkness","Chaos"],"picked":"Ball Lightning","floor":2.0},{"not_picked":["Consume","Loop"],"picked":"Go for the Eyes","floor":5.0},{"not_picked":["Aggregate","Blizzard"],"picked":"Defragment","floor":7.0},{"not_picked":["Storm","Leap"],"picked":"Melter+1","floor":10.0},{"not_picked":["Redo","Gash+1"],"picked":"Rebound+1","floor":11.0},{"not_picked":["Scrape+1","Go for the Eyes+1"],"picked":"Chaos","floor":13.0},{"not_picked":["Redo","Fusion"],"picked":"Cold Snap+1","floor":14.0},{"not_picked":["Thunder Strike+1","Meteor Strike+1"],"picked":"Reboot","floor":16.0},{"not_picked":["Barrage+1","Lockon+1"],"picked":"Cold Snap+1","floor":18},{"not_picked":["Sweeping Beam+1","Gash+1"],"picked":"Cold Snap+1","floor":19},{"not_picked":["Chaos","Sweeping Beam+1"],"picked":"Electrodynamics","floor":20},{"not_picked":["Turbo","Machine Learning"],"picked":"Leap+1","floor":24},{"not_picked":["Go for the Eyes+1","Tempest+1"],"picked":"Static Discharge+1","floor":27},{"not_picked":["Double Energy","Static Discharge"],"picked":"Hologram+1","floor":29},{"not_picked":["Streamline+1","Go for the Eyes+1"],"picked":"Steam","floor":31},{"not_picked":["Hyperbeam+1","Seek"],"picked":"Rainbow","floor":33},{"not_picked":["Redo","Barrage+1"],"picked":"Cold Snap+1","floor":35},{"not_picked":["Lockon+1","Heatsinks","Tempest+1"],"picked":"SKIP","floor":37},{"not_picked":["PanicButton","Good Instincts"],"picked":"Apotheosis","floor":39}],"player_experience":513118,"relics_obtained":[{"floor":7.0,"key":"Molten Egg 2"},{"floor":9.0,"key":"Bag of Preparation"},{"floor":10.0,"key":"Ornamental Fan"},{"floor":24,"key":"Orichalcum"},{"floor":24,"key":"Bronze Scales"},{"floor":25,"key":"Juzu Bracelet"},{"floor":26,"key":"DataDisk"},{"floor":27,"key":"Strawberry"},{"floor":27,"key":"Sundial"}],"event_choices":[{"damage_healed":0.0,"max_hp_gain":0.0,"max_hp_loss":0.0,"gold_gain":0.0,"event_name":"Living Wall","player_choice":"Grow","floor":3.0,"gold_loss":0.0,"damage_taken":0.0,"cards_upgraded":["Zap"]},{"damage_healed":0.0,"max_hp_gain":0.0,"max_hp_loss":0.0,"gold_gain":0.0,"event_name":"Accursed Blacksmith","player_choice":"Forge","floor":4.0,"gold_loss":0.0,"damage_taken":0.0,"cards_upgraded":["Leap"]},{"damage_healed":25,"gold_gain":0,"player_choice":"Heal","damage_taken":0,"max_hp_gain":0,"max_hp_loss":0,"event_name":"The Library","floor":21,"gold_loss":0},{"damage_healed":0,"gold_gain":0,"player_choice":"Cursed","damage_taken":0,"max_hp_gain":0,"max_hp_loss":0,"event_name":"Wheel of Change","floor":38,"gold_loss":0,"cards_obtained":["Decay"]},{"damage_healed":0,"gold_gain":0,"player_choice":"Memory 1","damage_taken":0,"max_hp_gain":0,"max_hp_loss":0,"event_name":"SensoryStone","floor":39,"gold_loss":0}],"is_beta":false,"boss_relics":[{"not_picked":["Snecko Eye","Empty Cage"],"picked":"Black Star"},{"not_picked":["Velvet Choker","Calling Bell"],"picked":"FrozenCore"}],"items_purged_floors":[36],"is_endless":false,"potions_floor_spawned":[1,10,13,14,18,20,29,31,33],"killed_by":"Giant Head","ascension_level":10}