{"gold_per_floor":[111,126,137,148,160,176,194,221,221,249,263,263,213,243,243,344,344,362,362,362,376,396,396,429,475,775,775,775,793,703,728,728,826,876,889,989,989,1003,1018,1018,1028,1028,1078,1100,1122,1134,202,217,217,217],"floor_reached":51,"playtime":4528,"items_purged":["Strike_G"],"score":1070,"play_id":"fe799bf9-f6f7-44b3-845b-fbd94d49dd71","local_time":"20190508152749","is_ascension_mode":true,"campfire_choices":[{"floor":12.0,"key":"REST"},{"data":"Wraith Form v2","floor":15.0,"key":"SMITH"},{"data":"Backstab","floor":23.0,"key":"SMITH"},{"floor":27.0,"key":"REST"},{"floor":32.0,"key":"REST"},{"floor":40.0,"key":"REST"},{"data":"1","floor":42.0,"key":"LIFT"},{"data":"2","floor":46.0,"key":"LIFT"},{"floor":49.0,"key":"REST"}],"neow_cost":"NONE","seed_source_timestamp":3210897875510078,"circlet_count":0,"master_deck":["AscendersBane","Defend_G","Defend_G+1","Defend_G","Defend_G","Defend_G","Strike_G","Strike_G","Survivor","Neutralize","Backstab+1","Deadly Poison","Deadly Poison","Skewer","Predator","Dagger Throw","Riddle With Holes","Wraith Form v2+1","Noxious Fumes","Die Die Die","PiercingWail+1","Writhe","Riddle With Holes","Terror","Acrobatics+1","Necronomicurse","Noxious Fumes","Catalyst","Burst","Blur+1","Purity","PiercingWail+1","Dash+1","Corpse Explosion","Apotheosis","Leg Sweep"],"special_seed":0,"relics":["White Beast Statue","Ancient Tea Set","Bag of Marbles","PreservedInsect","Regal Pillow","Snecko Eye","Bronze Scales","Red Mask","Juzu Bracelet","Old Coin","Necronomicon","Lantern","Tiny House","Girya","MawBank","Mummified Hand","HandDrill"],"potions_floor_usage":[50,50],"damage_taken":[{"damage":0.0,"enemies":"Cultist","floor":1.0,"turns":4.0},{"damage":0.0,"enemies":"2 Louse","floor":2.0,"turns":4.0},{"damage":2.0,"enemies":"Jaw Worm","floor":3.0,"turns":2.0},{"damage":1.0,"enemies":"Blue Slaver","floor":4.0,"turns":3.0},{"damage":0.0,"enemies":"3 Louse","floor":5.0,"turns":4.0},{"damage":9.0,"enemies":"Looter","floor":6.0,"turns":3.0},{"damage":8.0,"enemies":"Blue Slaver","floor":7.0,"turns":4.0},{"damage":11.0,"enemies":"Gremlin Nob","floor":10.0,"turns":4.0},{"damage":0.0,"enemies":"3 Louse","floor":11.0,"turns":2.0},{"damage":10.0,"enemies":"Lagavulin","floor":14.0,"turns":3.0},{"damage":33.0,"enemies":"Slime Boss","floor":16.0,"turns":12.0},{"damage":0.0,"enemies":"Shell Parasite","floor":18.0,"turns":3.0},{"damage":2.0,"enemies":"3 Byrds","floor":21.0,"turns":3.0},{"damage":3.0,"enemies":"Snecko","floor":22.0,"turns":3.0},{"damage":1.0,"enemies":"Masked Bandits","floor":24.0,"turns":4.0},{"damage":8.0,"enemies":"Centurion and Healer","floor":29.0,"turns":4.0},{"damage":6.0,"enemies":"Slavers","floor":31.0,"turns":3.0},{"damage":69.0,"enemies":"Automaton","floor":33.0,"turns":7.0},{"damage":3.0,"enemies":"Orb Walker","floor":35.0,"turns":3.0},{"damage":16.0,"enemies":"Mind Bloom Boss Battle","floor":36.0,"turns":7.0},{"damage":0.0,"enemies":"3 Shapes","floor":38.0,"turns":5.0},{"damage":0.0,"enemies":"Jaw Worm Horde","floor":39.0,"turns":4.0},{"damage":11.0,"enemies":"Spire Growth","floor":41.0,"turns":4.0},{"damage":2.0,"enemies":"4 Shapes","floor":44.0,"turns":7.0},{"damage":0.0,"enemies":"Maw","floor":45.0,"turns":5.0},{"damage":6.0,"enemies":"Writhing Mass","floor":48.0,"turns":5.0},{"damage":65,"enemies":"Time Eater","floor":50,"turns":12}],"seed_played":"-8876265859737664448","potions_obtained":[{"floor":1.0,"key":"Dexterity Potion"},{"floor":2.0,"key":"Dexterity Potion"},{"floor":3.0,"key":"AttackPotion"},{"floor":4.0,"key":"PowerPotion"},{"floor":5.0,"key":"SneckoOil"},{"floor":6.0,"key":"Fire Potion"},{"floor":7.0,"key":"Block Potion"},{"floor":10.0,"key":"Weak Potion"},{"floor":14.0,"key":"GamblersBrew"},{"floor":16.0,"key":"EssenceOfSteel"},{"floor":18.0,"key":"Strength Potion"},{"floor":22.0,"key":"Strength Potion"},{"floor":24.0,"key":"SpeedPotion"},{"floor":29.0,"key":"Poison Potion"},{"floor":31.0,"key":"Ancient Potion"},{"floor":33.0,"key":"EssenceOfSteel"},{"floor":34.0,"key":"Strength Potion"},{"floor":36.0,"key":"LiquidBronze"},{"floor":38.0,"key":"Dexterity Potion"},{"floor":39.0,"key":"Swift Potion"},{"floor":41.0,"key":"Strength Potion"},{"floor":44.0,"key":"SteroidPotion"},{"floor":45.0,"key":"AttackPotion"},{"floor":48.0,"key":"SkillPotion"}],"is_trial":false,"path_per_floor":["M","M","M","M","M","M","M","T","T","E","M","R","?","E","R","B",null,"M","?","?","M","M","R","?","T","T","R","?","M","?","E","R","B",null,"M","?","?","M","M","R","M","R","T","M","M","R","$","M","R","B",null],"character_chosen":"THE_SILENT","items_purchased":["Poison Potion","Swift Potion","Corpse Explosion","Mummified Hand","HandDrill","Apotheosis"],"campfire_rested":5,"item_purchase_floors":[47,47,47,47,47,47],"current_hp_per_floor":[63,63,61,60,60,51,43,43,43,32,32,53,53,43,43,10,55,55,55,55,53,50,50,49,49,49,70,54,46,46,40,70,1,58,55,39,39,39,39,75,64,64,64,62,62,62,62,56,75,10],"gold":217,"neow_bonus":"BOSS_RELIC","is_prod":false,"is_daily":false,"chose_seed":false,"campfire_upgraded":2,"win_rate":0,"timestamp":1557307669,"path_taken":["M","M","M","M","M","M","M","?","T","E","M","R","?","E","R","BOSS","M","?","?","M","M","R","?","?","T","R","?","M","?","E","R","BOSS","M","?","?","M","M","R","M","R","T","M","M","R","$","M","R","BOSS"],"build_version":"2019-01-23","purchased_purges":1,"victory":true,"max_hp_per_floor":[70,70,70,70,70,70,70,70,70,70,70,70,70,70,70,70,70,70,70,70,70,70,70,70,70,70,70,70,70,70,70,70,70,75,75,75,75,75,75,75,75,75,75,75,75,75,75,75,75,75],"card_choices":[{"not_picked":["Blade Dance","Sucker Punch"],"picked":"Backstab","floor":1.0},{"not_picked":["Cloak And Dagger","Terror"],"picked":"Deadly Poison","floor":2.0},{"not_picked":["Flying Knee","Sucker Punch"],"picked":"Deadly Poison","floor":3.0},{"not_picked":["Dodge and Roll","Flying Knee"],"picked":"Skewer","floor":4.0},{"not_picked":["Backflip","Dodge and Roll"],"picked":"Predator","floor":5.0},{"not_picked":["Backflip","Infinite Blades"],"picked":"Dagger Throw","floor":6.0},{"not_picked":["Outmaneuver","Dodge and Roll"],"picked":"Riddle With Holes","floor":7.0},{"not_picked":["Doppelganger","Poisoned Stab"],"picked":"Wraith Form v2","floor":10.0},{"not_picked":["Setup","Caltrops","Outmaneuver"],"picked":"SKIP","floor":11.0},{"not_picked":["Blade Dance","Skewer"],"picked":"Noxious Fumes","floor":14.0},{"not_picked":["Unload","Tools of the Trade"],"picked":"Die Die Die","floor":16.0},{"not_picked":["Dagger Spray","Bane"],"picked":"PiercingWail","floor":18.0},{"not_picked":["Finisher","Underhanded Strike+1"],"picked":"Terror","floor":21.0},{"not_picked":["Deflect","Sucker Punch"],"picked":"Acrobatics+1","floor":22.0},{"not_picked":["All Out Attack+1","Acrobatics"],"picked":"Noxious Fumes","floor":29.0},{"not_picked":["Infinite Blades","Deadly Poison"],"picked":"Catalyst","floor":31.0},{"not_picked":["Storm of Steel","After Image"],"picked":"Burst","floor":33.0},{"not_picked":["Underhanded Strike","Finisher+1"],"picked":"Blur+1","floor":34.0},{"not_picked":["Outmaneuver+1","Dodge and Roll","Backstab+1"],"picked":"SKIP","floor":35.0},{"not_picked":["Panacea","Flash of Steel"],"picked":"Purity","floor":37.0},{"not_picked":["Escape Plan+1","Doppelganger"],"picked":"PiercingWail+1","floor":38.0},{"not_picked":["Deflect+1","Underhanded Strike+1","All Out Attack+1"],"picked":"SKIP","floor":39.0},{"not_picked":["Skewer","Poisoned Stab","Acrobatics"],"picked":"SKIP","floor":41.0},{"not_picked":["PiercingWail","Underhanded Strike"],"picked":"Dash+1","floor":44.0},{"not_picked":["Finisher+1","Setup+1","Acrobatics"],"picked":"SKIP","floor":45.0},{"not_picked":["Finisher+1","Setup+1","Acrobatics"],"picked":"SKIP","floor":45.0},{"not_picked":["Glass Knife","Distraction+1"],"picked":"Leg Sweep","floor":48.0}],"player_experience":1308589,"relics_obtained":[{"floor":8.0,"key":"Ancient Tea Set"},{"floor":9.0,"key":"Bag of Marbles"},{"floor":10.0,"key":"PreservedInsect"},{"floor":14.0,"key":"Regal Pillow"},{"floor":24.0,"key":"Red Mask"},{"floor":25.0,"key":"Juzu Bracelet"},{"floor":26.0,"key":"Old Coin"},{"floor":28.0,"key":"Necronomicon"},{"floor":31.0,"key":"Lantern"},{"floor":36.0,"key":"Girya"},{"floor":43.0,"key":"MawBank"}],"event_choices":[{"cards_removed":["Strike_G"],"damage_healed":0.0,"max_hp_gain":0.0,"max_hp_loss":0.0,"gold_gain":0.0,"event_name":"The Cleric","player_choice":"Card Removal","floor":13.0,"gold_loss":50.0,"damage_taken":0.0},{"damage_healed":0.0,"max_hp_gain":0.0,"max_hp_loss":0.0,"gold_gain":0.0,"event_name":"The Mausoleum","player_choice":"Opened","floor":19.0,"gold_loss":0.0,"damage_taken":0.0,"relics_obtained":["Bronze Scales"],"cards_obtained":["Writhe"]},{"damage_healed":0.0,"max_hp_gain":0.0,"max_hp_loss":0.0,"gold_gain":0.0,"event_name":"The Library","player_choice":"Read","floor":20.0,"gold_loss":0.0,"damage_taken":0.0,"cards_obtained":["Riddle With Holes"]},{"damage_healed":0.0,"max_hp_gain":0.0,"max_hp_loss":0.0,"gold_gain":0.0,"event_name":"Masked Bandits","player_choice":"Fought Bandits","floor":24.0,"gold_loss":0.0,"damage_taken":0.0},{"damage_healed":0.0,"max_hp_gain":0.0,"max_hp_loss":0.0,"gold_gain":0.0,"event_name":"Cursed Tome","player_choice":"Obtained Book","floor":28.0,"gold_loss":0.0,"damage_taken":16.0},{"cards_removed":["Strike_G"],"damage_healed":0.0,"max_hp_gain":0.0,"max_hp_loss":0.0,"gold_gain":0.0,"event_name":"Designer","player_choice":"Upgrade and Remove","floor":30.0,"gold_loss":90.0,"damage_taken":0.0,"cards_upgraded":["PiercingWail"]},{"damage_healed":0.0,"max_hp_gain":0.0,"max_hp_loss":0.0,"gold_gain":0.0,"event_name":"MindBloom","player_choice":"Fight","floor":36.0,"gold_loss":0.0,"damage_taken":0.0},{"damage_healed":0.0,"max_hp_gain":0.0,"max_hp_loss":0.0,"gold_gain":0.0,"event_name":"SensoryStone","player_choice":"Memory 1","floor":37.0,"gold_loss":0.0,"damage_taken":0.0}],"is_beta":false,"boss_relics":[{"not_picked":["HoveringKite","Lizard Tail"],"picked":"Snecko Eye"},{"not_picked":["Calling Bell","Fusion Hammer"],"picked":"Tiny House"}],"items_purged_floors":[47],"is_endless":false,"potions_floor_spawned":[1,2,3,4,5,6,7,10,11,14,16,18,21,22,24,29,31,33,35,36,38,39,41,44,45,48],"ascension_level":11}