{"gold_per_floor":[111,129,141,0,11,40,40,68,68,16,16,32,32,182,182,259,259,272,272,272,272,83,83,83],"floor_reached":24,"playtime":1259,"items_purged":["Decay"],"score":394,"play_id":"e6304bad-ef2f-430d-872b-aa8d7c659bb0","local_time":"20190506130349","is_ascension_mode":true,"campfire_choices":[{"data":"Coolheaded","floor":7,"key":"SMITH"},{"data":"Conserve Battery","floor":15,"key":"SMITH"},{"floor":23,"key":"REST"}],"neow_cost":"CURSE","seed_source_timestamp":3033520526433224,"circlet_count":0,"master_deck":["AscendersBane","Strike_B","Strike_B","Strike_B","Strike_B","Defend_B","Defend_B","Defend_B","Defend_B","Zap","Dualcast","Injury","Rip and Tear","Ball Lightning","Coolheaded+1","FTL","Gash","Cold Snap","Steam","Capacitor","Gash","Conserve Battery+1","Fission","Hologram","Chill","Leap"],"relics":["Cracked Core","Torii","Cables","Omamori","Juzu Bracelet","WarpedTongs","Eternal Feather"],"potions_floor_usage":[6,16,19,19],"damage_taken":[{"damage":2,"enemies":"Cultist","floor":1,"turns":4},{"damage":1,"enemies":"2 Louse","floor":2,"turns":3},{"damage":10,"enemies":"Small Slimes","floor":3,"turns":3},{"damage":12,"enemies":"Looter","floor":5,"turns":3},{"damage":14,"enemies":"Lagavulin","floor":6,"turns":7},{"damage":13,"enemies":"3 Sentries","floor":8,"turns":7},{"damage":1,"enemies":"Blue Slaver","floor":12,"turns":2},{"damage":6,"enemies":"Hexaghost","floor":16,"turns":11},{"damage":18,"enemies":"Spheric Guardian","floor":18,"turns":4},{"damage":23,"enemies":"Colosseum Slavers","floor":19,"turns":3},{"damage":56,"enemies":"Slavers","floor":24,"turns":3}],"seed_played":"-2214311843771322052","potions_obtained":[{"floor":1,"key":"FearPotion"},{"floor":6,"key":"FearPotion"},{"floor":12,"key":"PowerPotion"},{"floor":18,"key":"SteroidPotion"}],"is_trial":false,"path_per_floor":["M","M","M","$","M","E","R","E","T","$","$","M","?","?","R","B",null,"M","?","?","?","$","R","E"],"character_chosen":"DEFECT","items_purchased":["FTL","Gash","Weak Potion","Gash","Chill","Leap"],"campfire_rested":1,"item_purchase_floors":[4,4,4,10,22,22],"current_hp_per_floor":[62,61,51,51,39,25,25,12,12,12,12,11,11,11,11,5,55,37,14,14,14,14,50,0],"gold":83,"neow_bonus":"ONE_RARE_RELIC","is_prod":false,"is_daily":false,"chose_seed":false,"campfire_upgraded":2,"win_rate":0,"timestamp":1557126229,"path_taken":["M","?","M","$","?","E","R","E","T","?","$","M","?","?","R","BOSS","M","?","?","?","?","R","E"],"build_version":"2019-01-23","purchased_purges":1,"victory":false,"max_hp_per_floor":[71,71,71,71,71,71,71,71,71,71,71,71,71,71,71,71,71,71,71,71,71,71,71,71],"card_choices":[{"not_picked":["Redo","Steam"],"picked":"Rip and Tear","floor":1},{"not_picked":["Storm","White Noise"],"picked":"Ball Lightning","floor":2},{"not_picked":["Melter","Stack"],"picked":"Coolheaded","floor":3},{"not_picked":["Go for the Eyes","Beam Cell"],"picked":"Cold Snap","floor":5},{"not_picked":["Thunder Strike","Go for the Eyes"],"picked":"Steam","floor":6},{"not_picked":["Undo","Storm"],"picked":"Capacitor","floor":8},{"not_picked":["Rebound","Ball Lightning"],"picked":"Conserve Battery","floor":12},{"not_picked":["Seek","Multi-Cast"],"picked":"Fission","floor":16},{"not_picked":["Chaos+1","Conserve Battery"],"picked":"Hologram","floor":18}],"player_experience":1292577,"relics_obtained":[{"floor":6,"key":"Cables"},{"floor":8,"key":"Omamori"},{"floor":9,"key":"Juzu Bracelet"}],"event_choices":[{"damage_healed":0,"gold_gain":0,"player_choice":"Rummage","damage_taken":0,"relics_obtained":["WarpedTongs"],"max_hp_gain":0,"max_hp_loss":0,"event_name":"Accursed Blacksmith","floor":13,"gold_loss":0,"cards_obtained":["Pain"]},{"damage_healed":0,"gold_gain":150,"player_choice":"AGREE","damage_taken":0,"max_hp_gain":0,"max_hp_loss":0,"event_name":"Liars Game","floor":14,"gold_loss":0,"cards_obtained":["Doubt"]},{"damage_healed":0,"gold_gain":0,"player_choice":"Fight","damage_taken":0,"max_hp_gain":0,"max_hp_loss":0,"event_name":"Colosseum","floor":19,"gold_loss":0},{"damage_healed":0,"gold_gain":0,"player_choice":"Fled From Nobs","damage_taken":0,"max_hp_gain":0,"max_hp_loss":0,"event_name":"Colosseum","floor":19,"gold_loss":0},{"damage_healed":0,"gold_gain":0,"player_choice":"Smashed Altar","damage_taken":0,"max_hp_gain":0,"max_hp_loss":0,"event_name":"Forgotten Altar","floor":20,"gold_loss":0,"cards_obtained":["Decay"]},{"damage_healed":0,"gold_gain":0,"player_choice":"Ignored","damage_taken":0,"max_hp_gain":0,"max_hp_loss":0,"event_name":"Cursed Tome","floor":21,"gold_loss":0}],"is_beta":false,"boss_relics":[{"not_picked":["Runic Pyramid","Philosopher\u0027s Stone"],"picked":"Eternal Feather"}],"items_purged_floors":[22],"is_endless":false,"potions_floor_spawned":[1,6,8,12,18],"killed_by":"Slavers","ascension_level":19}