{"gold_per_floor":[114,126,146,160,242,275,275,285,337,355,416,366,397,170,170,273,273,292,217,132,132,142,142,159,184,207,30,63,63,78,106,106,210,210,222,147,147,75,0,27,27,62,109,39,39,39,57,75,75,75],"floor_reached":51,"playtime":2161,"items_purged":["Perfected Strike+1"],"score":846,"play_id":"c28edc14-01d7-4214-8c64-f1c121823959","local_time":"20190525093029","is_ascension_mode":false,"campfire_choices":[{"data":"Perfected Strike","floor":7.0,"key":"SMITH"},{"data":"Disarm","floor":15,"key":"SMITH"},{"floor":23,"key":"REST"},{"floor":32,"key":"REST"},{"floor":41,"key":"REST"},{"floor":45,"key":"REST"},{"floor":49,"key":"REST"}],"neow_cost":"","seed_source_timestamp":325198744132700,"circlet_count":0,"master_deck":["Defend_R","Defend_R","Defend_R","Bash","Whirlwind","Pummel","Feel No Pain","Battle Trance","Armaments","Shockwave","Disarm+1","Reaper","J.A.X.","Uppercut+1","Shrug It Off+1","Apotheosis","Feed","Dual Wield","Demon Form+1","Bludgeon+1","Entrench+1","Disarm","Fiend Fire","Flame Barrier","Dark Shackles","Flame Barrier+1","Disarm"],"special_seed":0,"relics":["Burning Blood","Frozen Egg 2","Whetstone","Oddly Smooth Stone","Bag of Preparation","Sundial","Blood Vial","Fusion Hammer","Bronze Scales","Mummified Hand","Bag of Marbles","Strawberry","Magic Flower","Astrolabe","Red Mask","Orichalcum","Darkstone Periapt","Pen Nib"],"potions_floor_usage":[16,33],"damage_taken":[{"damage":1.0,"enemies":"Cultist","floor":1.0,"turns":3.0},{"damage":6.0,"enemies":"Jaw Worm","floor":2.0,"turns":5.0},{"damage":7.0,"enemies":"Small Slimes","floor":3.0,"turns":4.0},{"damage":19.0,"enemies":"Blue Slaver","floor":4.0,"turns":3.0},{"damage":20.0,"enemies":"Gremlin Nob","floor":6.0,"turns":4.0},{"damage":0.0,"enemies":"Exordium Wildlife","floor":8.0,"turns":2.0},{"damage":0.0,"enemies":"2 Fungi Beasts","floor":10.0,"turns":2.0},{"damage":9.0,"enemies":"3 Sentries","floor":11.0,"turns":5.0},{"damage":9.0,"enemies":"Lagavulin","floor":13.0,"turns":7.0},{"damage":0,"enemies":"The Guardian","floor":16,"turns":12},{"damage":0,"enemies":"3 Byrds","floor":18,"turns":5},{"damage":13,"enemies":"Spheric Guardian","floor":22,"turns":3},{"damage":21,"enemies":"Shelled Parasite and Fungi","floor":24,"turns":6},{"damage":18,"enemies":"Gremlin Leader","floor":25,"turns":5},{"damage":32,"enemies":"Slavers","floor":28,"turns":5},{"damage":3,"enemies":"Snake Plant","floor":30,"turns":3},{"damage":22,"enemies":"Book of Stabbing","floor":31,"turns":5},{"damage":82,"enemies":"Champ","floor":33,"turns":13},{"damage":23,"enemies":"3 Shapes","floor":35,"turns":8},{"damage":25,"enemies":"Reptomancer","floor":40,"turns":7},{"damage":32,"enemies":"Giant Head","floor":42,"turns":9},{"damage":6,"enemies":"Orb Walker","floor":47,"turns":3},{"damage":9,"enemies":"Maw","floor":48,"turns":5},{"damage":49,"enemies":"Awakened One","floor":50,"turns":10}],"seed_played":"-3534420779613375708","potions_obtained":[{"floor":3.0,"key":"Dexterity Potion"},{"floor":4.0,"key":"SteroidPotion"},{"floor":8.0,"key":"SpeedPotion"},{"floor":11.0,"key":"Strength Potion"},{"floor":25,"key":"Energy Potion"},{"floor":40,"key":"FairyPotion"}],"is_trial":false,"path_per_floor":["M","M","M","M","T","E","R","M","T","M","?","?","E","$","R","B",null,"M","?","?","?","M","R","M","E","T","$","E","?","M","E","R","B",null,"M","$","?","$","?","E","R","E","T","$","R","?","M","M","R","B",null],"character_chosen":"IRONCLAD","items_purchased":["Disarm","Blood Vial","Apotheosis","Disarm","Flame Barrier"],"campfire_rested":5,"item_purchase_floors":[14,14,27,38,44],"current_hp_per_floor":[80,80,79,66,66,52,52,58,58,64,61,61,58,58,58,66,80,80,80,80,80,80,80,77,80,80,80,87,87,87,80,87,57,91,77,77,77,77,77,91,91,74,74,74,91,91,91,91,91,91],"gold":75,"neow_bonus":"","is_prod":false,"is_daily":false,"chose_seed":false,"campfire_upgraded":2,"win_rate":0.0,"timestamp":1558769429,"path_taken":["M","M","?","M","?","E","R","M","T","M","?","?","E","?","R","BOSS","M","?","?","?","M","R","?","E","T","$","E","?","M","E","R","BOSS","M","$","?","$","?","E","R","E","T","?","R","?","M","M","R","BOSS"],"build_version":"2019-01-23","purchased_purges":1,"victory":true,"max_hp_per_floor":[80,80,80,80,80,80,80,80,80,80,80,80,80,80,80,80,80,80,80,80,80,80,80,80,80,80,80,87,87,87,87,87,91,91,91,91,91,91,91,91,91,91,91,91,91,91,91,91,91,91],"card_choices":[{"not_picked":["Sword Boomerang","Headbutt"],"picked":"Whirlwind","floor":1.0},{"not_picked":["Thunderclap","Shrug It Off"],"picked":"Perfected Strike","floor":2.0},{"not_picked":["Fire Breathing","Second Wind"],"picked":"Pummel","floor":3.0},{"not_picked":["Twin Strike","Pommel Strike"],"picked":"Feel No Pain","floor":4.0},{"not_picked":["Shrug It Off","Anger"],"picked":"Battle Trance","floor":6.0},{"not_picked":["Flex","True Grit"],"picked":"Armaments","floor":8.0},{"not_picked":["Entrench","Rampage","Hemokinesis"],"picked":"SKIP","floor":10.0},{"not_picked":["Infernal Blade","Body Slam"],"picked":"Shockwave","floor":13.0},{"not_picked":["Impervious","Dark Embrace+1"],"picked":"Reaper","floor":16},{"not_picked":["Flex","Armaments","Body Slam+1"],"picked":"SKIP","floor":18},{"not_picked":["Cleave","Power Through","Armaments"],"picked":"SKIP","floor":22},{"not_picked":["Pommel Strike","Rupture+1"],"picked":"Uppercut+1","floor":24},{"not_picked":["Headbutt","Twin Strike+1"],"picked":"Shrug It Off+1","floor":25},{"not_picked":["Clash+1","Flex"],"picked":"Feed","floor":28},{"not_picked":["Thunderclap+1","Perfected Strike"],"picked":"Dual Wield","floor":30},{"not_picked":["Twin Strike","Shockwave","Clothesline"],"picked":"SKIP","floor":31},{"not_picked":["Offering","Dark Embrace+1"],"picked":"Demon Form+1","floor":33},{"not_picked":["Twin Strike","Clothesline","Perfected Strike+1"],"picked":"SKIP","floor":35},{"not_picked":["Headbutt","Seeing Red+1"],"picked":"Fiend Fire","floor":40},{"not_picked":["Flex","Anger","Pommel Strike"],"picked":"SKIP","floor":42},{"not_picked":["Madness","Deep Breath"],"picked":"Dark Shackles","floor":46},{"not_picked":["Headbutt+1","Burning Pact"],"picked":"Flame Barrier+1","floor":47},{"not_picked":["Searing Blow","Perfected Strike+1"],"picked":"Disarm","floor":48}],"player_experience":0,"relics_obtained":[{"floor":5.0,"key":"Frozen Egg 2"},{"floor":6.0,"key":"Whetstone"},{"floor":9.0,"key":"Oddly Smooth Stone"},{"floor":11.0,"key":"Bag of Preparation"},{"floor":13.0,"key":"Sundial"},{"floor":25,"key":"Mummified Hand"},{"floor":26,"key":"Bag of Marbles"},{"floor":28,"key":"Strawberry"},{"floor":31,"key":"Magic Flower"},{"floor":40,"key":"Orichalcum"},{"floor":42,"key":"Darkstone Periapt"},{"floor":43,"key":"Pen Nib"}],"event_choices":[{"damage_healed":0.0,"max_hp_gain":0.0,"max_hp_loss":0.0,"gold_gain":0.0,"event_name":"Dead Adventurer","player_choice":"Searched \u00271\u0027 times","floor":11.0,"gold_loss":0.0,"damage_taken":0.0},{"cards_removed":["Strike_R"],"damage_healed":0.0,"max_hp_gain":0.0,"max_hp_loss":0.0,"gold_gain":0.0,"event_name":"The Cleric","player_choice":"Card Removal","floor":12.0,"gold_loss":50.0,"damage_taken":0.0},{"cards_removed":["Perfected Strike"],"damage_healed":0,"gold_gain":0,"player_choice":"Gave Gold","damage_taken":0,"max_hp_gain":0,"max_hp_loss":0,"event_name":"Beggar","floor":19,"gold_loss":75},{"damage_healed":0,"gold_gain":0,"player_choice":"Obtained Relic","damage_taken":0,"relics_obtained":["Bronze Scales"],"max_hp_gain":0,"max_hp_loss":0,"event_name":"Addict","floor":20,"gold_loss":85},{"damage_healed":0,"gold_gain":0,"player_choice":"Obtain J.A.X.","damage_taken":0,"max_hp_gain":0,"max_hp_loss":0,"event_name":"Drug Dealer","floor":21,"gold_loss":0,"cards_obtained":["J.A.X."]},{"cards_removed":["Strike_R"],"damage_healed":0,"gold_gain":0,"player_choice":"Offered Basic","damage_taken":0,"max_hp_gain":0,"max_hp_loss":0,"event_name":"Bonfire Elementals","floor":29,"gold_loss":0},{"cards_removed":["Defend_R"],"damage_healed":0,"gold_gain":0,"player_choice":"Removed Skill","damage_taken":0,"max_hp_gain":0,"max_hp_loss":0,"event_name":"Falling","floor":37,"gold_loss":0},{"damage_healed":0,"gold_gain":0,"player_choice":"Paid","damage_taken":0,"relics_obtained":["Red Mask"],"max_hp_gain":0,"max_hp_loss":0,"event_name":"Tomb of Lord Red Mask","floor":39,"gold_loss":75},{"damage_healed":0,"gold_gain":0,"player_choice":"Memory 1","damage_taken":0,"max_hp_gain":0,"max_hp_loss":0,"event_name":"SensoryStone","floor":46,"gold_loss":0}],"is_beta":false,"boss_relics":[{"not_picked":["Orrery","White Beast Statue"],"picked":"Fusion Hammer"},{"not_picked":["Busted Crown","Lizard Tail"],"picked":"Astrolabe"}],"items_purged_floors":[36],"is_endless":false,"potions_floor_spawned":[3,4,8,11,13,25,30,31,40],"ascension_level":0}