{"gold_per_floor":[111,36,36,49,49,84,102,115,168,183,458,458,487,29,29,127,127,146,146,146,246,260,276,293,127,200,200,226,226,106,138,138,237,237,253,253,253,253,263,289,301,301,378,389,421,421,23,23,23,23],"floor_reached":51,"playtime":1779,"items_purged":["Strike_R","Regret","Pain","Strike_R"],"score":1019,"play_id":"b3635063-ffb5-4051-b474-4abf3042a5c5","local_time":"20190526230247","is_ascension_mode":true,"campfire_choices":[{"data":"Uppercut","floor":12.0,"key":"SMITH"},{"data":"Fiend Fire","floor":15.0,"key":"SMITH"},{"data":"Bash","floor":27.0,"key":"SMITH"},{"floor":32.0,"key":"REST"},{"data":"Limit Break","floor":42.0,"key":"SMITH"},{"data":"Demon Form","floor":49,"key":"SMITH"}],"neow_cost":"NONE","seed_source_timestamp":90661001652300,"circlet_count":0,"master_deck":["Strike_R","Strike_R","Defend_R+1","Defend_R+1","Defend_R","Defend_R","Bash+1","Uppercut+1","Battle Trance","Headbutt","Fiend Fire+1","Metallicize","Flame Barrier","Reaper","Whirlwind","Whirlwind+1","Spot Weakness+1","Heavy Blade+1","Reaper","Demon Form+1","Limit Break+1","Flex+1","Reaper","Exhume","Demon Form","Panacea"],"special_seed":0,"relics":["Burning Blood","NeowsBlessing","Strawberry","Ancient Tea Set","Juzu Bracelet","Odd Mushroom","Question Card","Sozu","WarpedTongs","Nilry\u0027s Codex","Du-Vu Doll","The Courier","Singing Bowl","Pen Nib","Dodecahedron","Velvet Choker","War Paint","Paper Frog","Letter Opener","DollysMirror","Bag of Marbles","Happy Flower"],"potions_floor_usage":[],"damage_taken":[{"damage":0.0,"enemies":"Cultist","floor":1.0,"turns":1.0},{"damage":0.0,"enemies":"Small Slimes","floor":4.0,"turns":1.0},{"damage":0.0,"enemies":"Lagavulin","floor":6.0,"turns":1.0},{"damage":4.0,"enemies":"Jaw Worm","floor":7.0,"turns":3.0},{"damage":14.0,"enemies":"Red Slaver","floor":8.0,"turns":3.0},{"damage":17.0,"enemies":"Exordium Wildlife","floor":10.0,"turns":5.0},{"damage":16.0,"enemies":"The Mushroom Lair","floor":13.0,"turns":2.0},{"damage":40.0,"enemies":"Hexaghost","floor":16.0,"turns":9.0},{"damage":0.0,"enemies":"Chosen","floor":18.0,"turns":3.0},{"damage":34.0,"enemies":"Colosseum Slavers","floor":21.0,"turns":6.0},{"damage":15.0,"enemies":"Colosseum Nobs","floor":21.0,"turns":5.0},{"damage":3.0,"enemies":"3 Byrds","floor":22.0,"turns":4.0},{"damage":25.0,"enemies":"Centurion and Healer","floor":23.0,"turns":6.0},{"damage":33.0,"enemies":"Snake Plant","floor":24.0,"turns":4.0},{"damage":0.0,"enemies":"Slavers","floor":28.0,"turns":1.0},{"damage":48.0,"enemies":"Book of Stabbing","floor":31.0,"turns":6.0},{"damage":77.0,"enemies":"Automaton","floor":33.0,"turns":7.0},{"damage":11.0,"enemies":"3 Shapes","floor":35.0,"turns":7.0},{"damage":12.0,"enemies":"Orb Walker","floor":39.0,"turns":2.0},{"damage":44.0,"enemies":"Giant Head","floor":40.0,"turns":6.0},{"damage":6.0,"enemies":"3 Darklings","floor":41.0,"turns":3.0},{"damage":63.0,"enemies":"Sphere and 2 Shapes","floor":44.0,"turns":8.0},{"damage":49,"enemies":"Nemesis","floor":45,"turns":7},{"damage":133,"enemies":"Awakened One","floor":50,"turns":8}],"seed_played":"-2483305627035287260","potions_obtained":[{"floor":1.0,"key":"Poison Potion"},{"floor":6.0,"key":"Poison Potion"},{"floor":8.0,"key":"AttackPotion"},{"floor":13.0,"key":"Fire Potion"}],"is_trial":false,"path_per_floor":["M","$","T","M","?","E","M","M","T","M","?","R","?","$","R","B",null,"M","?","?","?","M","M","M","$","T","R","E","?","$","E","R","B",null,"M","?","?","?","M","E","M","R","T","M","E","?","$","?","R","B",null],"character_chosen":"IRONCLAD","items_purchased":["Metallicize","Flame Barrier","Question Card","Reaper","DollysMirror","Bag of Marbles","Happy Flower"],"campfire_rested":1,"item_purchase_floors":[14,14,14,25,47,47,47],"current_hp_per_floor":[80,80,87,87,92,92,92,84,84,73,73,73,63,63,63,29,92,92,92,76,55,76,77,54,54,54,54,60,60,60,44,72,53,94,96,96,96,96,92,65,65,65,65,44,77,77,77,71,71,70],"gold":23,"neow_bonus":"THREE_ENEMY_KILL","is_prod":false,"is_daily":false,"chose_seed":false,"campfire_upgraded":5,"win_rate":0,"timestamp":1558904567,"path_taken":["M","$","?","M","?","E","M","M","T","M","?","R","?","$","R","BOSS","M","?","?","?","M","M","M","$","T","R","E","?","$","E","R","BOSS","M","?","?","?","M","E","M","R","T","M","E","?","$","?","R","BOSS"],"build_version":"2019-01-23","purchased_purges":4,"victory":true,"max_hp_per_floor":[80,80,87,87,92,92,92,92,92,92,92,92,92,92,92,92,92,92,92,92,92,92,92,92,92,92,92,92,92,92,94,94,94,94,96,96,96,96,98,98,98,98,98,100,100,100,100,104,104,104],"card_choices":[{"not_picked":["Shrug It Off","Second Wind"],"picked":"Uppercut","floor":1.0},{"not_picked":["Armaments","Ghostly Armor"],"picked":"Battle Trance","floor":4.0},{"not_picked":["Body Slam","Battle Trance"],"picked":"Headbutt","floor":6.0},{"not_picked":["Warcry","Searing Blow","Bloodletting"],"picked":"SKIP","floor":7.0},{"not_picked":["Cleave","Headbutt"],"picked":"Feel No Pain","floor":8.0},{"not_picked":["Armaments","Intimidate"],"picked":"Fiend Fire","floor":10.0},{"not_picked":["Exhume","Offering","Barricade"],"picked":"Reaper","floor":16.0},{"not_picked":["True Grit","Fire Breathing","Second Wind"],"picked":"Whirlwind","floor":18.0},{"not_picked":["Evolve","Perfected Strike","Burning Pact"],"picked":"Whirlwind+1","floor":21.0},{"not_picked":["Blood for Blood","Sword Boomerang","Sever Soul+1"],"picked":"Spot Weakness+1","floor":22.0},{"not_picked":["Fire Breathing+1","Iron Wave","Sentinel+1"],"picked":"Heavy Blade+1","floor":23.0},{"not_picked":["Uppercut","Sword Boomerang+1","Cleave","Clash+1"],"picked":"SKIP","floor":24.0},{"not_picked":["Heavy Blade","Iron Wave","Armaments"],"picked":"Demon Form","floor":28.0},{"not_picked":["Corruption","Heavy Blade","Exhume","Reckless Charge"],"picked":"Singing Bowl","floor":31.0},{"not_picked":["Feed","Brutality","Exhume"],"picked":"Limit Break","floor":33.0},{"not_picked":["Cleave+1","Heavy Blade","Pommel Strike","True Grit"],"picked":"Singing Bowl","floor":35.0},{"not_picked":["Evolve","Pummel","Combust+1","Headbutt+1"],"picked":"Singing Bowl","floor":39.0},{"not_picked":["Ghostly Armor","True Grit+1","Armaments+1"],"picked":"Flex+1","floor":40.0},{"not_picked":["Thunderclap","Hemokinesis+1","Rupture+1"],"picked":"Reaper","floor":41.0},{"not_picked":["Intimidate","Body Slam","Battle Trance+1","Perfected Strike"],"picked":"Singing Bowl","floor":44.0},{"not_picked":["Iron Wave","Evolve+1","Wild Strike"],"picked":"Exhume","floor":45},{"not_picked":["Deep Breath","PanicButton","Good Instincts","Violence"],"picked":"Singing Bowl","floor":48},{"not_picked":["Forethought","PanicButton","Flash of Steel","Mind Blast"],"picked":"Singing Bowl","floor":48},{"not_picked":["Finesse","Good Instincts","Swift Strike"],"picked":"Panacea","floor":48}],"player_experience":35130,"relics_obtained":[{"floor":3.0,"key":"Strawberry"},{"floor":6.0,"key":"Ancient Tea Set"},{"floor":9.0,"key":"Juzu Bracelet"},{"floor":13.0,"key":"Odd Mushroom"},{"floor":20.0,"key":"Nilry\u0027s Codex"},{"floor":21.0,"key":"Du-Vu Doll"},{"floor":21.0,"key":"The Courier"},{"floor":26.0,"key":"Singing Bowl"},{"floor":28.0,"key":"Pen Nib"},{"floor":31.0,"key":"Dodecahedron"},{"floor":40.0,"key":"War Paint"},{"floor":43.0,"key":"Paper Frog"},{"floor":45,"key":"Letter Opener"}],"event_choices":[{"damage_healed":0.0,"max_hp_gain":5.0,"max_hp_loss":0.0,"gold_gain":0.0,"event_name":"Big Fish","player_choice":"Donut","floor":5.0,"gold_loss":0.0,"damage_taken":0.0},{"damage_healed":0.0,"max_hp_gain":0.0,"max_hp_loss":0.0,"gold_gain":275.0,"event_name":"Golden Shrine","player_choice":"Desecrate","floor":11.0,"gold_loss":0.0,"damage_taken":0.0,"cards_obtained":["Regret"]},{"damage_healed":0.0,"max_hp_gain":0.0,"max_hp_loss":0.0,"gold_gain":0.0,"event_name":"Mushrooms","player_choice":"Fought Mushrooms","floor":13.0,"gold_loss":0.0,"damage_taken":0.0},{"damage_healed":0.0,"max_hp_gain":0.0,"max_hp_loss":0.0,"gold_gain":0.0,"event_name":"Accursed Blacksmith","player_choice":"Rummage","floor":19.0,"gold_loss":0.0,"damage_taken":0.0,"relics_obtained":["WarpedTongs"],"cards_obtained":["Pain"]},{"damage_healed":0.0,"max_hp_gain":0.0,"max_hp_loss":0.0,"gold_gain":0.0,"event_name":"Cursed Tome","player_choice":"Obtained Book","floor":20.0,"gold_loss":0.0,"damage_taken":16.0},{"damage_healed":0.0,"max_hp_gain":0.0,"max_hp_loss":0.0,"gold_gain":0.0,"event_name":"Colosseum","player_choice":"Fight","floor":21.0,"gold_loss":0.0,"damage_taken":0.0},{"damage_healed":0.0,"max_hp_gain":0.0,"max_hp_loss":0.0,"gold_gain":0.0,"event_name":"Colosseum","player_choice":"Fought Nobs","floor":21.0,"gold_loss":0.0,"damage_taken":0.0},{"damage_healed":0.0,"max_hp_gain":0.0,"max_hp_loss":0.0,"gold_gain":0.0,"event_name":"Ghosts","player_choice":"Ignored","floor":29.0,"gold_loss":0.0,"damage_taken":0.0},{"damage_healed":0.0,"max_hp_gain":0.0,"max_hp_loss":0.0,"gold_gain":0.0,"event_name":"Tomb of Lord Red Mask","player_choice":"Ignored","floor":36.0,"gold_loss":0.0,"damage_taken":0.0},{"cards_removed":["Strike_R"],"damage_healed":0.0,"max_hp_gain":0.0,"max_hp_loss":0.0,"gold_gain":0.0,"event_name":"Bonfire Elementals","player_choice":"Offered Basic","floor":37.0,"gold_loss":0.0,"damage_taken":0.0},{"cards_removed":["Feel No Pain"],"damage_healed":0.0,"max_hp_gain":0.0,"max_hp_loss":0.0,"gold_gain":0.0,"event_name":"Falling","player_choice":"Removed Power","floor":38.0,"gold_loss":0.0,"damage_taken":0.0},{"damage_healed":0,"gold_gain":0,"player_choice":"Bought 0 Potions","damage_taken":0,"max_hp_gain":0,"max_hp_loss":0,"event_name":"The Woman in Blue","floor":46,"gold_loss":0},{"damage_healed":0,"gold_gain":0,"player_choice":"Memory 3","damage_taken":10,"max_hp_gain":0,"max_hp_loss":0,"event_name":"SensoryStone","floor":48,"gold_loss":0}],"is_beta":false,"boss_relics":[{"not_picked":["Black Blood","Lizard Tail"],"picked":"Sozu"},{"not_picked":["Orrery","Mark of Pain"],"picked":"Velvet Choker"}],"items_purged_floors":[2,14,25,30],"is_endless":false,"potions_floor_spawned":[1,6,8,13,18,22,24,33,35,44],"ascension_level":4}