{"gold_per_floor":[115,135,135,153,163,220,231,3,52,52,17,17,37,65,65,169,219,237,237,87,97,117,117,117,117,117,133,133,162,162],"floor_reached":30,"playtime":1386,"items_purged":["Strike_G","Strike_G"],"score":399,"play_id":"27019f13-22a9-4e81-af4e-5052ab1ae427","local_time":"20190307143731","is_ascension_mode":true,"campfire_choices":[{"floor":10,"key":"REST"},{"floor":12,"key":"REST"},{"floor":15,"key":"REST"},{"floor":23,"key":"REST"},{"floor":25,"key":"REST"},{"data":"Noxious Fumes","floor":28,"key":"SMITH"}],"neow_cost":"NONE","seed_source_timestamp":1709705091422319,"circlet_count":0,"master_deck":["Defend_G","Defend_G","Defend_G","Defend_G","Defend_G+1","Strike_G","Strike_G","Survivor","Neutralize","Noxious Fumes+1","Crippling Poison","PiercingWail","Sucker Punch","Leg Sweep","Flechettes","Caltrops","Corpse Explosion","Escape Plan","Heel Hook","After Image","Cloak And Dagger","Calculated Gamble","Backflip+1","Footwork"],"relics":["Ring of the Snake","Tiny Chest","Art of War","Ornamental Fan","Tiny House","Smiling Mask","Oddly Smooth Stone"],"potions_floor_usage":[14,16,18,21,27,29],"damage_taken":[{"damage":1,"enemies":"Small Slimes","floor":1,"turns":4},{"damage":4,"enemies":"Cultist","floor":2,"turns":5},{"damage":4,"enemies":"2 Louse","floor":4,"turns":4},{"damage":5,"enemies":"Looter","floor":5,"turns":5},{"damage":38,"enemies":"3 Sentries","floor":6,"turns":8},{"damage":1,"enemies":"Blue Slaver","floor":7,"turns":6},{"damage":13,"enemies":"Gremlin Gang","floor":13,"turns":3},{"damage":10,"enemies":"Lagavulin","floor":14,"turns":7},{"damage":23,"enemies":"Slime Boss","floor":16,"turns":11},{"damage":6,"enemies":"3 Byrds","floor":18,"turns":3},{"damage":12,"enemies":"Spheric Guardian","floor":21,"turns":5},{"damage":12,"enemies":"Snake Plant","floor":22,"turns":5},{"damage":27,"enemies":"Centurion and Healer","floor":27,"turns":7},{"damage":59,"enemies":"Slavers","floor":29,"turns":5},{"damage":3,"enemies":"Shelled Parasite and Fungi","floor":30,"turns":6}],"seed_played":"-5794719992961662394","potions_obtained":[{"floor":0,"key":"Swift Potion"},{"floor":0,"key":"GamblersBrew"},{"floor":0,"key":"FairyPotion"},{"floor":1,"key":"Dexterity Potion"},{"floor":17,"key":"Poison Potion"},{"floor":18,"key":"FearPotion"},{"floor":22,"key":"Regen Potion"},{"floor":24,"key":"SpeedPotion"},{"floor":29,"key":"Energy Potion"}],"is_trial":false,"path_per_floor":["M","M","?","M","M","E","M","$","T","R","?","R","M","E","R","B",null,"M","?","$","M","M","R","?","R","T","M","R","E","M"],"character_chosen":"THE_SILENT","items_purchased":["Caltrops","Corpse Explosion","SkillPotion"],"campfire_rested":5,"item_purchase_floors":[8,8,20],"current_hp_per_floor":[62,58,58,54,49,11,10,10,10,31,48,69,56,46,67,44,69,63,49,49,37,25,49,49,73,73,61,61,2,0],"gold":162,"neow_bonus":"THREE_SMALL_POTIONS","is_prod":false,"is_daily":false,"chose_seed":false,"campfire_upgraded":1,"win_rate":0,"timestamp":1551947851,"path_taken":["M","M","?","M","?","E","M","?","T","R","?","R","M","E","R","BOSS","M","?","$","M","M","R","?","R","T","M","R","E","M"],"build_version":"2019-01-23","purchased_purges":2,"victory":false,"max_hp_per_floor":[70,70,70,70,70,70,70,70,70,70,70,70,70,70,70,70,75,75,80,80,80,80,80,80,80,80,80,80,80,80],"card_choices":[{"not_picked":["Finisher","Skewer"],"picked":"Noxious Fumes","floor":1},{"not_picked":["Finisher","Flying Knee"],"picked":"Crippling Poison","floor":2},{"not_picked":["Infinite Blades","Accuracy"],"picked":"PiercingWail","floor":4},{"not_picked":["Deadly Poison","Predator"],"picked":"Sucker Punch","floor":5},{"not_picked":["Bane","All Out Attack"],"picked":"Leg Sweep","floor":6},{"not_picked":["Accuracy","Dagger Throw"],"picked":"Flechettes","floor":7},{"not_picked":["Flying Knee","Dodge and Roll"],"picked":"Escape Plan","floor":13},{"not_picked":["Terror","Slice"],"picked":"Heel Hook","floor":14},{"not_picked":["Unload","Die Die Die"],"picked":"After Image","floor":16},{"not_picked":["Blade Dance","Bane"],"picked":"Cloak And Dagger","floor":17},{"not_picked":["Acrobatics+1","Dagger Throw","Leg Sweep"],"picked":"SKIP","floor":18},{"not_picked":["Reflex","Blade Dance","Terror"],"picked":"SKIP","floor":21},{"not_picked":["Slice","Skewer"],"picked":"Calculated Gamble","floor":22},{"not_picked":["Bane","Deflect"],"picked":"Backflip+1","floor":27},{"not_picked":["Cloak And Dagger","Bullet Time"],"picked":"Footwork","floor":29}],"player_experience":967765,"relics_obtained":[{"floor":6,"key":"Tiny Chest"},{"floor":9,"key":"Art of War"},{"floor":14,"key":"Ornamental Fan"},{"floor":26,"key":"Smiling Mask"},{"floor":29,"key":"Oddly Smooth Stone"}],"event_choices":[{"cards_removed":["Strike_G"],"damage_healed":0,"gold_gain":0,"player_choice":"Purged","damage_taken":0,"max_hp_gain":0,"max_hp_loss":0,"event_name":"Purifier","floor":3,"gold_loss":0},{"damage_healed":17,"gold_gain":0,"player_choice":"Healed","damage_taken":0,"max_hp_gain":0,"max_hp_loss":0,"event_name":"The Cleric","floor":11,"gold_loss":35},{"damage_healed":0,"gold_gain":0,"player_choice":"Shed Blood","damage_taken":19,"max_hp_gain":5,"max_hp_loss":0,"event_name":"Forgotten Altar","floor":19,"gold_loss":0},{"damage_healed":0,"gold_gain":0,"player_choice":"Got Potions","damage_taken":0,"max_hp_gain":0,"max_hp_loss":0,"event_name":"Lab","floor":24,"gold_loss":0}],"is_beta":false,"boss_relics":[{"not_picked":["Runic Dome","Pandora\u0027s Box"],"picked":"Tiny House"}],"items_purged_floors":[8,20],"is_endless":false,"potions_floor_spawned":[1,2,6,18,22,29],"killed_by":"Shelled Parasite and Fungi","ascension_level":8}