{"gold_per_floor":[111,129,3,3,53,83,94,94,94,123,141,93,93,9,9,86,86,99,111,124,124,139,139,139,153,153,14,26,40,40,40,40,40],"floor_reached":33,"playtime":2509,"items_purged":["Normality","Writhe"],"score":492,"play_id":"027ac39b-848d-470e-8560-7b2d65c05b19","local_time":"20190418134506","is_ascension_mode":true,"campfire_choices":[{"data":"Apotheosis","floor":8,"key":"SMITH"},{"data":"1","floor":15,"key":"LIFT"},{"floor":23,"key":"REST"},{"data":"2","floor":30,"key":"LIFT"},{"floor":32,"key":"REST"}],"neow_cost":"CURSE","seed_source_timestamp":1479531236585516,"circlet_count":0,"master_deck":["AscendersBane","Strike_B","Strike_B","Strike_B","Strike_B","Defend_B","Defend_B","Defend_B","Defend_B","Zap","Dualcast","Apotheosis+1","Violence","Cold Snap","Undo","Hologram","Go for the Eyes","Doom and Gloom","Conserve Battery","Glacier","Loop","Seek","Redo","Decay","Undo","BootSequence","Gash","Hologram"],"relics":["Cracked Core","Girya","Shuriken","Ginger","Nuclear Battery","Blue Candle","Centennial Puzzle"],"potions_floor_usage":[10,16,16,18,33],"damage_taken":[{"damage":0,"enemies":"Cultist","floor":1,"turns":3},{"damage":0,"enemies":"Small Slimes","floor":2,"turns":3},{"damage":21,"enemies":"3 Sentries","floor":6,"turns":11},{"damage":0,"enemies":"2 Louse","floor":7,"turns":2},{"damage":23,"enemies":"Gremlin Nob","floor":10,"turns":4},{"damage":2,"enemies":"Blue Slaver","floor":11,"turns":3},{"damage":1,"enemies":"Exordium Thugs","floor":12,"turns":5},{"damage":8,"enemies":"Slime Boss","floor":16,"turns":9},{"damage":22,"enemies":"2 Thieves","floor":18,"turns":3},{"damage":4,"enemies":"3 Byrds","floor":19,"turns":3},{"damage":14,"enemies":"3 Cultists","floor":20,"turns":7},{"damage":13,"enemies":"Snecko","floor":22,"turns":6},{"damage":8,"enemies":"Centurion and Healer","floor":25,"turns":6},{"damage":7,"enemies":"Snake Plant","floor":28,"turns":6},{"damage":11,"enemies":"Sentry and Sphere","floor":29,"turns":5},{"damage":26,"enemies":"Automaton","floor":33,"turns":6}],"seed_played":"-4223278469172328878","potions_obtained":[{"floor":2,"key":"Regen Potion"},{"floor":10,"key":"EssenceOfSteel"},{"floor":11,"key":"Ancient Potion"},{"floor":12,"key":"Dexterity Potion"},{"floor":16,"key":"Fire Potion"},{"floor":19,"key":"Energy Potion"},{"floor":20,"key":"AttackPotion"},{"floor":22,"key":"Block Potion"}],"is_trial":false,"path_per_floor":["M","M","$","?","?","E","M","R","T","E","M","M","$","$","R","B",null,"M","M","M","?","M","R","?","M","T","$","M","M","R","$","R","B"],"character_chosen":"DEFECT","items_purchased":["Hologram","Loop","BootSequence"],"campfire_rested":2,"item_purchase_floors":[3,14,27],"current_hp_per_floor":[64,64,64,64,64,43,43,43,43,32,30,29,29,29,29,21,59,37,33,19,19,6,27,27,19,19,19,12,1,1,1,22,0],"gold":40,"neow_bonus":"RANDOM_COLORLESS_2","is_prod":false,"is_daily":false,"chose_seed":false,"campfire_upgraded":1,"win_rate":0,"timestamp":1555573506,"path_taken":["M","M","$","?","?","E","M","R","T","E","M","?","?","$","R","BOSS","M","M","M","?","M","R","?","?","T","$","M","M","R","$","R","BOSS"],"build_version":"2019-01-23","purchased_purges":2,"victory":false,"max_hp_per_floor":[71,71,71,71,71,71,71,71,71,71,71,71,71,71,71,71,71,71,71,71,71,71,71,71,71,71,71,71,71,71,71,71,71],"card_choices":[{"not_picked":["Redo","Ball Lightning"],"picked":"Cold Snap","floor":1},{"not_picked":["Steam","Redo"],"picked":"Undo","floor":2},{"not_picked":["Compile Driver","Consume"],"picked":"Go for the Eyes","floor":6},{"not_picked":["Ball Lightning","Sweeping Beam"],"picked":"Doom and Gloom","floor":7},{"not_picked":["White Noise","Aggregate"],"picked":"Conserve Battery","floor":10},{"not_picked":["Buffer","Leap"],"picked":"Glacier","floor":11},{"not_picked":["Double Energy","Compile Driver","Steam Power"],"picked":"SKIP","floor":12},{"not_picked":["Biased Cognition","Thunder Strike"],"picked":"Seek","floor":16},{"not_picked":["Tempest","Scrape","Streamline"],"picked":"SKIP","floor":18},{"not_picked":["Glacier","Loop"],"picked":"Redo","floor":19},{"not_picked":["Tempest","Darkness","White Noise"],"picked":"SKIP","floor":20},{"not_picked":["Cold Snap","Blizzard","Streamline"],"picked":"SKIP","floor":22},{"not_picked":["Rebound","Leap"],"picked":"Undo","floor":25},{"not_picked":["Gash","Heatsinks","Storm"],"picked":"SKIP","floor":28},{"not_picked":["Heatsinks","Storm"],"picked":"Gash","floor":28},{"not_picked":["Melter","Cold Snap+1"],"picked":"Hologram","floor":29}],"player_experience":1177970,"relics_obtained":[{"floor":6,"key":"Girya"},{"floor":9,"key":"Shuriken"},{"floor":10,"key":"Ginger"},{"floor":26,"key":"Centennial Puzzle"}],"event_choices":[{"damage_healed":0,"gold_gain":0,"player_choice":"Leave","damage_taken":0,"max_hp_gain":0,"max_hp_loss":0,"event_name":"The Cleric","floor":4,"gold_loss":0},{"damage_healed":0,"gold_gain":50,"player_choice":"Pray","damage_taken":0,"max_hp_gain":0,"max_hp_loss":0,"event_name":"Golden Shrine","floor":5,"gold_loss":0},{"damage_healed":0,"gold_gain":0,"player_choice":"Smashed Altar","damage_taken":0,"max_hp_gain":0,"max_hp_loss":0,"event_name":"Forgotten Altar","floor":21,"gold_loss":0,"cards_obtained":["Decay"]},{"damage_healed":0,"gold_gain":0,"player_choice":"Opened","damage_taken":0,"relics_obtained":["Blue Candle"],"max_hp_gain":0,"max_hp_loss":0,"event_name":"The Mausoleum","floor":24,"gold_loss":0,"cards_obtained":["Writhe"]}],"is_beta":false,"boss_relics":[{"not_picked":["Philosopher\u0027s Stone","Cursed Key"],"picked":"Nuclear Battery"}],"items_purged_floors":[3,27],"is_endless":false,"potions_floor_spawned":[2,10,11,12,16,19,20,22],"killed_by":"Automaton","ascension_level":18}