{"gold_per_floor":[360,378,76,89,89,121,121,21,21,45,45,58,91,166,166,238,238,228,241,241,116,131,131,131,131,155,155,172,172,186,186,186,186],"floor_reached":33,"playtime":3676,"items_purged":["Decay","Strike_R","Writhe"],"score":446,"play_id":"afd1e6ee-bbc8-41fe-bfbf-e9c5048605b8","local_time":"20190425152619","is_ascension_mode":true,"campfire_choices":[{"floor":7,"key":"REST"},{"data":"Disarm","floor":15,"key":"SMITH"},{"data":"Offering","floor":23,"key":"SMITH"},{"floor":27,"key":"REST"},{"floor":32,"key":"REST"}],"neow_cost":"CURSE","seed_source_timestamp":2089241584497467,"circlet_count":0,"master_deck":["AscendersBane","Strike_R","Strike_R","Strike_R","Defend_R","Defend_R","Defend_R","Defend_R","Bash+1","Clothesline","Disarm+1","Metallicize","Reckless Charge","Headbutt","Feed","Offering+1","Spot Weakness","Rampage+1","J.A.X.","Heavy Blade","Necronomicurse"],"relics":["Burning Blood","PreservedInsect","Mercury Hourglass","Strawberry","Odd Mushroom","Torii","Mark of Pain","Unceasing Top","Centennial Puzzle","Necronomicon"],"potions_floor_usage":[10,16,18,22,31],"damage_taken":[{"damage":4,"enemies":"Jaw Worm","floor":1,"turns":3},{"damage":6,"enemies":"2 Louse","floor":2,"turns":3},{"damage":4,"enemies":"Cultist","floor":4,"turns":4},{"damage":33,"enemies":"3 Sentries","floor":6,"turns":10},{"damage":5,"enemies":"The Mushroom Lair","floor":10,"turns":3},{"damage":1,"enemies":"2 Fungi Beasts","floor":12,"turns":3},{"damage":15,"enemies":"Lagavulin","floor":13,"turns":6},{"damage":16,"enemies":"The Guardian","floor":16,"turns":10},{"damage":18,"enemies":"2 Thieves","floor":18,"turns":4},{"damage":13,"enemies":"Chosen","floor":19,"turns":6},{"damage":17,"enemies":"Centurion and Healer","floor":22,"turns":8},{"damage":18,"enemies":"Colosseum Slavers","floor":25,"turns":3},{"damage":11,"enemies":"Snake Plant","floor":28,"turns":2},{"damage":20,"enemies":"Snecko","floor":30,"turns":3},{"damage":15,"enemies":"Centurion and Healer","floor":31,"turns":4},{"damage":75,"enemies":"Automaton","floor":33,"turns":6}],"seed_played":"-1057763822955238474","potions_obtained":[{"floor":1,"key":"Dexterity Potion"},{"floor":6,"key":"Explosive Potion"},{"floor":13,"key":"Swift Potion"},{"floor":18,"key":"SmokeBomb"},{"floor":19,"key":"PowerPotion"}],"is_trial":false,"path_per_floor":["M","M","$","M","?","E","R","$","T","?","?","M","E","?","R","B",null,"M","M","?","$","M","R","?","?","T","R","M","?","M","M","R","B"],"character_chosen":"IRONCLAD","items_purchased":["PreservedInsect","Metallicize"],"campfire_rested":3,"item_purchase_floors":[3,3],"current_hp_per_floor":[70,70,70,72,72,45,67,67,74,75,75,80,71,60,60,50,74,65,58,58,58,50,50,50,38,38,64,59,38,24,15,41,0],"gold":186,"neow_bonus":"TWO_FIFTY_GOLD","is_prod":false,"is_daily":false,"chose_seed":false,"campfire_upgraded":2,"win_rate":0,"timestamp":1556184379,"path_taken":["M","M","$","M","?","E","R","$","T","?","?","?","E","?","R","BOSS","M","M","?","$","M","R","?","?","T","R","M","?","?","?","R","BOSS"],"build_version":"2019-01-23","purchased_purges":3,"victory":false,"max_hp_per_floor":[75,75,75,75,75,75,75,75,82,82,82,82,82,82,82,82,82,85,85,85,85,88,88,88,88,88,88,88,88,88,88,88,88],"card_choices":[{"not_picked":["Hemokinesis","Iron Wave"],"picked":"Clothesline","floor":1},{"not_picked":["Dual Wield","Bloodletting"],"picked":"Disarm","floor":2},{"not_picked":["Reckless Charge","Warcry","Infernal Blade"],"picked":"SKIP","floor":4},{"not_picked":["Warcry","Infernal Blade"],"picked":"Reckless Charge","floor":4},{"not_picked":["Inflame","Disarm"],"picked":"Headbutt","floor":6},{"not_picked":["Bloodletting","Armaments","Warcry"],"picked":"SKIP","floor":12},{"not_picked":["Clash","Warcry"],"picked":"Feed","floor":13},{"not_picked":["Juggernaut","Exhume"],"picked":"Offering","floor":16},{"not_picked":["Iron Wave","Hemokinesis"],"picked":"Spot Weakness","floor":18},{"not_picked":["Headbutt","Twin Strike","Clash"],"picked":"SKIP","floor":19},{"not_picked":["Perfected Strike+1","Cleave"],"picked":"Rampage+1","floor":22},{"not_picked":["Shrug It Off","Sword Boomerang"],"picked":"Heavy Blade","floor":28},{"not_picked":["Burning Pact","Flex","Twin Strike"],"picked":"SKIP","floor":30}],"player_experience":1212960,"relics_obtained":[{"floor":6,"key":"Mercury Hourglass"},{"floor":9,"key":"Strawberry"},{"floor":10,"key":"Odd Mushroom"},{"floor":13,"key":"Torii"},{"floor":26,"key":"Centennial Puzzle"},{"floor":29,"key":"Necronomicon"}],"event_choices":[{"damage_healed":0,"gold_gain":0,"player_choice":"Grow","damage_taken":0,"max_hp_gain":0,"max_hp_loss":0,"event_name":"Living Wall","floor":5,"gold_loss":0,"cards_upgraded":["Bash"]},{"damage_healed":0,"gold_gain":0,"player_choice":"Fought Mushrooms","damage_taken":0,"max_hp_gain":0,"max_hp_loss":0,"event_name":"Mushrooms","floor":10,"gold_loss":0},{"cards_removed":["Strike_R"],"damage_healed":0,"gold_gain":0,"player_choice":"Purged","damage_taken":0,"max_hp_gain":0,"max_hp_loss":0,"event_name":"Purifier","floor":11,"gold_loss":0},{"damage_healed":0,"gold_gain":75,"player_choice":"Gather Gold","damage_taken":11,"max_hp_gain":0,"max_hp_loss":0,"event_name":"World of Goop","floor":14,"gold_loss":0},{"damage_healed":0,"gold_gain":0,"player_choice":"Opened","damage_taken":0,"relics_obtained":["Unceasing Top"],"max_hp_gain":0,"max_hp_loss":0,"event_name":"The Mausoleum","floor":20,"gold_loss":0,"cards_obtained":["Writhe"]},{"damage_healed":0,"gold_gain":0,"player_choice":"Obtain J.A.X.","damage_taken":0,"max_hp_gain":0,"max_hp_loss":0,"event_name":"Drug Dealer","floor":24,"gold_loss":0,"cards_obtained":["J.A.X."]},{"damage_healed":0,"gold_gain":0,"player_choice":"Fight","damage_taken":0,"max_hp_gain":0,"max_hp_loss":0,"event_name":"Colosseum","floor":25,"gold_loss":0},{"damage_healed":0,"gold_gain":0,"player_choice":"Fled From Nobs","damage_taken":0,"max_hp_gain":0,"max_hp_loss":0,"event_name":"Colosseum","floor":25,"gold_loss":0},{"damage_healed":0,"gold_gain":0,"player_choice":"Obtained Book","damage_taken":21,"max_hp_gain":0,"max_hp_loss":0,"event_name":"Cursed Tome","floor":29,"gold_loss":0}],"is_beta":false,"boss_relics":[{"not_picked":["Orrery","Cursed Key"],"picked":"Mark of Pain"}],"items_purged_floors":[3,8,21],"is_endless":false,"potions_floor_spawned":[1,6,13,18,19],"killed_by":"Automaton","ascension_level":15}