{"gold_per_floor":[216,216,236,248,31,57,57,84,162,182,202,202,202,222,222,295,295,306,163,163,180,199,199,215,215,215,215,235,249,284,384,384,384],"floor_reached":33,"playtime":2643,"items_purged":[],"score":460,"play_id":"5b4d584e-c718-4447-a4f6-5469d7d8fbd5","local_time":"20190530142128","is_ascension_mode":true,"campfire_choices":[{"floor":7,"key":"REST"},{"floor":12,"key":"REST"},{"data":"Malaise","floor":15,"key":"SMITH"},{"data":"Footwork","floor":23,"key":"SMITH"},{"floor":25,"key":"REST"},{"data":"Deadly Poison","floor":27,"key":"SMITH"},{"floor":32,"key":"REST"}],"neow_cost":"NONE","seed_source_timestamp":243461807406051,"circlet_count":0,"master_deck":["AscendersBane","Defend_G","Defend_G","Defend_G","Defend_G+1","Defend_G","Strike_G","Strike_G","Strike_G","Strike_G","Strike_G","Survivor+1","Neutralize","Acrobatics","Deadly Poison+1","Footwork+1","Unload","Backflip","Malaise+1","Eviscerate","Bouncing Flask+1","Dagger Throw","Tools of the Trade","Dagger Throw+1","Well Laid Plans","Reflex","Underhanded Strike","Tactician","Escape Plan+1","Footwork"],"relics":["Ring of the Snake","Ginger","Bag of Marbles","Ninja Scroll","Sozu","MutagenicStrength","Toxic Egg 2","Girya"],"potions_floor_usage":[6,6],"damage_taken":[{"damage":4,"enemies":"Jaw Worm","floor":1,"turns":6},{"damage":0,"enemies":"2 Louse","floor":3,"turns":3},{"damage":5,"enemies":"Cultist","floor":4,"turns":5},{"damage":27,"enemies":"Gremlin Nob","floor":6,"turns":6},{"damage":14,"enemies":"Lagavulin","floor":8,"turns":6},{"damage":0,"enemies":"3 Louse","floor":10,"turns":3},{"damage":2,"enemies":"2 Fungi Beasts","floor":11,"turns":3},{"damage":3,"enemies":"Large Slime","floor":14,"turns":7},{"damage":23,"enemies":"Hexaghost","floor":16,"turns":11},{"damage":5,"enemies":"3 Byrds","floor":18,"turns":6},{"damage":4,"enemies":"2 Thieves","floor":21,"turns":3},{"damage":14,"enemies":"Shelled Parasite and Fungi","floor":22,"turns":6},{"damage":7,"enemies":"Cultist and Chosen","floor":24,"turns":4},{"damage":0,"enemies":"Snake Plant","floor":28,"turns":1},{"damage":0,"enemies":"Chosen and Byrds","floor":29,"turns":3},{"damage":30,"enemies":"Gremlin Leader","floor":30,"turns":9},{"damage":43,"enemies":"Champ","floor":33,"turns":9}],"seed_played":"-3186272958591180118","potions_obtained":[{"floor":3,"key":"GhostInAJar"},{"floor":4,"key":"Regen Potion"},{"floor":11,"key":"LiquidBronze"},{"floor":14,"key":"Poison Potion"}],"is_trial":false,"path_per_floor":["M","?","M","M","$","E","R","E","T","M","M","R","?","M","R","B",null,"M","$","?","M","M","R","M","R","T","R","M","M","E","?","R","B"],"character_chosen":"THE_SILENT","items_purchased":["Footwork","Unload","Well Laid Plans","Reflex"],"campfire_rested":4,"item_purchase_floors":[5,5,19,19],"current_hp_per_floor":[59,45,45,40,40,28,49,35,35,35,33,54,54,51,51,28,60,55,55,55,51,37,37,30,51,51,51,51,51,21,21,42,0],"gold":384,"neow_bonus":"HUNDRED_GOLD","is_prod":false,"is_daily":false,"chose_seed":false,"campfire_upgraded":3,"win_rate":0,"timestamp":1559197288,"path_taken":["M","?","M","M","$","E","R","E","T","M","M","R","?","M","R","BOSS","M","$","?","M","M","R","M","R","T","R","M","M","E","?","R","BOSS"],"build_version":"2019-01-23","purchased_purges":0,"victory":false,"max_hp_per_floor":[70,70,70,70,70,70,70,70,70,70,70,70,70,70,70,70,70,70,70,70,70,70,70,70,70,70,70,70,70,70,70,70,70],"card_choices":[{"not_picked":["Deflect","Underhanded Strike"],"picked":"Acrobatics","floor":1},{"not_picked":["Deflect","Underhanded Strike","Accuracy"],"picked":"SKIP","floor":3},{"not_picked":["Riddle With Holes","Underhanded Strike"],"picked":"Deadly Poison","floor":4},{"not_picked":["PiercingWail","Blade Dance"],"picked":"Backflip","floor":6},{"not_picked":["Skewer","Riddle With Holes"],"picked":"Malaise","floor":8},{"not_picked":["Outmaneuver","Blade Dance"],"picked":"Eviscerate","floor":10},{"not_picked":["Acrobatics","Tactician"],"picked":"Bouncing Flask","floor":11},{"not_picked":["Endless Agony","Distraction"],"picked":"Dagger Throw","floor":14},{"not_picked":["Grand Finale","Die Die Die"],"picked":"Tools of the Trade","floor":16},{"not_picked":["Dagger Spray","Backflip"],"picked":"Dagger Throw+1","floor":18},{"not_picked":["Acrobatics","Bouncing Flask"],"picked":"Underhanded Strike","floor":21},{"not_picked":["Acrobatics+1","Poisoned Stab"],"picked":"Tactician","floor":22},{"not_picked":["Backflip","Bane","Well Laid Plans"],"picked":"SKIP","floor":24},{"not_picked":["Infinite Blades","Bane"],"picked":"Escape Plan+1","floor":28},{"not_picked":["Infinite Blades","Accuracy","Caltrops"],"picked":"SKIP","floor":29},{"not_picked":["Poisoned Stab","Setup+1"],"picked":"Footwork","floor":30}],"player_experience":781140,"relics_obtained":[{"floor":6,"key":"Ginger"},{"floor":8,"key":"Bag of Marbles"},{"floor":9,"key":"Ninja Scroll"},{"floor":26,"key":"Toxic Egg 2"},{"floor":30,"key":"Girya"}],"event_choices":[{"damage_healed":0,"gold_gain":0,"player_choice":"Entered Light","damage_taken":14,"max_hp_gain":0,"max_hp_loss":0,"event_name":"Shining Light","floor":2,"gold_loss":0,"cards_upgraded":["Survivor","Defend_G"]},{"damage_healed":0,"gold_gain":0,"player_choice":"Grow","damage_taken":0,"max_hp_gain":0,"max_hp_loss":0,"event_name":"Living Wall","floor":13,"gold_loss":0,"cards_upgraded":["Bouncing Flask"]},{"damage_healed":0,"gold_gain":0,"player_choice":"Inject Mutagens","damage_taken":0,"relics_obtained":["MutagenicStrength"],"max_hp_gain":0,"max_hp_loss":0,"event_name":"Drug Dealer","floor":20,"gold_loss":0},{"damage_healed":0,"gold_gain":100,"player_choice":"Pray","damage_taken":0,"max_hp_gain":0,"max_hp_loss":0,"event_name":"Golden Shrine","floor":31,"gold_loss":0}],"is_beta":false,"boss_relics":[{"not_picked":["Orrery","Lizard Tail"],"picked":"Sozu"}],"items_purged_floors":[],"is_endless":false,"potions_floor_spawned":[3,4,11,14,22,28,29],"killed_by":"Champ","ascension_level":13}