{"gold_per_floor":[113,123,141,153,39,39,69,80,80,80],"floor_reached":10,"playtime":402,"items_purged":["Strike_B"],"score":140,"play_id":"c46fc7af-9021-49ae-8f88-6a410c9b563c","local_time":"20190508172808","is_ascension_mode":true,"campfire_choices":[{"data":"Sunder","floor":6,"key":"SMITH"}],"neow_cost":"NONE","seed_source_timestamp":3223038840712724,"circlet_count":0,"master_deck":["AscendersBane","Strike_B","Strike_B","Strike_B","Defend_B","Defend_B","Defend_B","Defend_B","Zap","Dualcast","Conserve Battery","Streamline","Barrage","BootSequence","Sunder+1","Static Discharge","Darkness"],"relics":["Cracked Core","NeowsBlessing","Potion Belt","Pantograph"],"potions_floor_usage":[7,7,10],"damage_taken":[{"damage":0,"enemies":"Cultist","floor":1,"turns":1},{"damage":0,"enemies":"Small Slimes","floor":2,"turns":1},{"damage":0,"enemies":"Jaw Worm","floor":3,"turns":1},{"damage":10,"enemies":"Looter","floor":4,"turns":3},{"damage":15,"enemies":"Lagavulin","floor":7,"turns":4},{"damage":0,"enemies":"Gremlin Gang","floor":8,"turns":5},{"damage":44,"enemies":"Gremlin Nob","floor":10,"turns":4}],"seed_played":"-9131325841831960066","potions_obtained":[{"floor":1,"key":"LiquidBronze"},{"floor":2,"key":"Fire Potion"},{"floor":3,"key":"Explosive Potion"},{"floor":8,"key":"Block Potion"}],"is_trial":false,"path_per_floor":["M","M","M","M","$","R","E","M","T","E"],"character_chosen":"DEFECT","items_purchased":["Sunder"],"campfire_rested":0,"item_purchase_floors":[5],"current_hp_per_floor":[64,64,64,54,54,54,39,39,39,0],"gold":80,"neow_bonus":"THREE_ENEMY_KILL","is_prod":false,"is_daily":false,"chose_seed":false,"campfire_upgraded":1,"win_rate":0,"timestamp":1557314888,"path_taken":["M","M","M","M","$","R","E","M","T","E"],"build_version":"2019-01-23","purchased_purges":1,"victory":false,"max_hp_per_floor":[71,71,71,71,71,71,71,71,71,71],"card_choices":[{"not_picked":["Scrape","Stack"],"picked":"Conserve Battery","floor":1},{"not_picked":["Gash","Go for the Eyes"],"picked":"Streamline","floor":2},{"not_picked":["White Noise","Loop"],"picked":"Barrage","floor":3},{"not_picked":["Blizzard","Rip and Tear"],"picked":"BootSequence","floor":4},{"not_picked":["Rainbow","Beam Cell"],"picked":"Static Discharge","floor":7},{"not_picked":["Leap","Aggregate"],"picked":"Darkness","floor":8}],"player_experience":1316575,"relics_obtained":[{"floor":7,"key":"Potion Belt"},{"floor":9,"key":"Pantograph"}],"event_choices":[],"is_beta":false,"boss_relics":[],"items_purged_floors":[5],"is_endless":false,"potions_floor_spawned":[1,2,3,8],"killed_by":"Gremlin Nob","ascension_level":20}