{"gold_per_floor":[113,83,102,115,134,167,167,187,187,218,218,168,168,185,185,288,288,299,311,324,94,94,94,120,120,120,154,164,20,20,38,38,139,139,151,0,0,20,34,63,75,99,185,217,240,280,303,58,58,58],"floor_reached":51,"playtime":1670,"items_purged":["Strike_R","Strike_R"],"score":1049,"play_id":"64044b9a-34c3-4821-962a-ff49d52717f9","local_time":"20190528131227","is_ascension_mode":true,"campfire_choices":[{"data":"Bash","floor":7.0,"key":"SMITH"},{"data":"Demon Form","floor":11.0,"key":"SMITH"},{"data":"Combust","floor":13.0,"key":"SMITH"},{"data":"Clothesline","floor":15.0,"key":"SMITH"},{"floor":23.0,"key":"REST"},{"data":"Feed","floor":25.0,"key":"SMITH"},{"floor":32.0,"key":"REST"},{"floor":41.0,"key":"REST"},{"floor":49.0,"key":"REST"}],"neow_cost":"NONE","seed_source_timestamp":228112575655300,"circlet_count":0,"master_deck":["Strike_R+1","Strike_R+1","Defend_R","Defend_R","Defend_R","Defend_R","Bash+1","Twin Strike","Combust+1","Clothesline+1","Feel No Pain","Demon Form+1","Feed+1","Anger+1","Shrug It Off","Thunderclap","Immolate","Fiend Fire","Thunderclap+1","Demon Form+1","True Grit+1","Flex+1","Sword Boomerang+1","Shrug It Off","Flex+1","True Grit+1"],"special_seed":0,"relics":["Burning Blood","Anchor","Du-Vu Doll","Odd Mushroom","Meat on the Bone","Philosopher\u0027s Stone","Vajra","Regal Pillow","Whetstone","FossilizedHelix","Bag of Marbles","Darkstone Periapt","Runic Pyramid","Red Mask","MawBank","Bottled Flame","Kunai","Pen Nib"],"potions_floor_usage":[50,50],"damage_taken":[{"damage":6.0,"enemies":"Jaw Worm","floor":1.0,"turns":4.0},{"damage":1.0,"enemies":"Cultist","floor":3.0,"turns":4.0},{"damage":1.0,"enemies":"Small Slimes","floor":4.0,"turns":3.0},{"damage":1.0,"enemies":"2 Fungi Beasts","floor":5.0,"turns":4.0},{"damage":25.0,"enemies":"3 Sentries","floor":6.0,"turns":6.0},{"damage":14.0,"enemies":"The Mushroom Lair","floor":8.0,"turns":3.0},{"damage":24.0,"enemies":"Lagavulin","floor":10.0,"turns":6.0},{"damage":11.0,"enemies":"Exordium Thugs","floor":14.0,"turns":4.0},{"damage":18.0,"enemies":"The Guardian","floor":16.0,"turns":9.0},{"damage":24.0,"enemies":"2 Thieves","floor":18.0,"turns":4.0},{"damage":32.0,"enemies":"Chosen","floor":19.0,"turns":6.0},{"damage":38.0,"enemies":"Snake Plant","floor":20.0,"turns":4.0},{"damage":30.0,"enemies":"Gremlin Leader","floor":24.0,"turns":5.0},{"damage":40.0,"enemies":"Slavers","floor":27.0,"turns":5.0},{"damage":12.0,"enemies":"Shelled Parasite and Fungi","floor":28.0,"turns":5.0},{"damage":36.0,"enemies":"Sentry and Sphere","floor":31.0,"turns":4.0},{"damage":18.0,"enemies":"Champ","floor":33.0,"turns":8.0},{"damage":37.0,"enemies":"3 Darklings","floor":35.0,"turns":4.0},{"damage":16.0,"enemies":"Orb Walker","floor":38.0,"turns":3.0},{"damage":25.0,"enemies":"Writhing Mass","floor":39.0,"turns":6.0},{"damage":45.0,"enemies":"Giant Head","floor":40.0,"turns":6.0},{"damage":0.0,"enemies":"Jaw Worm Horde","floor":42.0,"turns":2.0},{"damage":19.0,"enemies":"Spire Growth","floor":44.0,"turns":3.0},{"damage":0.0,"enemies":"Sphere and 2 Shapes","floor":45.0,"turns":2.0},{"damage":0.0,"enemies":"Reptomancer","floor":46.0,"turns":3.0},{"damage":31.0,"enemies":"Transient","floor":47.0,"turns":5.0},{"damage":74,"enemies":"Awakened One","floor":50,"turns":8}],"seed_played":"6112692735978575658","potions_obtained":[{"floor":1.0,"key":"Block Potion"},{"floor":2.0,"key":"Swift Potion"},{"floor":2.0,"key":"Energy Potion"},{"floor":16.0,"key":"Block Potion"},{"floor":19.0,"key":"Ancient Potion"},{"floor":24.0,"key":"Energy Potion"},{"floor":28.0,"key":"FairyPotion"},{"floor":35.0,"key":"EntropicBrew"},{"floor":45.0,"key":"Explosive Potion"}],"is_trial":false,"path_per_floor":["M","?","M","M","M","E","R","?","T","E","R","?","R","M","R","B",null,"M","M","M","$","?","R","E","R","T","E","M","$","T","M","R","B",null,"M","?","?","M","M","E","R","M","T","M","M","E","M","$","R","B",null],"character_chosen":"IRONCLAD","items_purchased":["Vajra","Bag of Marbles","Pen Nib"],"campfire_rested":4,"item_purchase_floors":[21,29,48],"current_hp_per_floor":[80,80,80,80,80,61,61,53,53,35,35,35,35,42,42,42,71,56,45,25,25,25,50,41,41,41,23,33,33,33,31,76,68,96,65,65,65,71,64,37,84,94,94,81,87,93,68,68,113,57],"gold":58,"neow_bonus":"RANDOM_COMMON_RELIC","is_prod":false,"is_daily":false,"chose_seed":false,"campfire_upgraded":5,"win_rate":0,"timestamp":1559041947,"path_taken":["M","?","?","M","M","E","R","?","T","E","R","?","R","M","R","BOSS","M","M","M","$","?","R","E","R","T","E","M","$","?","M","R","BOSS","M","?","?","?","M","E","R","M","T","M","M","E","M","$","R","BOSS"],"build_version":"2019-01-23","purchased_purges":2,"victory":true,"max_hp_per_floor":[80,80,80,80,80,80,80,80,80,80,80,80,80,80,80,80,80,83,86,86,86,86,86,89,89,89,93,97,97,97,101,101,105,105,105,105,105,109,109,109,109,113,113,113,113,113,113,113,113,113],"card_choices":[{"not_picked":["Power Through","Burning Pact"],"picked":"Twin Strike","floor":1.0},{"not_picked":["Iron Wave","Sentinel"],"picked":"Combust","floor":3.0},{"not_picked":["Cleave","Power Through"],"picked":"Clothesline","floor":4.0},{"not_picked":["Burning Pact","Entrench","Heavy Blade"],"picked":"SKIP","floor":5.0},{"not_picked":["Ghostly Armor","Thunderclap","Twin Strike"],"picked":"SKIP","floor":6.0},{"not_picked":["Iron Wave","True Grit"],"picked":"Feel No Pain","floor":8.0},{"not_picked":["Disarm","Shrug It Off"],"picked":"Demon Form","floor":10.0},{"not_picked":["Blood for Blood","Flex","Combust"],"picked":"SKIP","floor":14.0},{"not_picked":["Double Tap","Fiend Fire"],"picked":"Feed","floor":16.0},{"not_picked":["Clash","Infernal Blade","True Grit"],"picked":"SKIP","floor":18.0},{"not_picked":["Wild Strike+1","Pommel Strike"],"picked":"Anger+1","floor":19.0},{"not_picked":["Clothesline+1","Perfected Strike"],"picked":"Shrug It Off","floor":20.0},{"not_picked":["Flex","Twin Strike","Second Wind"],"picked":"SKIP","floor":24.0},{"not_picked":["Sever Soul","Uppercut"],"picked":"Thunderclap","floor":27.0},{"not_picked":["Second Wind","Inflame","Feel No Pain"],"picked":"SKIP","floor":28.0},{"not_picked":["Flame Barrier+1","Armaments"],"picked":"Immolate","floor":31.0},{"not_picked":["Juggernaut","Berserk"],"picked":"Fiend Fire","floor":33.0},{"not_picked":["Cleave","Body Slam"],"picked":"Thunderclap+1","floor":35.0},{"not_picked":["Fire Breathing+1","Warcry"],"picked":"True Grit+1","floor":38.0},{"not_picked":["Rage","Metallicize+1"],"picked":"Flex+1","floor":39.0},{"not_picked":["Heavy Blade","Carnage"],"picked":"Sword Boomerang+1","floor":40.0},{"not_picked":["Sentinel","Anger+1"],"picked":"Shrug It Off","floor":42.0},{"not_picked":["Combust+1","Dropkick"],"picked":"Flex+1","floor":44.0},{"not_picked":["Clash","Perfected Strike","Cleave"],"picked":"SKIP","floor":45.0},{"not_picked":["Headbutt","Fire Breathing","Berserk"],"picked":"SKIP","floor":46.0},{"not_picked":["Anger","Twin Strike+1"],"picked":"True Grit+1","floor":47.0}],"player_experience":57455,"relics_obtained":[{"floor":6.0,"key":"Du-Vu Doll"},{"floor":8.0,"key":"Odd Mushroom"},{"floor":10.0,"key":"Meat on the Bone"},{"floor":24.0,"key":"Regal Pillow"},{"floor":26.0,"key":"Whetstone"},{"floor":27.0,"key":"FossilizedHelix"},{"floor":30.0,"key":"Darkstone Periapt"},{"floor":40.0,"key":"MawBank"},{"floor":43.0,"key":"Bottled Flame"},{"floor":46.0,"key":"Kunai"}],"event_choices":[{"damage_healed":0.0,"max_hp_gain":0.0,"max_hp_loss":0.0,"gold_gain":0.0,"event_name":"The Woman in Blue","player_choice":"Bought 2 Potions","floor":2.0,"gold_loss":0.0,"damage_taken":0.0},{"damage_healed":0.0,"max_hp_gain":0.0,"max_hp_loss":0.0,"gold_gain":0.0,"event_name":"Mushrooms","player_choice":"Fought Mushrooms","floor":8.0,"gold_loss":0.0,"damage_taken":0.0},{"cards_removed":["Strike_R"],"damage_healed":0.0,"max_hp_gain":0.0,"max_hp_loss":0.0,"gold_gain":0.0,"event_name":"The Cleric","player_choice":"Card Removal","floor":12.0,"gold_loss":50.0,"damage_taken":0.0},{"damage_healed":0.0,"max_hp_gain":0.0,"max_hp_loss":0.0,"gold_gain":0.0,"event_name":"FaceTrader","player_choice":"Leave","floor":22.0,"gold_loss":0.0,"damage_taken":0.0},{"damage_healed":0.0,"max_hp_gain":0.0,"max_hp_loss":0.0,"gold_gain":0.0,"event_name":"Tomb of Lord Red Mask","player_choice":"Paid","floor":36.0,"gold_loss":151.0,"damage_taken":0.0,"relics_obtained":["Red Mask"]},{"damage_healed":0.0,"max_hp_gain":0.0,"max_hp_loss":0.0,"gold_gain":0.0,"event_name":"Duplicator","player_choice":"Copied","floor":37.0,"gold_loss":0.0,"damage_taken":0.0,"cards_obtained":["Demon Form"]}],"is_beta":false,"boss_relics":[{"not_picked":["Pandora\u0027s Box","Black Star"],"picked":"Philosopher\u0027s Stone"},{"not_picked":["White Beast Statue","Lizard Tail"],"picked":"Runic Pyramid"}],"items_purged_floors":[21,48],"is_endless":false,"potions_floor_spawned":[1,5,8,16,19,20,24,28,35,44,45,47],"ascension_level":5}