{"gold_per_floor":[117,39,57,57,18,18,47,59,110,139,159,186,186,219,219,294,294,311,411,411],"floor_reached":20,"playtime":1147,"items_purged":[],"score":391,"play_id":"d915ae4e-dd1f-4900-a003-b87716be765d","local_time":"20190515140515","is_ascension_mode":true,"campfire_choices":[{"data":"Dash","floor":13.0,"key":"SMITH"},{"data":"Night Terror","floor":15.0,"key":"SMITH"}],"neow_cost":"NONE","seed_source_timestamp":3814677591252444,"circlet_count":0,"master_deck":["AscendersBane","Defend_G","Defend_G","Defend_G","Defend_G","Defend_G","Strike_G","Strike_G","Strike_G","Strike_G","Strike_G","Survivor","Neutralize","Bouncing Flask","Dagger Spray+1","Dash+1","Poisoned Stab","Dodge and Roll","Night Terror+1","Backstab","PiercingWail","After Image","Shame","Escape Plan","Concentrate"],"special_seed":0,"relics":["Ring of the Snake","NeowsBlessing","Omamori","Centennial Puzzle","Mango","Odd Mushroom","Juzu Bracelet","Calling Bell","Lantern","Mercury Hourglass","Girya","Shovel","Ninja Scroll"],"potions_floor_usage":[20],"damage_taken":[{"damage":0.0,"enemies":"Jaw Worm","floor":1.0,"turns":1.0},{"damage":0.0,"enemies":"Small Slimes","floor":3.0,"turns":1.0},{"damage":0.0,"enemies":"3 Sentries","floor":7.0,"turns":1.0},{"damage":0.0,"enemies":"2 Louse","floor":8.0,"turns":3.0},{"damage":2.0,"enemies":"Gremlin Nob","floor":10.0,"turns":3.0},{"damage":24.0,"enemies":"Large Slime","floor":11.0,"turns":6.0},{"damage":10.0,"enemies":"The Mushroom Lair","floor":12.0,"turns":3.0},{"damage":13.0,"enemies":"Lagavulin","floor":14.0,"turns":5.0},{"damage":27.0,"enemies":"Slime Boss","floor":16.0,"turns":12.0},{"damage":11.0,"enemies":"2 Thieves","floor":18.0,"turns":4.0},{"damage":12.0,"enemies":"Colosseum Slavers","floor":19.0,"turns":4.0},{"damage":40.0,"enemies":"Colosseum Nobs","floor":19.0,"turns":6.0},{"damage":1,"enemies":"3 Byrds","floor":20,"turns":2}],"seed_played":"2594608040741353140","potions_obtained":[{"floor":1.0,"key":"PowerPotion"},{"floor":10.0,"key":"Energy Potion"},{"floor":18.0,"key":"AttackPotion"},{"floor":19.0,"key":"Weak Potion"}],"is_trial":false,"path_per_floor":["M","$","M","?","$","?","E","M","T","E","M","?","R","E","R","B",null,"M","?","M"],"character_chosen":"THE_SILENT","items_purchased":["Dagger Spray","Poison Potion","Dash"],"campfire_rested":0,"item_purchase_floors":[2,2,5],"current_hp_per_floor":[59,59,59,59,59,64,64,64,64,76,52,42,42,29,29,2,64,53,1,0],"gold":411,"neow_bonus":"THREE_ENEMY_KILL","is_prod":false,"is_daily":false,"chose_seed":false,"campfire_upgraded":2,"win_rate":0,"timestamp":1557907515,"path_taken":["M","$","M","?","$","?","E","M","T","E","M","?","R","E","R","BOSS","M","?","M"],"build_version":"2019-01-23","purchased_purges":0,"victory":false,"max_hp_per_floor":[66,66,66,66,66,71,71,71,71,85,85,85,85,85,85,85,85,85,85,85],"card_choices":[{"not_picked":["Infinite Blades","Bane"],"picked":"Bouncing Flask","floor":1.0},{"not_picked":["Prepared","Dodge and Roll","Dagger Throw"],"picked":"SKIP","floor":3.0},{"not_picked":["Terror","Phantasmal Killer"],"picked":"Poisoned Stab","floor":7.0},{"not_picked":["Flying Knee","Slice"],"picked":"Dodge and Roll","floor":8.0},{"not_picked":["Sucker Punch","PiercingWail"],"picked":"Night Terror","floor":10.0},{"not_picked":["Prepared","Slice"],"picked":"Backstab","floor":11.0},{"not_picked":["Dagger Throw","Dodge and Roll"],"picked":"PiercingWail","floor":14.0},{"not_picked":["Doppelganger","Adrenaline"],"picked":"After Image","floor":16.0},{"not_picked":["Prepared","All Out Attack"],"picked":"Escape Plan","floor":18.0},{"not_picked":["Terror","Dagger Spray"],"picked":"Concentrate","floor":19.0}],"player_experience":1348730,"relics_obtained":[{"floor":7.0,"key":"Omamori"},{"floor":9.0,"key":"Centennial Puzzle"},{"floor":10.0,"key":"Mango"},{"floor":12.0,"key":"Odd Mushroom"},{"floor":14.0,"key":"Juzu Bracelet"},{"floor":17.0,"key":"Lantern"},{"floor":17.0,"key":"Mercury Hourglass"},{"floor":17.0,"key":"Girya"},{"floor":19.0,"key":"Shovel"},{"floor":19.0,"key":"Ninja Scroll"}],"event_choices":[{"damage_healed":0.0,"max_hp_gain":0.0,"max_hp_loss":0.0,"gold_gain":0.0,"event_name":"Living Wall","player_choice":"Grow","floor":4.0,"gold_loss":0.0,"damage_taken":0.0,"cards_upgraded":["Dagger Spray"]},{"damage_healed":0.0,"max_hp_gain":5.0,"max_hp_loss":0.0,"gold_gain":0.0,"event_name":"Big Fish","player_choice":"Donut","floor":6.0,"gold_loss":0.0,"damage_taken":0.0},{"damage_healed":0.0,"max_hp_gain":0.0,"max_hp_loss":0.0,"gold_gain":0.0,"event_name":"Mushrooms","player_choice":"Fought Mushrooms","floor":12.0,"gold_loss":0.0,"damage_taken":0.0},{"damage_healed":0.0,"max_hp_gain":0.0,"max_hp_loss":0.0,"gold_gain":0.0,"event_name":"Colosseum","player_choice":"Fight","floor":19.0,"gold_loss":0.0,"damage_taken":0.0},{"damage_healed":0.0,"max_hp_gain":0.0,"max_hp_loss":0.0,"gold_gain":0.0,"event_name":"Colosseum","player_choice":"Fought Nobs","floor":19.0,"gold_loss":0.0,"damage_taken":0.0}],"is_beta":false,"boss_relics":[{"not_picked":["Astrolabe","Philosopher\u0027s Stone"],"picked":"Calling Bell"}],"items_purged_floors":[],"is_endless":false,"potions_floor_spawned":[1,8,10,11,18,19],"killed_by":"3 Byrds","ascension_level":14}