{"gold_per_floor":[114,128,128,203,214,248,248,4,4,21,47,72,104,114,114,214,214,230,240,240,154,154],"floor_reached":22,"playtime":1254,"items_purged":["Strike_B"],"score":275,"play_id":"05f582c5-7274-4549-91c1-5791a2cafb93","local_time":"20190530194610","is_ascension_mode":true,"campfire_choices":[{"floor":7.0,"key":"REST"},{"floor":15.0,"key":"REST"}],"neow_cost":"NONE","seed_source_timestamp":0,"circlet_count":0,"master_deck":["Strike_B","Strike_B","Strike_B","Defend_B","Defend_B","Defend_B","Defend_B","Zap","Dualcast","Reinforced Body","Sweeping Beam","Sweeping Beam","Defragment","Coolheaded","Cold Snap","Barrage","Cold Snap","Creative AI","Leap","Amplify","Chaos+1","Coolheaded"],"special_seed":0,"relics":["Cracked Core","Blood Vial","Question Card","Boot","Bottled Lightning","Omamori","Ancient Tea Set","Sozu","Smiling Mask"],"potions_floor_usage":[],"damage_taken":[{"damage":8.0,"enemies":"2 Louse","floor":1.0,"turns":2.0},{"damage":8.0,"enemies":"Jaw Worm","floor":2.0,"turns":4.0},{"damage":0.0,"enemies":"Cultist","floor":5.0,"turns":3.0},{"damage":24.0,"enemies":"Lagavulin","floor":6.0,"turns":8.0},{"damage":0.0,"enemies":"2 Fungi Beasts","floor":10.0,"turns":3.0},{"damage":20.0,"enemies":"Gremlin Nob","floor":11.0,"turns":5.0},{"damage":14.0,"enemies":"3 Sentries","floor":13.0,"turns":7.0},{"damage":12.0,"enemies":"Exordium Wildlife","floor":14.0,"turns":5.0},{"damage":31.0,"enemies":"The Guardian","floor":16.0,"turns":20.0},{"damage":0,"enemies":"3 Byrds","floor":18,"turns":6},{"damage":6,"enemies":"Shell Parasite","floor":19,"turns":12},{"damage":44,"enemies":"Colosseum Slavers","floor":20,"turns":5},{"damage":0,"enemies":"Snecko","floor":22,"turns":1}],"seed_played":"-8477524799345167323","potions_obtained":[{"floor":1.0,"key":"FearPotion"},{"floor":6.0,"key":"Weak Potion"},{"floor":13.0,"key":"SteroidPotion"}],"is_trial":false,"path_per_floor":["M","M","?","?","M","E","R","$","T","M","E","T","E","M","R","B",null,"M","M","?","?","M"],"character_chosen":"DEFECT","items_purchased":["Defragment","Coolheaded","Cold Snap"],"campfire_rested":2,"item_purchase_floors":[8,8,8],"current_hp_per_floor":[62,56,56,45,47,25,47,47,47,49,31,31,19,9,31,2,57,59,55,13,13,15],"gold":154,"neow_bonus":"RANDOM_COMMON_RELIC","is_prod":false,"is_daily":false,"chose_seed":false,"campfire_upgraded":0,"win_rate":0,"timestamp":1559238370,"path_taken":["M","M","?","?","M","E","R","?","T","?","E","?","E","M","R","BOSS","M","M","?","?","?"],"build_version":"2019-01-23","purchased_purges":1,"victory":false,"max_hp_per_floor":[75,75,75,75,75,75,75,75,75,75,75,75,75,75,75,75,75,75,75,75,75,75],"card_choices":[{"not_picked":["Turbo","Skim"],"picked":"Reinforced Body","floor":1.0},{"not_picked":["Leap","Steam","Hello World"],"picked":"SKIP","floor":2.0},{"not_picked":["Undo","Go for the Eyes"],"picked":"Sweeping Beam","floor":5.0},{"not_picked":["Hello World","Stack"],"picked":"Sweeping Beam","floor":6.0},{"not_picked":["Redo","Leap","Steam"],"picked":"Barrage","floor":10.0},{"not_picked":["Heatsinks","Gash","Consume"],"picked":"Cold Snap","floor":11.0},{"not_picked":["Redo","BootSequence","Lockon"],"picked":"Creative AI","floor":13.0},{"not_picked":["Compile Driver","Turbo","Beam Cell"],"picked":"Leap","floor":14.0},{"not_picked":["Rainbow","Fission","Meteor Strike"],"picked":"Amplify","floor":16.0},{"not_picked":["Beam Cell","Aggregate+1","Turbo"],"picked":"Chaos+1","floor":18},{"not_picked":["Storm","Turbo","Hologram"],"picked":"Coolheaded","floor":19}],"player_experience":76313,"relics_obtained":[{"floor":6.0,"key":"Question Card"},{"floor":9.0,"key":"Boot"},{"floor":11.0,"key":"Bottled Lightning"},{"floor":12.0,"key":"Omamori"},{"floor":13.0,"key":"Ancient Tea Set"}],"event_choices":[{"damage_healed":0.0,"max_hp_gain":0.0,"max_hp_loss":0.0,"gold_gain":0.0,"event_name":"Liars Game","player_choice":"Ignored","floor":3.0,"gold_loss":0.0,"damage_taken":0.0},{"damage_healed":0.0,"max_hp_gain":0.0,"max_hp_loss":0.0,"gold_gain":75.0,"event_name":"World of Goop","player_choice":"Gather Gold","floor":4.0,"gold_loss":0.0,"damage_taken":11.0},{"damage_healed":0,"gold_gain":0,"player_choice":"Fight","damage_taken":0,"max_hp_gain":0,"max_hp_loss":0,"event_name":"Colosseum","floor":20,"gold_loss":0},{"damage_healed":0,"gold_gain":0,"player_choice":"Fled From Nobs","damage_taken":0,"max_hp_gain":0,"max_hp_loss":0,"event_name":"Colosseum","floor":20,"gold_loss":0},{"damage_healed":0,"gold_gain":0,"player_choice":"Paid Gold","damage_taken":0,"relics_obtained":["Smiling Mask"],"max_hp_gain":0,"max_hp_loss":0,"event_name":"WeMeetAgain","floor":21,"gold_loss":86}],"is_beta":false,"boss_relics":[{"not_picked":["Busted Crown","Lizard Tail"],"picked":"Sozu"}],"items_purged_floors":[8],"is_endless":false,"potions_floor_spawned":[1,6,13,20],"killed_by":"Snecko","ascension_level":7}