{"gold_per_floor":[15,29,29,29,40,68,118,151,177,177,177,142,155,185,197,310,322,348,275,287,312,324,336],"floor_reached":23,"playtime":1351,"items_purged":[],"score":228,"play_id":"784e03a6-3ccf-4227-8394-7c6f954dc504","local_time":"20190313212356","is_ascension_mode":true,"campfire_choices":[{"floor":11,"key":"REST"},{"data":"Zap","floor":15,"key":"SMITH"}],"neow_cost":"NO_GOLD","seed_source_timestamp":7673757886570952,"circlet_count":0,"master_deck":["Strike_B+1","Strike_B","Strike_B","Defend_B","Defend_B","Defend_B","Defend_B","Zap+1","Dualcast","Streamline+1","Leap","Seek","Storm","Conserve Battery","Echo Form","Tempest","Hello World","Decay"],"relics":["Cracked Core","StoneCalendar","Oddly Smooth Stone","Bird Faced Urn","DataDisk","MawBank","Sozu","Bag of Preparation"],"potions_floor_usage":[14,14],"damage_taken":[{"damage":0,"enemies":"Small Slimes","floor":1,"turns":3},{"damage":2,"enemies":"2 Louse","floor":2,"turns":2},{"damage":0,"enemies":"Cultist","floor":5,"turns":2},{"damage":41,"enemies":"Gremlin Nob","floor":6,"turns":5},{"damage":6,"enemies":"3 Sentries","floor":8,"turns":7},{"damage":6,"enemies":"Exordium Wildlife","floor":13,"turns":4},{"damage":2,"enemies":"Lagavulin","floor":14,"turns":4},{"damage":27,"enemies":"The Guardian","floor":16,"turns":8},{"damage":25,"enemies":"3 Byrds","floor":18,"turns":5},{"damage":26,"enemies":"Colosseum Slavers","floor":20,"turns":4},{"damage":2,"enemies":"Shell Parasite","floor":21,"turns":6},{"damage":33,"enemies":"Gremlin Leader","floor":23,"turns":4}],"seed_played":"7724951056073446806","potions_obtained":[{"floor":8,"key":"SkillPotion"},{"floor":13,"key":"AttackPotion"},{"floor":16,"key":"Strength Potion"}],"is_trial":false,"path_per_floor":["M","M","?","?","M","E","T","E","T","?","R","?","M","E","R","B",null,"M","?","?","M","?","E"],"character_chosen":"DEFECT","items_purchased":[],"campfire_rested":1,"item_purchase_floors":[],"current_hp_per_floor":[75,73,58,58,58,17,17,11,11,36,58,75,69,67,67,42,75,50,50,26,28,28,0],"gold":336,"neow_bonus":"ONE_RARE_RELIC","is_prod":false,"is_daily":false,"chose_seed":false,"campfire_upgraded":1,"win_rate":0,"timestamp":1552526636,"path_taken":["M","M","?","?","?","E","?","E","T","?","R","?","M","E","R","BOSS","M","?","?","M","?","E"],"build_version":"2019-01-23","purchased_purges":0,"victory":false,"max_hp_per_floor":[75,75,75,75,75,75,75,75,75,75,75,75,75,75,75,75,75,75,75,75,75,75,75],"card_choices":[{"not_picked":["Hologram","Steam","Chaos"],"picked":"SKIP","floor":1},{"not_picked":["Hologram","Undo"],"picked":"Streamline","floor":2},{"not_picked":["Streamline","Chill"],"picked":"Leap","floor":5},{"not_picked":["Sweeping Beam","Self Repair"],"picked":"Seek","floor":6},{"not_picked":["Cold Snap","Gash","Hologram"],"picked":"SKIP","floor":8},{"not_picked":["Turbo","Skim"],"picked":"Storm","floor":13},{"not_picked":["Beam Cell","Auto Shields"],"picked":"Conserve Battery","floor":14},{"not_picked":["Fission","Hyperbeam"],"picked":"Echo Form","floor":16},{"not_picked":["Doom and Gloom","Hologram"],"picked":"Tempest","floor":18},{"not_picked":["Melter+1","Leap"],"picked":"Hello World","floor":21}],"player_experience":222226,"relics_obtained":[{"floor":6,"key":"Oddly Smooth Stone"},{"floor":8,"key":"Bird Faced Urn"},{"floor":9,"key":"DataDisk"},{"floor":14,"key":"MawBank"}],"event_choices":[{"damage_healed":0,"gold_gain":0,"player_choice":"Entered Light","damage_taken":15,"max_hp_gain":0,"max_hp_loss":0,"event_name":"Shining Light","floor":3,"gold_loss":0,"cards_upgraded":["Streamline","Strike_B"]},{"cards_removed":["Strike_B"],"damage_healed":0,"gold_gain":0,"player_choice":"Purged","damage_taken":0,"max_hp_gain":0,"max_hp_loss":0,"event_name":"Purifier","floor":4,"gold_loss":0},{"damage_healed":25,"gold_gain":0,"player_choice":"Banana","damage_taken":0,"max_hp_gain":0,"max_hp_loss":0,"event_name":"Big Fish","floor":10,"gold_loss":0},{"damage_healed":18,"gold_gain":0,"player_choice":"Healed","damage_taken":0,"max_hp_gain":0,"max_hp_loss":0,"event_name":"The Cleric","floor":12,"gold_loss":35},{"damage_healed":0,"gold_gain":0,"player_choice":"Obtained Relic","damage_taken":0,"relics_obtained":["Bag of Preparation"],"max_hp_gain":0,"max_hp_loss":0,"event_name":"Addict","floor":19,"gold_loss":85},{"damage_healed":0,"gold_gain":0,"player_choice":"Fight","damage_taken":0,"max_hp_gain":0,"max_hp_loss":0,"event_name":"Colosseum","floor":20,"gold_loss":0},{"damage_healed":0,"gold_gain":0,"player_choice":"Fled From Nobs","damage_taken":0,"max_hp_gain":0,"max_hp_loss":0,"event_name":"Colosseum","floor":20,"gold_loss":0},{"damage_healed":0,"gold_gain":0,"player_choice":"Smashed Altar","damage_taken":0,"max_hp_gain":0,"max_hp_loss":0,"event_name":"Forgotten Altar","floor":22,"gold_loss":0,"cards_obtained":["Decay"]}],"is_beta":false,"boss_relics":[{"not_picked":["Astrolabe","White Beast Statue"],"picked":"Sozu"}],"items_purged_floors":[],"is_endless":false,"potions_floor_spawned":[8,13,16,18,21],"killed_by":"Gremlin Leader","ascension_level":2}