{"gold_per_floor":[110,29,29,29,46,78,78,96,96,111,121,121,147,158,158,230,230,243,243,254,270,290,290,290],"floor_reached":24,"playtime":1734,"items_purged":[],"score":436,"play_id":"3b30824b-c952-4c2c-b4e9-dad07876b0a2","local_time":"20190528145451","is_ascension_mode":true,"campfire_choices":[{"data":"Dagger Spray","floor":7.0,"key":"SMITH"},{"data":"Calculated Gamble","floor":12.0,"key":"SMITH"},{"data":"Well Laid Plans","floor":15.0,"key":"SMITH"},{"data":"Footwork","floor":23,"key":"SMITH"}],"neow_cost":"NONE","seed_source_timestamp":4940118581140959,"circlet_count":0,"master_deck":["AscendersBane","Defend_G","Defend_G","Defend_G","Defend_G","Defend_G","Survivor","Neutralize+1","Quick Slash","Caltrops","Dagger Spray+1","Heel Hook","Calculated Gamble+1","Well Laid Plans+1","Grand Finale","Phantasmal Killer","Acrobatics","Bite","Bite","Bite","Bite","Bite","Footwork+1"],"special_seed":0,"relics":["Ring of the Snake","NeowsBlessing","FaceOfCleric","Incense Burner","Calipers","Strawberry","Runic Pyramid"],"potions_floor_usage":[],"damage_taken":[{"damage":0.0,"enemies":"Jaw Worm","floor":1.0,"turns":1.0},{"damage":0.0,"enemies":"Small Slimes","floor":5.0,"turns":1.0},{"damage":0.0,"enemies":"3 Sentries","floor":6.0,"turns":2.0},{"damage":0.0,"enemies":"Cultist","floor":8.0,"turns":3.0},{"damage":5.0,"enemies":"Gremlin Gang","floor":10.0,"turns":3.0},{"damage":0.0,"enemies":"2 Fungi Beasts","floor":11.0,"turns":3.0},{"damage":9.0,"enemies":"Gremlin Nob","floor":13.0,"turns":4.0},{"damage":9.0,"enemies":"Large Slime","floor":14.0,"turns":6.0},{"damage":25.0,"enemies":"Slime Boss","floor":16.0,"turns":10.0},{"damage":11.0,"enemies":"2 Thieves","floor":18.0,"turns":5.0},{"damage":4,"enemies":"Chosen","floor":20,"turns":4},{"damage":13,"enemies":"Centurion and Healer","floor":21,"turns":5},{"damage":11,"enemies":"Snecko","floor":22,"turns":6},{"damage":67,"enemies":"Book of Stabbing","floor":24,"turns":8}],"seed_played":"-6611894517554768316","potions_obtained":[{"floor":10.0,"key":"Energy Potion"},{"floor":11.0,"key":"GhostInAJar"},{"floor":14.0,"key":"Fire Potion"},{"floor":20,"key":"PowerPotion"},{"floor":21,"key":"Poison Potion"}],"is_trial":false,"path_per_floor":["M","$","?","?","M","E","R","M","T","M","M","R","E","M","R","B",null,"M","?","M","M","M","R","E"],"character_chosen":"THE_SILENT","items_purchased":["Caltrops"],"campfire_rested":0,"item_purchase_floors":[2],"current_hp_per_floor":[59,59,59,59,60,61,61,62,62,58,59,59,58,50,50,26,67,57,57,56,56,53,53,0],"gold":290,"neow_bonus":"THREE_ENEMY_KILL","is_prod":false,"is_daily":false,"chose_seed":false,"campfire_upgraded":4,"win_rate":0,"timestamp":1559033691,"path_taken":["M","$","?","?","?","E","R","M","T","M","M","R","E","?","R","BOSS","M","?","M","M","M","R","E"],"build_version":"2019-01-23","purchased_purges":0,"victory":false,"max_hp_per_floor":[66,66,66,66,67,68,68,69,69,70,71,71,79,80,80,81,81,82,57,58,59,60,60,60],"card_choices":[{"not_picked":["Dagger Spray","Sucker Punch"],"picked":"Quick Slash","floor":1.0},{"not_picked":["Dagger Throw","Prepared"],"picked":"Dagger Spray","floor":5.0},{"not_picked":["Die Die Die","Caltrops"],"picked":"Heel Hook","floor":6.0},{"not_picked":["Eviscerate","Distraction"],"picked":"Calculated Gamble","floor":8.0},{"not_picked":["Choke","Flying Knee","Dash"],"picked":"SKIP","floor":10.0},{"not_picked":["Endless Agony","Dagger Throw"],"picked":"Well Laid Plans","floor":11.0},{"not_picked":["Bane","Catalyst"],"picked":"Grand Finale","floor":13.0},{"not_picked":["Distraction","Blade Dance","Outmaneuver"],"picked":"SKIP","floor":14.0},{"not_picked":["Storm of Steel","Die Die Die"],"picked":"Phantasmal Killer","floor":16.0},{"not_picked":["Deflect","Sucker Punch"],"picked":"Acrobatics","floor":18.0},{"not_picked":["Outmaneuver","Deflect"],"picked":"Footwork","floor":20},{"not_picked":["Blade Dance","Deadly Poison","Reflex"],"picked":"SKIP","floor":21},{"not_picked":["Distraction","Finisher+1","Reflex"],"picked":"SKIP","floor":22},{"not_picked":["Distraction","Finisher+1","Reflex"],"picked":"SKIP","floor":22},{"not_picked":["Distraction","Finisher+1","Reflex"],"picked":"SKIP","floor":22}],"player_experience":1399462,"relics_obtained":[{"floor":6.0,"key":"Incense Burner"},{"floor":9.0,"key":"Calipers"},{"floor":13.0,"key":"Strawberry"}],"event_choices":[{"damage_healed":0.0,"max_hp_gain":0.0,"max_hp_loss":0.0,"gold_gain":0.0,"event_name":"Living Wall","player_choice":"Grow","floor":3.0,"gold_loss":0.0,"damage_taken":0.0,"cards_upgraded":["Neutralize"]},{"damage_healed":0.0,"max_hp_gain":0.0,"max_hp_loss":0.0,"gold_gain":0.0,"event_name":"FaceTrader","player_choice":"Trade","floor":4.0,"gold_loss":0.0,"damage_taken":0.0,"relics_obtained":["FaceOfCleric"]},{"damage_healed":0.0,"max_hp_gain":0.0,"max_hp_loss":25.0,"gold_gain":0.0,"event_name":"Vampires","player_choice":"Became a vampire","floor":19.0,"gold_loss":0.0,"damage_taken":0.0,"cards_obtained":["Bite","Bite","Bite","Bite","Bite"]}],"is_beta":false,"boss_relics":[{"not_picked":["Empty Cage","Ectoplasm"],"picked":"Runic Pyramid"}],"items_purged_floors":[],"is_endless":false,"potions_floor_spawned":[10,11,13,14,20,21,22],"killed_by":"Book of Stabbing","ascension_level":15}