{"gold_per_floor":[113,113,63,63,73,105,105,118,118,130,156,42,70,81,81,81],"floor_reached":16,"playtime":609,"items_purged":[],"score":120,"play_id":"a8731dda-1bce-4fb9-81c5-85ebba358ec7","local_time":"20190218225952","is_ascension_mode":false,"campfire_choices":[{"floor":7,"key":"RECALL"},{"data":"Armaments","floor":15,"key":"SMITH"}],"neow_cost":"NONE","seed_source_timestamp":907270030302,"circlet_count":0,"master_deck":["Strike_R","Strike_R","Strike_R","Strike_R","Defend_R","Defend_R","Defend_R","Defend_R","Bash","Deep Breath","Pommel Strike","Spot Weakness","Shockwave","Shockwave","Dropkick","Feed","Uppercut","Evolve","Havoc","Armaments+1"],"relics":["Burning Blood","Charon\u0027s Ashes","Boot","Du-Vu Doll"],"potions_floor_usage":[11,14,14,16],"damage_taken":[{"damage":3,"enemies":"2 Louse","floor":1,"turns":4},{"damage":6,"enemies":"Jaw Worm","floor":5,"turns":4},{"damage":24,"enemies":"Gremlin Nob","floor":6,"turns":4},{"damage":0,"enemies":"Cultist","floor":8,"turns":3},{"damage":9,"enemies":"2 Fungi Beasts","floor":10,"turns":4},{"damage":13,"enemies":"Lagavulin","floor":11,"turns":4},{"damage":41,"enemies":"3 Sentries","floor":13,"turns":6},{"damage":8,"enemies":"Red Slaver","floor":14,"turns":3},{"damage":45,"enemies":"Slime Boss","floor":16,"turns":7}],"seed_played":"1382761956091416430","potions_obtained":[{"floor":6,"key":"Ancient Potion"},{"floor":10,"key":"SteroidPotion"},{"floor":11,"key":"SpeedPotion"},{"floor":13,"key":"BloodPotion"}],"is_trial":false,"path_per_floor":["M","?","?","$","M","E","R","M","T","M","E","$","E","M","R","B"],"character_chosen":"IRONCLAD","items_purchased":["Uppercut","Evolve"],"campfire_rested":0,"item_purchase_floors":[12,12],"current_hp_per_floor":[80,85,85,85,85,67,67,73,73,70,63,63,28,34,34,0],"gold":81,"neow_bonus":"RANDOM_COLORLESS","is_prod":false,"is_daily":false,"chose_seed":false,"campfire_upgraded":1,"win_rate":0,"timestamp":1550530792,"path_taken":["M","?","?","$","M","E","R","M","T","M","E","?","E","M","R","BOSS"],"build_version":"2019-01-23","purchased_purges":0,"victory":false,"max_hp_per_floor":[80,85,85,85,85,85,85,85,85,85,85,85,85,85,85,85],"card_choices":[{"not_picked":["Wild Strike","True Grit"],"picked":"Pommel Strike","floor":1},{"not_picked":["Hemokinesis","Inflame"],"picked":"Spot Weakness","floor":5},{"not_picked":["Warcry","Perfected Strike"],"picked":"Shockwave","floor":6},{"not_picked":["Pummel","Sword Boomerang"],"picked":"Shockwave","floor":8},{"not_picked":["Thunderclap","Anger"],"picked":"Dropkick","floor":10},{"not_picked":["Warcry","Thunderclap"],"picked":"Feed","floor":11},{"not_picked":["Perfected Strike","Second Wind"],"picked":"Havoc","floor":13},{"not_picked":["Wild Strike","Fire Breathing"],"picked":"Armaments","floor":14}],"player_experience":724852,"relics_obtained":[{"floor":6,"key":"Charon\u0027s Ashes"},{"floor":11,"key":"Boot"},{"floor":13,"key":"Du-Vu Doll"}],"event_choices":[{"damage_healed":0,"gold_gain":0,"player_choice":"Donut","damage_taken":0,"max_hp_gain":5,"max_hp_loss":0,"event_name":"Big Fish","floor":2,"gold_loss":0},{"cards_removed":["Strike_R"],"damage_healed":0,"gold_gain":0,"player_choice":"Card Removal","damage_taken":0,"max_hp_gain":0,"max_hp_loss":0,"event_name":"The Cleric","floor":3,"gold_loss":50}],"is_beta":false,"boss_relics":[],"items_purged_floors":[],"is_endless":false,"potions_floor_spawned":[6,10,11,13],"killed_by":"Slime Boss","ascension_level":0}