{"gold_per_floor":[117,134,152,152,168,193,193,203,273,273,273,13,30,30,30,126,126,107,12,12,12,29,29,41,41,41,41,56,72,89,89],"floor_reached":31,"playtime":1790,"items_purged":["Normality"],"score":239,"play_id":"684ef38c-96d1-413e-a16c-c553780a15c3","local_time":"20190530105309","is_ascension_mode":false,"campfire_choices":[{"data":"Neutralize","floor":7,"key":"SMITH"},{"floor":11,"key":"REST"},{"data":"Noxious Fumes","floor":15,"key":"SMITH"},{"data":"Footwork","floor":23,"key":"SMITH"},{"data":"Burst","floor":25,"key":"SMITH"},{"floor":27,"key":"REST"}],"neow_cost":"NONE","seed_source_timestamp":516308463205800,"circlet_count":0,"master_deck":["Strike_G","Strike_G+1","Strike_G+1","Defend_G","Defend_G","Defend_G","Defend_G","Defend_G","Survivor","Neutralize+1","Footwork+1","Escape Plan","Backflip","Blur","Burst+1","Quick Slash","Neutralize+1","Noxious Fumes+1","Wraith Form v2","Regret","Injury","Calculated Gamble","Acrobatics","Dagger Spray+1","Deflect","Sucker Punch+1","Bane+1","Dodge and Roll"],"relics":["Ring of the Snake","NeowsBlessing","Whetstone","Paper Crane","DollysMirror","Calling Bell","Calipers","Molten Egg 2","Smiling Mask","Sundial","Ninja Scroll"],"potions_floor_usage":[6,6,6,18,18,18,22,24,31],"damage_taken":[{"damage":0,"enemies":"Jaw Worm","floor":1,"turns":1},{"damage":0,"enemies":"Cultist","floor":2,"turns":1},{"damage":0,"enemies":"Small Slimes","floor":3,"turns":1},{"damage":1,"enemies":"Gremlin Gang","floor":5,"turns":10},{"damage":38,"enemies":"Gremlin Nob","floor":6,"turns":8},{"damage":4,"enemies":"Lots of Slimes","floor":8,"turns":7},{"damage":0,"enemies":"Blue Slaver","floor":13,"turns":4},{"damage":20,"enemies":"Slime Boss","floor":16,"turns":15},{"damage":2,"enemies":"2 Thieves","floor":18,"turns":4},{"damage":12,"enemies":"Spheric Guardian","floor":22,"turns":7},{"damage":9,"enemies":"Snecko","floor":24,"turns":7},{"damage":6,"enemies":"Centurion and Healer","floor":28,"turns":10},{"damage":10,"enemies":"Snake Plant","floor":29,"turns":6},{"damage":3,"enemies":"3 Cultists","floor":30,"turns":6},{"damage":35,"enemies":"Gremlin Leader","floor":31,"turns":7}],"seed_played":"7180429601286702397","potions_obtained":[{"floor":1,"key":"Explosive Potion"},{"floor":3,"key":"EssenceOfSteel"},{"floor":5,"key":"SkillPotion"},{"floor":13,"key":"Fire Potion"},{"floor":16,"key":"SteroidPotion"},{"floor":18,"key":"Energy Potion"},{"floor":22,"key":"SkillPotion"},{"floor":29,"key":"LiquidBronze"}],"is_trial":false,"path_per_floor":["M","M","M","?","M","E","R","M","T","?","R","$","M","$","R","B",null,"M","$","T","?","M","R","M","R","T","R","M","M","M","E"],"character_chosen":"THE_SILENT","items_purchased":["DollysMirror","Block Potion","Acrobatics"],"campfire_rested":2,"item_purchase_floors":[12,12,19],"current_hp_per_floor":[70,70,70,70,69,31,31,27,27,27,48,48,48,48,48,28,70,68,68,68,55,43,43,34,34,34,56,50,40,37,2],"gold":89,"neow_bonus":"THREE_ENEMY_KILL","is_prod":false,"is_daily":false,"chose_seed":false,"campfire_upgraded":4,"win_rate":0,"timestamp":1559202789,"path_taken":["M","M","M","?","?","E","R","M","T","?","R","$","?","$","R","BOSS","M","$","?","?","M","R","M","R","T","R","M","?","M","E"],"build_version":"2019-05-28","purchased_purges":1,"victory":false,"max_hp_per_floor":[70,70,70,70,70,70,70,70,70,70,70,70,70,70,70,70,70,70,70,70,75,75,75,75,75,75,75,75,75,75,75],"card_choices":[{"not_picked":["Quick Slash","Dash"],"picked":"Footwork","floor":1},{"not_picked":["Dodge and Roll","Underhanded Strike"],"picked":"Escape Plan","floor":2},{"not_picked":["Blade Dance","Outmaneuver"],"picked":"Backflip","floor":3},{"not_picked":["Concentrate","Crippling Poison"],"picked":"Blur","floor":5},{"not_picked":["Well Laid Plans","PiercingWail"],"picked":"Burst","floor":6},{"not_picked":["All Out Attack","Dagger Spray"],"picked":"Quick Slash","floor":8},{"not_picked":["Dagger Spray","Deadly Poison"],"picked":"Noxious Fumes","floor":13},{"not_picked":["Venomology","Phantasmal Killer"],"picked":"Wraith Form v2","floor":16},{"not_picked":["Concentrate","Escape Plan"],"picked":"Calculated Gamble","floor":18},{"not_picked":["Deadly Poison","Crippling Poison"],"picked":"Dagger Spray+1","floor":22},{"not_picked":["Acrobatics","Dagger Throw+1"],"picked":"Deflect","floor":24},{"not_picked":["Concentrate","Poisoned Stab+1"],"picked":"Sucker Punch+1","floor":28},{"not_picked":["Slice+1","Poisoned Stab+1"],"picked":"Bane+1","floor":29},{"not_picked":["PiercingWail","Dagger Spray+1"],"picked":"Dodge and Roll","floor":30}],"player_experience":397267,"relics_obtained":[{"floor":6,"key":"Whetstone"},{"floor":9,"key":"Paper Crane"},{"floor":17,"key":"Calipers"},{"floor":17,"key":"Molten Egg 2"},{"floor":17,"key":"Smiling Mask"},{"floor":20,"key":"Sundial"},{"floor":26,"key":"Ninja Scroll"}],"event_choices":[{"cards_removed":["Strike_G"],"damage_healed":0,"gold_gain":0,"player_choice":"Purged","damage_taken":0,"max_hp_gain":0,"max_hp_loss":0,"event_name":"Purifier","floor":4,"gold_loss":0},{"cards_removed":["Strike_G"],"damage_healed":0,"gold_gain":0,"player_choice":"Offered Basic","damage_taken":0,"max_hp_gain":0,"max_hp_loss":0,"event_name":"Bonfire Elementals","floor":10,"gold_loss":0},{"damage_healed":0,"gold_gain":0,"player_choice":"Shed Blood","damage_taken":18,"max_hp_gain":5,"max_hp_loss":0,"event_name":"Forgotten Altar","floor":21,"gold_loss":0}],"is_beta":true,"boss_relics":[{"not_picked":["Orrery","Fusion Hammer"],"picked":"Calling Bell"}],"items_purged_floors":[19],"is_endless":false,"potions_floor_spawned":[1,3,5,13,16,18,22,29],"killed_by":"Gremlin Leader","ascension_level":0}