{"gold_per_floor":[209,209,224,238,67,98,117,192,192,72,101,101,117,152,152,247,247,266,277,297,314,314,314,332,332,332,332,1,28,28,28,28,126,126,140,140,153,170,183,183,195,212,238,238,249,259,159,169,169,169,169,169,4,35,35],"floor_reached":55,"playtime":3526,"items_purged":["Strike_R","Defend_R"],"score":668,"play_id":"d75f9f85-b0e9-4c3a-a9c4-053dfcb5297d","local_time":"20190123141413","is_ascension_mode":false,"campfire_choices":[{"floor":15.0,"key":"REST"},{"floor":23.0,"key":"RECALL"},{"floor":27.0,"key":"REST"},{"floor":32.0,"key":"REST"},{"floor":40.0,"key":"REST"},{"floor":44.0,"key":"REST"},{"floor":49.0,"key":"REST"},{"floor":52.0,"key":"REST"}],"neow_cost":"NONE","seed_source_timestamp":0,"circlet_count":0,"master_deck":["Strike_R","Strike_R+1","Defend_R+1","Defend_R","Defend_R","Bash","Pommel Strike","Iron Wave","Heavy Blade","Master of Strategy","Evolve","Shrug It Off","True Grit","Whirlwind","Corruption","Offering","Battle Trance+1","Clothesline+1","Havoc","Shockwave+1","Spot Weakness","Reaper","Seeing Red+1","Body Slam+1","Armaments","Clumsy","Exhume","Metallicize","Shrug It Off","Armaments"],"special_seed":0,"relics":["Burning Blood","Calipers","Pear","Sundial","Boot","Fusion Hammer","Self Forming Clay","Pantograph","Du-Vu Doll","Cursed Key","Oddly Smooth Stone","Champion Belt"],"potions_floor_usage":[55,55,55],"damage_taken":[{"damage":6.0,"enemies":"Cultist","floor":1.0,"turns":4.0},{"damage":0.0,"enemies":"Small Slimes","floor":3.0,"turns":2.0},{"damage":0.0,"enemies":"2 Louse","floor":4.0,"turns":2.0},{"damage":52.0,"enemies":"Lagavulin","floor":6.0,"turns":7.0},{"damage":0.0,"enemies":"2 Fungi Beasts","floor":7.0,"turns":3.0},{"damage":13.0,"enemies":"3 Sentries","floor":11.0,"turns":9.0},{"damage":0.0,"enemies":"Gremlin Gang","floor":13.0,"turns":7.0},{"damage":26.0,"enemies":"Lagavulin","floor":14.0,"turns":7.0},{"damage":16.0,"enemies":"Slime Boss","floor":16.0,"turns":11.0},{"damage":6.0,"enemies":"Shell Parasite","floor":18.0,"turns":6.0},{"damage":20.0,"enemies":"Spheric Guardian","floor":19.0,"turns":5.0},{"damage":30.0,"enemies":"Shelled Parasite and Fungi","floor":20.0,"turns":5.0},{"damage":6.0,"enemies":"Centurion and Healer","floor":21.0,"turns":5.0},{"damage":6.0,"enemies":"Cultist and Chosen","floor":24.0,"turns":7.0},{"damage":74.0,"enemies":"Automaton","floor":33.0,"turns":11.0},{"damage":25.0,"enemies":"3 Darklings","floor":35.0,"turns":4.0},{"damage":15.0,"enemies":"3 Shapes","floor":37.0,"turns":4.0},{"damage":10.0,"enemies":"Sphere and 2 Shapes","floor":38.0,"turns":6.0},{"damage":15.0,"enemies":"3 Darklings","floor":39.0,"turns":3.0},{"damage":30.0,"enemies":"Spire Growth","floor":41.0,"turns":4.0},{"damage":20.0,"enemies":"Jaw Worm Horde","floor":42.0,"turns":3.0},{"damage":34.0,"enemies":"Maw","floor":45.0,"turns":8.0},{"damage":19.0,"enemies":"Spire Growth","floor":46.0,"turns":5.0},{"damage":9.0,"enemies":"Transient","floor":48.0,"turns":5.0},{"damage":80.0,"enemies":"Donu and Deca","floor":50.0,"turns":11.0},{"damage":50.0,"enemies":"Shield and Spear","floor":54.0,"turns":8.0},{"damage":108,"enemies":"The Heart","floor":55,"turns":9}],"seed_played":"6486962257881420938","potions_obtained":[{"floor":3.0,"key":"SkillPotion"},{"floor":6.0,"key":"LiquidBronze"},{"floor":13.0,"key":"Strength Potion"},{"floor":19.0,"key":"SteroidPotion"},{"floor":21.0,"key":"Dexterity Potion"},{"floor":24.0,"key":"Fire Potion"},{"floor":41.0,"key":"EssenceOfSteel"},{"floor":46.0,"key":"Energy Potion"}],"is_trial":false,"path_per_floor":["M","?","M","M","$","E","M","?","T","$","E","?","M","E","R","B",null,"M","M","M","M","?","R","M","?","T","R","$","T","?","?","R","B",null,"M","?","M","M","M","R","M","M","T","R","M","M","$","M","R","B",null,"R","$","E","B"],"character_chosen":"IRONCLAD","items_purchased":["Master of Strategy","Shrug It Off","Pantograph","Spot Weakness","Metallicize","Shrug It Off","Regen Potion"],"campfire_rested":7,"item_purchase_floors":[5,10,28,28,53,53,53],"current_hp_per_floor":[80,64,70,76,76,30,36,25,35,35,28,21,27,7,34,24,90,90,76,52,52,52,52,52,52,52,79,79,79,79,79,90,22,90,89,100,92,98,89,100,86,72,72,100,77,84,84,100,100,42,100,100,100,68,0],"gold":35,"neow_bonus":"HUNDRED_GOLD","is_prod":false,"is_daily":false,"chose_seed":false,"campfire_upgraded":0,"win_rate":0,"timestamp":1548252853,"path_taken":["M","?","M","M","$","E","M","?","T","$","E","?","M","E","R","BOSS","M","M","M","M","?","R","?","?","T","R","$","?","?","?","R","BOSS","M","?","M","M","M","R","?","M","T","R","M","M","$","M","R","BOSS","R","$","E","BOSS"],"build_version":"2019-01-17v2","purchased_purges":2,"victory":false,"max_hp_per_floor":[80,80,80,80,80,80,80,80,90,90,90,90,90,90,90,90,90,90,90,90,90,90,90,90,90,90,90,90,90,90,90,90,90,90,90,100,100,100,100,100,100,100,100,100,100,100,100,100,100,100,100,100,100,100,100],"card_choices":[{"not_picked":["Havoc","Body Slam"],"picked":"Pommel Strike","floor":1.0},{"not_picked":["Thunderclap","Bloodletting"],"picked":"Iron Wave","floor":3.0},{"not_picked":["Iron Wave","Searing Blow"],"picked":"Heavy Blade","floor":4.0},{"not_picked":["Armaments","Combust"],"picked":"Fiend Fire","floor":6.0},{"not_picked":["Warcry","Intimidate"],"picked":"Evolve","floor":7.0},{"not_picked":["Heavy Blade","Flex"],"picked":"True Grit","floor":11.0},{"not_picked":["Metallicize","Dark Embrace"],"picked":"Whirlwind","floor":13.0},{"not_picked":["Searing Blow","Havoc"],"picked":"Corruption","floor":14.0},{"not_picked":["Reaper","Juggernaut"],"picked":"Offering","floor":16.0},{"not_picked":["Bloodletting","Clothesline"],"picked":"Battle Trance+1","floor":18.0},{"not_picked":["Entrench","Rage+1"],"picked":"Clothesline+1","floor":19.0},{"not_picked":["Battle Trance","Corruption"],"picked":"Havoc","floor":20.0},{"not_picked":["Corruption","Wild Strike","Headbutt+1"],"picked":"SKIP","floor":21.0},{"not_picked":["Uppercut+1","Warcry"],"picked":"Shockwave+1","floor":24.0},{"not_picked":["Exhume","Dark Embrace"],"picked":"Reaper","floor":33.0},{"not_picked":["Reckless Charge","Iron Wave+1"],"picked":"Seeing Red+1","floor":35.0},{"not_picked":["Wild Strike+1","Cleave+1","Burning Pact"],"picked":"SKIP","floor":37.0},{"not_picked":["Fire Breathing+1","Perfected Strike+1"],"picked":"Body Slam+1","floor":38.0},{"not_picked":["Heavy Blade+1","Body Slam","Headbutt+1"],"picked":"SKIP","floor":39.0},{"not_picked":["Warcry+1","Dropkick"],"picked":"Armaments","floor":41.0},{"not_picked":["Thunderclap","Entrench+1","Cleave"],"picked":"SKIP","floor":42.0},{"not_picked":["Sever Soul","Flex+1"],"picked":"Exhume","floor":45.0},{"not_picked":["Wild Strike+1","Hemokinesis","Seeing Red+1"],"picked":"SKIP","floor":46.0},{"not_picked":["Headbutt","Evolve","Cleave"],"picked":"SKIP","floor":48.0},{"not_picked":["Sentinel+1","Entrench"],"picked":"Armaments","floor":54.0}],"player_experience":710421,"relics_obtained":[{"floor":6.0,"key":"Calipers"},{"floor":9.0,"key":"Pear"},{"floor":11.0,"key":"Sundial"},{"floor":14.0,"key":"Boot"},{"floor":26.0,"key":"Self Forming Clay"},{"floor":43.0,"key":"Oddly Smooth Stone"},{"floor":54.0,"key":"Champion Belt"}],"event_choices":[{"damage_healed":0.0,"max_hp_gain":0.0,"max_hp_loss":0.0,"gold_gain":0.0,"event_name":"Shining Light","player_choice":"Entered Light","floor":2.0,"gold_loss":0.0,"damage_taken":16.0,"cards_upgraded":["Strike_R","Defend_R"]},{"damage_healed":0.0,"max_hp_gain":0.0,"max_hp_loss":0.0,"gold_gain":75.0,"event_name":"World of Goop","player_choice":"Gather Gold","floor":8.0,"gold_loss":0.0,"damage_taken":11.0},{"cards_removed":["Strike_R"],"damage_healed":0.0,"max_hp_gain":0.0,"max_hp_loss":0.0,"gold_gain":0.0,"event_name":"Golden Wing","player_choice":"Card Removal","floor":12.0,"gold_loss":0.0,"damage_taken":7.0},{"cards_removed":["Strike_R"],"damage_healed":0.0,"max_hp_gain":0.0,"max_hp_loss":0.0,"gold_gain":0.0,"event_name":"Purifier","player_choice":"Purged","floor":22.0,"gold_loss":0.0,"damage_taken":0.0},{"damage_healed":0.0,"max_hp_gain":0.0,"max_hp_loss":0.0,"gold_gain":0.0,"event_name":"Cursed Tome","player_choice":"Ignored","floor":25.0,"gold_loss":0.0,"damage_taken":0.0},{"damage_healed":0.0,"max_hp_gain":0.0,"max_hp_loss":0.0,"gold_gain":0.0,"event_name":"The Mausoleum","player_choice":"Opened","floor":31.0,"gold_loss":0.0,"damage_taken":0.0,"relics_obtained":["Du-Vu Doll"]},{"cards_removed":["Fiend Fire"],"damage_healed":1.0,"max_hp_gain":10.0,"max_hp_loss":0.0,"gold_gain":0.0,"event_name":"Bonfire Elementals","player_choice":"Offered Rare","floor":36.0,"gold_loss":0.0,"damage_taken":0.0}],"is_beta":false,"boss_relics":[{"not_picked":["Empty Cage","Lizard Tail"],"picked":"Fusion Hammer"},{"not_picked":["Runic Dome","Orrery"],"picked":"Cursed Key"}],"items_purged_floors":[10,47],"is_endless":false,"potions_floor_spawned":[3,6,13,19,21,24,41,46,48],"killed_by":"The Heart","ascension_level":0}