{"gold_per_floor":[113,126,141,141,155,188,188,223,248,233],"floor_reached":10,"playtime":764,"items_purged":[],"score":113,"play_id":"ac5bacd8-b9a4-4843-a85e-e514a49bc272","local_time":"20190412150327","is_ascension_mode":true,"campfire_choices":[{"floor":7,"key":"REST"}],"neow_cost":"NONE","seed_source_timestamp":967576433091190,"circlet_count":0,"master_deck":["Defend_G","Defend_G","Defend_G","Defend_G","Defend_G","Strike_G","Strike_G","Strike_G","Strike_G","Strike_G","Survivor","Neutralize","Well Laid Plans","Poisoned Stab","Dagger Spray","Deflect"],"relics":["Ring of the Snake","NeowsBlessing","Pen Nib","Ancient Tea Set","Juzu Bracelet"],"potions_floor_usage":[],"damage_taken":[{"damage":0,"enemies":"Small Slimes","floor":1,"turns":1},{"damage":0,"enemies":"2 Louse","floor":2,"turns":1},{"damage":0,"enemies":"Jaw Worm","floor":3,"turns":1},{"damage":8,"enemies":"Blue Slaver","floor":5,"turns":4},{"damage":36,"enemies":"3 Sentries","floor":6,"turns":12},{"damage":44,"enemies":"Lagavulin","floor":8,"turns":11},{"damage":2,"enemies":"Looter","floor":10,"turns":1}],"seed_played":"-3155385852240850641","potions_obtained":[{"floor":3,"key":"SmokeBomb"},{"floor":8,"key":"Strength Potion"}],"is_trial":false,"path_per_floor":["M","M","M","?","M","E","R","E","T","M"],"character_chosen":"THE_SILENT","items_purchased":[],"campfire_rested":1,"item_purchase_floors":[],"current_hp_per_floor":[63,63,63,68,60,24,46,2,2,0],"gold":233,"neow_bonus":"THREE_ENEMY_KILL","is_prod":false,"is_daily":false,"chose_seed":false,"campfire_upgraded":0,"win_rate":0,"timestamp":1555059807,"path_taken":["M","M","M","?","M","E","R","E","T","M"],"build_version":"2019-01-23","purchased_purges":0,"victory":false,"max_hp_per_floor":[70,70,70,75,75,75,75,75,75,75],"card_choices":[{"not_picked":["Slice","Bane"],"picked":"Well Laid Plans","floor":1},{"not_picked":["Riddle With Holes","Cloak And Dagger"],"picked":"Poisoned Stab","floor":2},{"not_picked":["Flechettes","Infinite Blades"],"picked":"Dagger Spray","floor":3},{"not_picked":["Acrobatics","Leg Sweep","Dodge and Roll"],"picked":"SKIP","floor":5},{"not_picked":["Bane","Sucker Punch","Grand Finale"],"picked":"SKIP","floor":6},{"not_picked":["Distraction","Flying Knee"],"picked":"Deflect","floor":8}],"player_experience":1132024,"relics_obtained":[{"floor":6,"key":"Pen Nib"},{"floor":8,"key":"Ancient Tea Set"},{"floor":9,"key":"Juzu Bracelet"}],"event_choices":[{"damage_healed":0,"gold_gain":0,"player_choice":"Donut","damage_taken":0,"max_hp_gain":5,"max_hp_loss":0,"event_name":"Big Fish","floor":4,"gold_loss":0}],"is_beta":false,"boss_relics":[],"items_purged_floors":[],"is_endless":false,"potions_floor_spawned":[3,8],"killed_by":"Looter","ascension_level":9}