{"gold_per_floor":[119,134,33,33,33,33,62,72,123,198,198,211,211,245,245,348,348,364,364,97,110,35,63,63,92,146,22,22,22,40,53,53,148,148,159,169,179,179,192,217,217,244,318,318,35,70,83,97,97,97],"floor_reached":51,"playtime":2163,"items_purged":["Strike_B","Strike_B"],"score":1058,"play_id":"e94bb150-8464-4058-a9b9-16b0ecb06017","local_time":"20190526150046","is_ascension_mode":true,"campfire_choices":[{"data":"Barrage","floor":6.0,"key":"SMITH"},{"floor":11.0,"key":"REST"},{"data":"Rainbow","floor":13.0,"key":"SMITH"},{"data":"Sweeping Beam","floor":15.0,"key":"SMITH"},{"data":"Apotheosis","floor":24.0,"key":"SMITH"},{"data":"Capacitor","floor":32,"key":"SMITH"},{"floor":41,"key":"REST"},{"data":"Creative AI","floor":44,"key":"SMITH"},{"floor":49,"key":"REST"}],"neow_cost":"NONE","seed_source_timestamp":61426803913000,"circlet_count":0,"master_deck":["Defend_B","Defend_B","Defend_B","Defend_B+1","Zap","Dualcast","Rainbow+1","Chill+1","Sweeping Beam+1","Barrage+1","Leap","Cold Snap","Static Discharge","Consume","Biased Cognition","Barrage","Rainbow+1","Capacitor+1","Apotheosis+1","Compile Driver+1","Cold Snap","Coolheaded+1","Ghostly","Ghostly","Ghostly","Ghostly","Ghostly","Ball Lightning","Hologram","Creative AI+1","Conserve Battery+1","Compile Driver+1","Go for the Eyes","White Noise+1","Barrage+1","Leap+1","Darkness+1"],"special_seed":0,"relics":["Cracked Core","Art of War","Boot","Bottled Flame","Velvet Choker","Pantograph","The Courier","Tiny Chest","Anchor","Sozu","Vajra","Du-Vu Doll","Ornamental Fan","Bottled Tornado","Shuriken"],"potions_floor_usage":[39,47,50],"damage_taken":[{"damage":11.0,"enemies":"Small Slimes","floor":1.0,"turns":3.0},{"damage":8.0,"enemies":"2 Louse","floor":2.0,"turns":3.0},{"damage":24.0,"enemies":"Lagavulin","floor":7.0,"turns":8.0},{"damage":0.0,"enemies":"Cultist","floor":8.0,"turns":3.0},{"damage":1.0,"enemies":"Blue Slaver","floor":12.0,"turns":3.0},{"damage":26.0,"enemies":"Gremlin Nob","floor":14.0,"turns":4.0},{"damage":13.0,"enemies":"Slime Boss","floor":16.0,"turns":8.0},{"damage":14.0,"enemies":"Spheric Guardian","floor":18.0,"turns":4.0},{"damage":0.0,"enemies":"3 Byrds","floor":21.0,"turns":4.0},{"damage":0.0,"enemies":"Slavers","floor":23.0,"turns":5.0},{"damage":5.0,"enemies":"Gremlin Leader","floor":25.0,"turns":5.0},{"damage":0.0,"enemies":"Snake Plant","floor":30.0,"turns":5.0},{"damage":0,"enemies":"3 Cultists","floor":31,"turns":6},{"damage":5,"enemies":"Champ","floor":33,"turns":12},{"damage":0,"enemies":"3 Shapes","floor":35,"turns":6},{"damage":0,"enemies":"Orb Walker","floor":36,"turns":4},{"damage":0,"enemies":"Maw","floor":37,"turns":9},{"damage":6,"enemies":"Writhing Mass","floor":39,"turns":5},{"damage":11,"enemies":"Reptomancer","floor":40,"turns":8},{"damage":0,"enemies":"Giant Head","floor":42,"turns":8},{"damage":0,"enemies":"Reptomancer","floor":46,"turns":6},{"damage":13,"enemies":"Transient","floor":47,"turns":5},{"damage":0,"enemies":"Jaw Worm Horde","floor":48,"turns":6},{"damage":20,"enemies":"Time Eater","floor":50,"turns":11}],"seed_played":"-2036979528494526046","potions_obtained":[{"floor":1.0,"key":"EssenceOfSteel"},{"floor":7.0,"key":"Weak Potion"},{"floor":8.0,"key":"Regen Potion"},{"floor":14.0,"key":"AttackPotion"},{"floor":23.0,"key":"Fire Potion"},{"floor":25.0,"key":"Swift Potion"},{"floor":31,"key":"AttackPotion"}],"is_trial":false,"path_per_floor":["M","M","$","?","?","R","E","M","T","?","R","M","R","E","R","B",null,"M","?","$","M","?","E","R","E","T","$","?","?","M","M","R","B",null,"M","M","M","?","M","E","R","E","T","R","$","E","M","M","R","B",null],"character_chosen":"DEFECT","items_purchased":["Barrage","Capacitor","Apotheosis","Anchor","Bottled Tornado"],"campfire_rested":3,"item_purchase_floors":[3,20,20,27,45],"current_hp_per_floor":[64,56,56,41,46,46,22,22,22,11,35,34,34,20,20,7,80,66,66,66,66,66,66,66,61,61,61,61,40,40,40,40,35,40,40,40,40,40,34,23,35,35,35,35,35,35,22,22,34,20],"gold":97,"neow_bonus":"ONE_RANDOM_RARE_CARD","is_prod":false,"is_daily":false,"chose_seed":false,"campfire_upgraded":6,"win_rate":1,"timestamp":1558875646,"path_taken":["M","M","$","?","?","R","E","M","T","?","R","M","R","E","R","BOSS","M","?","$","?","?","E","R","E","T","$","?","?","?","M","R","BOSS","M","M","M","?","M","E","R","E","T","R","$","E","?","M","R","BOSS"],"build_version":"2019-01-23","purchased_purges":2,"victory":true,"max_hp_per_floor":[75,75,75,75,80,80,80,80,80,80,80,80,80,80,80,80,80,80,80,80,80,80,80,80,80,80,80,80,40,40,40,40,40,40,40,40,40,40,40,40,40,40,40,40,40,40,40,40,40,40],"card_choices":[{"not_picked":["Beam Cell","Stack"],"picked":"Chill","floor":1.0},{"not_picked":["Stack","Streamline"],"picked":"Sweeping Beam","floor":2.0},{"not_picked":["Rebound","Stack"],"picked":"Leap","floor":7.0},{"not_picked":["Conserve Battery","Sweeping Beam"],"picked":"Cold Snap","floor":8.0},{"not_picked":["Rainbow","Go for the Eyes"],"picked":"Static Discharge","floor":12.0},{"not_picked":["Darkness","Barrage"],"picked":"Consume","floor":14.0},{"not_picked":["Reboot","Meteor Strike"],"picked":"Biased Cognition","floor":16.0},{"not_picked":["White Noise","Stack+1"],"picked":"Barrage","floor":18.0},{"not_picked":["Stack+1","Leap"],"picked":"Compile Driver+1","floor":21.0},{"not_picked":["Rip and Tear","Streamline+1"],"picked":"Cold Snap","floor":23.0},{"not_picked":["Go for the Eyes","Skim"],"picked":"Coolheaded+1","floor":25.0},{"not_picked":["Conserve Battery","Go for the Eyes"],"picked":"Ball Lightning","floor":30.0},{"not_picked":["Amplify","Double Energy"],"picked":"Hologram","floor":31},{"not_picked":["Rainbow","Thunder Strike"],"picked":"Creative AI","floor":33},{"not_picked":["Rebound","Double Energy"],"picked":"Conserve Battery+1","floor":35},{"not_picked":["Beam Cell","Conserve Battery+1"],"picked":"Compile Driver+1","floor":36},{"not_picked":["Steam+1","Conserve Battery"],"picked":"Go for the Eyes","floor":37},{"not_picked":["Ball Lightning+1","Barrage","Genetic Algorithm"],"picked":"SKIP","floor":39},{"not_picked":["Scrape+1","Hologram"],"picked":"White Noise+1","floor":40},{"not_picked":["Meteor Strike","Melter"],"picked":"Barrage+1","floor":42},{"not_picked":["Gash+1","Double Energy","Hello World"],"picked":"SKIP","floor":46},{"not_picked":["Storm+1","Fusion"],"picked":"Leap+1","floor":47},{"not_picked":["Redo+1","Hello World+1"],"picked":"Darkness+1","floor":48}],"player_experience":23775,"relics_obtained":[{"floor":7.0,"key":"Art of War"},{"floor":9.0,"key":"Boot"},{"floor":14.0,"key":"Bottled Flame"},{"floor":23.0,"key":"Pantograph"},{"floor":25.0,"key":"The Courier"},{"floor":26.0,"key":"Tiny Chest"},{"floor":40,"key":"Vajra"},{"floor":42,"key":"Du-Vu Doll"},{"floor":43,"key":"Ornamental Fan"},{"floor":46,"key":"Shuriken"}],"event_choices":[{"damage_healed":0.0,"max_hp_gain":0.0,"max_hp_loss":0.0,"gold_gain":0.0,"event_name":"Shining Light","player_choice":"Entered Light","floor":4.0,"gold_loss":0.0,"damage_taken":15.0,"cards_upgraded":["Defend_B","Chill"]},{"damage_healed":0.0,"max_hp_gain":5.0,"max_hp_loss":0.0,"gold_gain":0.0,"event_name":"Big Fish","player_choice":"Donut","floor":5.0,"gold_loss":0.0,"damage_taken":0.0},{"damage_healed":0.0,"max_hp_gain":0.0,"max_hp_loss":0.0,"gold_gain":75.0,"event_name":"World of Goop","player_choice":"Gather Gold","floor":10.0,"gold_loss":0.0,"damage_taken":11.0},{"damage_healed":0.0,"max_hp_gain":0.0,"max_hp_loss":0.0,"gold_gain":0.0,"event_name":"Duplicator","player_choice":"Copied","floor":19.0,"gold_loss":0.0,"damage_taken":0.0,"cards_obtained":["Rainbow"]},{"cards_removed":["Strike_B"],"damage_healed":0.0,"max_hp_gain":0.0,"max_hp_loss":0.0,"gold_gain":0.0,"event_name":"Beggar","player_choice":"Gave Gold","floor":22.0,"gold_loss":75.0,"damage_taken":0.0},{"damage_healed":0.0,"max_hp_gain":0.0,"max_hp_loss":0.0,"gold_gain":0.0,"event_name":"Vampires","player_choice":"Ignored","floor":28.0,"gold_loss":0.0,"damage_taken":0.0},{"damage_healed":0.0,"max_hp_gain":0.0,"max_hp_loss":40.0,"gold_gain":0.0,"event_name":"Ghosts","player_choice":"Became a Ghost","floor":29.0,"gold_loss":0.0,"damage_taken":0.0,"cards_obtained":["Ghostly","Ghostly","Ghostly","Ghostly","Ghostly"]},{"cards_removed":["Strike_B"],"damage_healed":0,"gold_gain":0,"player_choice":"Offered Basic","damage_taken":0,"max_hp_gain":0,"max_hp_loss":0,"event_name":"Bonfire Elementals","floor":38,"gold_loss":0}],"is_beta":false,"boss_relics":[{"not_picked":["Eternal Feather","Black Star"],"picked":"Velvet Choker"},{"not_picked":["Busted Crown","Empty Cage"],"picked":"Sozu"}],"items_purged_floors":[3,45],"is_endless":false,"potions_floor_spawned":[1,7,8,14,23,25,31,40,42,47],"ascension_level":3}