{"gold_per_floor":[369,385,0,0,20,54,72,72,72,86,86,36,36,48,48,48],"floor_reached":16,"playtime":818,"items_purged":[],"score":148,"play_id":"b2ae9ab4-fb6f-46ef-bfed-992826702188","local_time":"20190328142341","is_ascension_mode":true,"campfire_choices":[{"floor":8,"key":"REST"},{"floor":11,"key":"REST"},{"data":"Prepared","floor":15,"key":"SMITH"}],"neow_cost":"PERCENT_DAMAGE","seed_source_timestamp":3523864827311514,"circlet_count":0,"master_deck":["Defend_G","Defend_G","Defend_G","Defend_G","Defend_G","Strike_G","Strike_G","Strike_G","Strike_G","Survivor","Neutralize","Flying Knee","Footwork","Sucker Punch","Dagger Spray","Dagger Throw","Underhanded Strike","Distraction","Prepared+1"],"relics":["Ring of the Snake","Mango","Darkstone Periapt","Tingsha","Bottled Lightning"],"potions_floor_usage":[],"damage_taken":[{"damage":0,"enemies":"2 Louse","floor":1,"turns":3},{"damage":0,"enemies":"Cultist","floor":2,"turns":4},{"damage":2,"enemies":"Jaw Worm","floor":5,"turns":5},{"damage":38,"enemies":"Lagavulin","floor":6,"turns":11},{"damage":16,"enemies":"3 Louse","floor":7,"turns":3},{"damage":11,"enemies":"Exordium Wildlife","floor":10,"turns":4},{"damage":0,"enemies":"Looter","floor":14,"turns":3},{"damage":43,"enemies":"Slime Boss","floor":16,"turns":8}],"seed_played":"-6295330482212818173","potions_obtained":[{"floor":2,"key":"Weak Potion"},{"floor":7,"key":"LiquidBronze"}],"is_trial":false,"path_per_floor":["M","M","$","?","M","E","M","R","T","M","R","$","?","M","R","B"],"character_chosen":"THE_SILENT","items_purchased":["Footwork","Sucker Punch","Mango","Underhanded Strike"],"campfire_rested":2,"item_purchase_floors":[3,3,3,12],"current_hp_per_floor":[45,45,59,59,57,19,3,28,28,17,42,42,42,42,42,0],"gold":48,"neow_bonus":"TWO_FIFTY_GOLD","is_prod":false,"is_daily":false,"chose_seed":false,"campfire_upgraded":1,"win_rate":0,"timestamp":1553761421,"path_taken":["M","M","$","?","M","E","M","R","T","M","R","?","?","?","R","BOSS"],"build_version":"2019-01-23","purchased_purges":0,"victory":false,"max_hp_per_floor":[70,70,84,84,84,84,84,84,84,84,84,84,84,84,84,84],"card_choices":[{"not_picked":["Prepared","Acrobatics"],"picked":"Flying Knee","floor":1},{"not_picked":["Dodge and Roll","Blade Dance","Flying Knee"],"picked":"SKIP","floor":2},{"not_picked":["Predator","Dagger Throw","Choke"],"picked":"SKIP","floor":5},{"not_picked":["Poisoned Stab","Infinite Blades"],"picked":"Dagger Spray","floor":6},{"not_picked":["Bane","Dagger Spray","Dodge and Roll"],"picked":"SKIP","floor":7},{"not_picked":["A Thousand Cuts","Flechettes"],"picked":"Dagger Throw","floor":10},{"not_picked":["Cloak And Dagger","Deadly Poison"],"picked":"Prepared","floor":14}],"player_experience":1067428,"relics_obtained":[{"floor":6,"key":"Tingsha"},{"floor":9,"key":"Bottled Lightning"}],"event_choices":[{"damage_healed":0,"gold_gain":0,"player_choice":"Gave Potion","damage_taken":0,"relics_obtained":["Darkstone Periapt"],"max_hp_gain":0,"max_hp_loss":0,"event_name":"WeMeetAgain","floor":4,"gold_loss":0},{"damage_healed":0,"gold_gain":0,"cards_transformed":["Strike_G"],"player_choice":"Transformed","damage_taken":0,"max_hp_gain":0,"max_hp_loss":0,"event_name":"Transmorgrifier","floor":13,"gold_loss":0,"cards_obtained":["Distraction"]}],"is_beta":false,"boss_relics":[],"items_purged_floors":[],"is_endless":false,"potions_floor_spawned":[2,7],"killed_by":"Slime Boss","ascension_level":9}