{"gold_per_floor":[115,115,27,40,40,65,43,74,101,101,121,154,154,172,172,275,275,285,210,210,221,234,234,269,269,269,295,327,354,354,36,36,131,131,147,247,267,267,0,25,25,25,77,92,117,117,146,161,161,161],"floor_reached":51,"playtime":3051,"items_purged":["Strike_G"],"score":897,"play_id":"9e92fc62-504c-4a31-83d2-35a51074f37b","local_time":"20190525144930","is_ascension_mode":false,"campfire_choices":[{"data":"Skewer","floor":10.0,"key":"SMITH"},{"data":"Noxious Fumes","floor":15.0,"key":"SMITH"},{"data":"Night Terror","floor":23.0,"key":"SMITH"},{"floor":25.0,"key":"REST"},{"floor":32.0,"key":"REST"},{"data":"Footwork","floor":41,"key":"SMITH"},{"data":"After Image","floor":49,"key":"SMITH"}],"neow_cost":"NONE","seed_source_timestamp":0,"circlet_count":0,"master_deck":["Defend_G","Defend_G","Defend_G","Defend_G","Defend_G","Survivor","Neutralize+1","Slice+1","Well Laid Plans","Poisoned Stab","Skewer+1","PiercingWail","PiercingWail","Footwork+1","Well Laid Plans","Noxious Fumes+1","Night Terror+1","Dagger Spray+1","Deadly Poison","Outmaneuver+1","Blur","Footwork","Night Terror","Deadly Poison","After Image+1","Crippling Poison+1","Deflect+1","Underhanded Strike+1","Blade Dance+1","Infinite Blades+1","Bouncing Flask","Dodge and Roll+1","Finesse","Poisoned Stab+1","Footwork+1"],"special_seed":0,"relics":["Ring of the Snake","NeowsBlessing","Blood Vial","Thread and Needle","Centennial Puzzle","Peace Pipe","WingedGreaves","Runic Pyramid","Ancient Tea Set","Bottled Tornado","Unceasing Top","Paper Crane","Bag of Marbles","Matryoshka","OrangePellets","Astrolabe","The Specimen","Red Mask","Tingsha","Dream Catcher","Juzu Bracelet","Vajra","Whetstone","Orichalcum"],"potions_floor_usage":[33,33,37,50,50],"damage_taken":[{"damage":0.0,"enemies":"2 Louse","floor":1.0,"turns":1.0},{"damage":0.0,"enemies":"Jaw Worm","floor":4.0,"turns":1.0},{"damage":0.0,"enemies":"Gremlin Nob","floor":6.0,"turns":1.0},{"damage":27.0,"enemies":"3 Sentries","floor":8.0,"turns":8.0},{"damage":0.0,"enemies":"Cultist","floor":11.0,"turns":3.0},{"damage":0.0,"enemies":"Lagavulin","floor":12.0,"turns":7.0},{"damage":0.0,"enemies":"Exordium Wildlife","floor":14.0,"turns":2.0},{"damage":9.0,"enemies":"Hexaghost","floor":16.0,"turns":12.0},{"damage":6.0,"enemies":"Spheric Guardian","floor":18.0,"turns":7.0},{"damage":0.0,"enemies":"Shell Parasite","floor":21.0,"turns":6.0},{"damage":10.0,"enemies":"Snake Plant","floor":22.0,"turns":7.0},{"damage":44.0,"enemies":"Slavers","floor":24.0,"turns":7.0},{"damage":5.0,"enemies":"Book of Stabbing","floor":27.0,"turns":8.0},{"damage":0.0,"enemies":"Gremlin Leader","floor":28.0,"turns":7.0},{"damage":0.0,"enemies":"Book of Stabbing","floor":29.0,"turns":10.0},{"damage":15,"enemies":"Automaton","floor":33,"turns":12},{"damage":7,"enemies":"3 Darklings","floor":35,"turns":5},{"damage":0,"enemies":"Mind Bloom Boss Battle","floor":36,"turns":10},{"damage":3,"enemies":"3 Shapes","floor":37,"turns":5},{"damage":12,"enemies":"Nemesis","floor":40,"turns":11},{"damage":0,"enemies":"Spire Growth","floor":44,"turns":7},{"damage":12,"enemies":"Reptomancer","floor":47,"turns":6},{"damage":0,"enemies":"4 Shapes","floor":48,"turns":6},{"damage":34,"enemies":"Donu and Deca","floor":50,"turns":12}],"seed_played":"9058326735719678382","potions_obtained":[{"floor":8.0,"key":"Ancient Potion"},{"floor":12.0,"key":"Strength Potion"},{"floor":14.0,"key":"GamblersBrew"},{"floor":22.0,"key":"Ancient Potion"},{"floor":24.0,"key":"Dexterity Potion"},{"floor":29.0,"key":"SteroidPotion"},{"floor":36,"key":"Fruit Juice"},{"floor":37,"key":"GhostInAJar"},{"floor":44,"key":"Ancient Potion"},{"floor":46,"key":"PowerPotion"}],"is_trial":false,"path_per_floor":["M","?","$","M","$","E","$","E","T","R","M","E","T","M","R","B",null,"M","?","?","M","M","R","E","R","T","E","E","E","T","$","R","B",null,"M","?","M","?","?","E","R","?","T","M","T","?","E","M","R","B",null],"character_chosen":"THE_SILENT","items_purchased":["Well Laid Plans","Poisoned Stab","PiercingWail","Deadly Poison","OrangePellets"],"campfire_rested":2,"item_purchase_floors":[3,3,7,31,31],"current_hp_per_floor":[70,56,56,56,56,56,56,31,31,31,33,35,35,37,37,30,70,64,64,64,66,58,58,16,37,37,34,36,38,38,38,59,46,70,63,65,69,69,69,59,59,59,59,61,61,61,51,53,53,21],"gold":161,"neow_bonus":"THREE_ENEMY_KILL","is_prod":false,"is_daily":false,"chose_seed":false,"campfire_upgraded":5,"win_rate":0.0,"timestamp":1558788570,"path_taken":["M","?","$","M","$","E","$","E","T","R","M","E","?","?","R","BOSS","M","?","?","M","M","R","E","R","T","E","E","E","?","$","R","BOSS","M","?","M","?","?","E","R","?","T","M","?","?","E","M","R","BOSS"],"build_version":"2019-01-23","purchased_purges":1,"victory":true,"max_hp_per_floor":[70,70,70,70,70,70,70,70,70,70,70,70,70,70,70,70,70,70,70,70,70,70,70,70,70,70,70,70,70,70,70,70,70,70,70,70,75,71,71,71,71,71,71,71,71,71,71,71,71,71],"card_choices":[{"not_picked":["Sucker Punch","Underhanded Strike"],"picked":"Slice","floor":1.0},{"not_picked":["Outmaneuver","Blade Dance"],"picked":"Skewer","floor":4.0},{"not_picked":["Eviscerate","Dagger Throw"],"picked":"PiercingWail","floor":6.0},{"not_picked":["Underhanded Strike","Choke"],"picked":"Footwork","floor":8.0},{"not_picked":["Deflect","Tactician","Prepared"],"picked":"SKIP","floor":11.0},{"not_picked":["Unload","Outmaneuver"],"picked":"Well Laid Plans","floor":12.0},{"not_picked":["Flechettes","PiercingWail"],"picked":"Noxious Fumes","floor":14.0},{"not_picked":["Bullet Time","Glass Knife"],"picked":"Night Terror","floor":16.0},{"not_picked":["Terror+1","Predator"],"picked":"Dagger Spray+1","floor":18.0},{"not_picked":["Blade Dance","Skewer"],"picked":"Outmaneuver+1","floor":21.0},{"not_picked":["Tactician+1","Dagger Spray"],"picked":"Blur","floor":22.0},{"not_picked":["Dagger Throw","Blade Dance","Underhanded Strike"],"picked":"SKIP","floor":24.0},{"not_picked":["Quick Slash","Prepared"],"picked":"Footwork","floor":27.0},{"not_picked":["PiercingWail+1","Prepared+1"],"picked":"Night Terror","floor":28.0},{"not_picked":["Blade Dance","Distraction","Quick Slash"],"picked":"SKIP","floor":29.0},{"not_picked":["Night Terror","Tools of the Trade"],"picked":"After Image","floor":33},{"not_picked":["Dagger Spray","Flying Knee+1"],"picked":"Blade Dance+1","floor":35},{"not_picked":["Quick Slash+1","Backflip"],"picked":"Infinite Blades+1","floor":36},{"not_picked":["Blur","Underhanded Strike+1"],"picked":"Bouncing Flask","floor":37},{"not_picked":["Prepared","All Out Attack"],"picked":"Dodge and Roll+1","floor":40},{"not_picked":["Enlightenment","Transmutation"],"picked":"Finesse","floor":42},{"not_picked":["Endless Agony+1","Deflect+1"],"picked":"Poisoned Stab+1","floor":44},{"not_picked":["Flying Knee+1","Distraction"],"picked":"Footwork+1","floor":47},{"not_picked":["Underhanded Strike","Choke","Footwork"],"picked":"SKIP","floor":48}],"player_experience":2161,"relics_obtained":[{"floor":6.0,"key":"Blood Vial"},{"floor":8.0,"key":"Thread and Needle"},{"floor":9.0,"key":"Centennial Puzzle"},{"floor":12.0,"key":"Peace Pipe"},{"floor":13.0,"key":"WingedGreaves"},{"floor":24.0,"key":"Ancient Tea Set"},{"floor":26.0,"key":"Bottled Tornado"},{"floor":27.0,"key":"Unceasing Top"},{"floor":28.0,"key":"Paper Crane"},{"floor":29.0,"key":"Bag of Marbles"},{"floor":30.0,"key":"Matryoshka"},{"floor":36,"key":"The Specimen"},{"floor":40,"key":"Tingsha"},{"floor":43,"key":"Dream Catcher"},{"floor":43,"key":"Juzu Bracelet"},{"floor":45,"key":"Vajra"},{"floor":45,"key":"Whetstone"},{"floor":47,"key":"Orichalcum"}],"event_choices":[{"damage_healed":0.0,"max_hp_gain":0.0,"max_hp_loss":0.0,"gold_gain":0.0,"event_name":"Shining Light","player_choice":"Entered Light","floor":2.0,"gold_loss":0.0,"damage_taken":14.0,"cards_upgraded":["Strike_G","Strike_G"]},{"cards_removed":["Strike_G"],"damage_healed":0.0,"max_hp_gain":0.0,"max_hp_loss":0.0,"gold_gain":0.0,"event_name":"Beggar","player_choice":"Gave Gold","floor":19.0,"gold_loss":75.0,"damage_taken":0.0},{"damage_healed":0.0,"max_hp_gain":0.0,"max_hp_loss":0.0,"gold_gain":0.0,"event_name":"The Library","player_choice":"Read","floor":20.0,"gold_loss":0.0,"damage_taken":0.0,"cards_obtained":["Deadly Poison"]},{"damage_healed":0,"gold_gain":0,"player_choice":"Fight","damage_taken":0,"max_hp_gain":0,"max_hp_loss":0,"event_name":"MindBloom","floor":36,"gold_loss":0},{"damage_healed":0,"gold_gain":0,"player_choice":"Max HP","damage_taken":0,"max_hp_gain":0,"max_hp_loss":4,"event_name":"Winding Halls","floor":38,"gold_loss":0},{"damage_healed":0,"gold_gain":0,"player_choice":"Paid","damage_taken":0,"relics_obtained":["Red Mask"],"max_hp_gain":0,"max_hp_loss":0,"event_name":"Tomb of Lord Red Mask","floor":39,"gold_loss":267},{"damage_healed":0,"gold_gain":0,"player_choice":"Memory 1","damage_taken":0,"max_hp_gain":0,"max_hp_loss":0,"event_name":"SensoryStone","floor":42,"gold_loss":0},{"damage_healed":0,"gold_gain":0,"player_choice":"Got Potions","damage_taken":0,"max_hp_gain":0,"max_hp_loss":0,"event_name":"Lab","floor":46,"gold_loss":0}],"is_beta":false,"boss_relics":[{"not_picked":["WristBlade","Calling Bell"],"picked":"Runic Pyramid"},{"not_picked":["Black Star","Tiny House"],"picked":"Astrolabe"}],"items_purged_floors":[31],"is_endless":false,"potions_floor_spawned":[8,12,14,21,22,24,29,36,37,44,48],"ascension_level":0}