{"gold_per_floor":[118,130,130,147,147,182,182,182,207,241,261,279,304,314,314,391,391,411,423,433,451,451,451,476,495,495,495,512,512,541,560,560,637,637,656,667,667,767,767,794,813,847,847,847,93,0,25,25,25,25],"floor_reached":51,"playtime":3665,"items_purged":[],"score":1659,"play_id":"3271c8ad-888d-4762-b16b-61edc4de2a6a","local_time":"20190506142634","is_ascension_mode":true,"campfire_choices":[{"floor":8.0,"key":"REST"},{"data":"Spot Weakness","floor":15.0,"key":"SMITH"},{"data":"Fiend Fire","floor":23.0,"key":"SMITH"},{"data":"Corruption","floor":27.0,"key":"SMITH"},{"data":"Warcry","floor":29.0,"key":"SMITH"},{"data":"Sentinel","floor":32.0,"key":"SMITH"},{"floor":44.0,"key":"RECALL"},{"data":"Feel No Pain","floor":49,"key":"SMITH"}],"neow_cost":"NONE","seed_source_timestamp":3035745921293943,"circlet_count":0,"master_deck":["AscendersBane","Strike_R","Strike_R","Strike_R","Strike_R","Strike_R","Defend_R","Defend_R","Defend_R","Defend_R","Bash+1","Feel No Pain+1","Headbutt","Spot Weakness+1","Sentinel+1","Whirlwind","Reaper","Pummel","Warcry+1","Corruption+1","Pommel Strike","Fiend Fire+1","Sentinel","Ghostly Armor+1","Reaper+1","Spot Weakness","Feel No Pain+1","Bandage Up+1"],"special_seed":0,"relics":["Burning Blood","Vajra","Dead Branch","Pen Nib","Sundial","Incense Burner","Busted Crown","Spirit Poop","Gremlin Horn","Molten Egg 2","PreservedInsect","Coffee Dripper","Charon\u0027s Ashes","Toxic Egg 2","Blue Candle","Question Card","Meat on the Bone","Darkstone Periapt","PrismaticShard","Red Mask","Potion Belt","Strawberry"],"potions_floor_usage":[47],"damage_taken":[{"damage":15.0,"enemies":"Jaw Worm","floor":1.0,"turns":5.0},{"damage":5.0,"enemies":"Small Slimes","floor":2.0,"turns":4.0},{"damage":5.0,"enemies":"Cultist","floor":4.0,"turns":5.0},{"damage":26.0,"enemies":"Lagavulin","floor":6.0,"turns":5.0},{"damage":25.0,"enemies":"3 Sentries","floor":10.0,"turns":7.0},{"damage":4.0,"enemies":"Large Slime","floor":11.0,"turns":5.0},{"damage":11.0,"enemies":"Red Slaver","floor":12.0,"turns":4.0},{"damage":0.0,"enemies":"Lagavulin","floor":13.0,"turns":5.0},{"damage":1.0,"enemies":"Looter","floor":14.0,"turns":2.0},{"damage":0.0,"enemies":"Hexaghost","floor":16.0,"turns":5.0},{"damage":7.0,"enemies":"Chosen","floor":18.0,"turns":4.0},{"damage":23.0,"enemies":"Spheric Guardian","floor":19.0,"turns":5.0},{"damage":1.0,"enemies":"Snecko","floor":20.0,"turns":2.0},{"damage":14.0,"enemies":"Centurion and Healer","floor":21.0,"turns":5.0},{"damage":0.0,"enemies":"Slavers","floor":24.0,"turns":4.0},{"damage":5.0,"enemies":"Cultist and Chosen","floor":25.0,"turns":8.0},{"damage":13.0,"enemies":"Chosen and Byrds","floor":28.0,"turns":8.0},{"damage":18.0,"enemies":"Gremlin Leader","floor":30.0,"turns":6.0},{"damage":19.0,"enemies":"Centurion and Healer","floor":31.0,"turns":2.0},{"damage":0.0,"enemies":"Collector","floor":33.0,"turns":4.0},{"damage":12.0,"enemies":"Orb Walker","floor":35.0,"turns":3.0},{"damage":12.0,"enemies":"3 Shapes","floor":36.0,"turns":3.0},{"damage":0.0,"enemies":"Mind Bloom Boss Battle","floor":38.0,"turns":6.0},{"damage":0.0,"enemies":"Giant Head","floor":40.0,"turns":7.0},{"damage":11.0,"enemies":"3 Darklings","floor":41.0,"turns":5.0},{"damage":62.0,"enemies":"Nemesis","floor":42.0,"turns":7.0},{"damage":11,"enemies":"Reptomancer","floor":47,"turns":4},{"damage":31,"enemies":"Time Eater","floor":50,"turns":10}],"seed_played":"-5263330530855428627","potions_obtained":[{"floor":4.0,"key":"SteroidPotion"},{"floor":6.0,"key":"SneckoOil"},{"floor":12.0,"key":"GamblersBrew"},{"floor":16.0,"key":"Swift Potion"},{"floor":20.0,"key":"PowerPotion"},{"floor":33.0,"key":"Energy Potion"},{"floor":42.0,"key":"LiquidBronze"}],"is_trial":false,"path_per_floor":["M","M","?","M","?","E","?","R","T","E","M","M","E","M","R","B",null,"M","M","M","M","?","R","E","M","T","R","M","R","E","M","R","B",null,"M","M","?","?","?","E","M","E","T","R","$","?","E","T","R","B",null],"character_chosen":"IRONCLAD","items_purchased":["Meat on the Bone","Darkstone Periapt","PrismaticShard"],"campfire_rested":1,"item_purchase_floors":[45,45,45],"current_hp_per_floor":[66,67,56,57,32,12,12,36,36,41,43,38,80,82,82,82,82,82,65,70,67,67,67,73,82,82,82,75,75,82,82,82,82,82,82,82,82,82,78,78,78,23,23,23,23,23,40,47,47,65],"gold":25,"neow_bonus":"TEN_PERCENT_HP_BONUS","is_prod":false,"is_daily":false,"chose_seed":false,"campfire_upgraded":6,"win_rate":0,"timestamp":1557131194,"path_taken":["M","M","?","M","?","E","?","R","T","E","?","M","E","M","R","BOSS","M","M","M","M","?","R","E","M","T","R","M","R","E","M","R","BOSS","M","M","?","?","?","E","M","E","T","R","$","?","E","?","R","BOSS"],"build_version":"2019-01-23","purchased_purges":0,"victory":true,"max_hp_per_floor":[82,82,82,82,82,82,82,82,82,82,82,82,82,82,82,82,82,82,82,82,82,82,82,82,82,82,82,82,82,82,82,82,82,82,82,82,82,82,78,78,78,78,78,78,78,78,78,85,85,85],"card_choices":[{"not_picked":["Clothesline","Intimidate"],"picked":"Feel No Pain","floor":1.0},{"not_picked":["Havoc","Disarm"],"picked":"Headbutt","floor":2.0},{"not_picked":["Anger","Cleave"],"picked":"Spot Weakness","floor":4.0},{"not_picked":["Armaments","Power Through"],"picked":"Sentinel","floor":6.0},{"not_picked":["Armaments","Pommel Strike"],"picked":"Pummel","floor":10.0},{"not_picked":["Twin Strike","Shrug It Off"],"picked":"Warcry","floor":11.0},{"not_picked":["Disarm","Perfected Strike"],"picked":"Corruption","floor":12.0},{"not_picked":["Rupture","Second Wind","Anger"],"picked":"SKIP","floor":13.0},{"not_picked":["Wild Strike","Havoc"],"picked":"Pommel Strike","floor":14.0},{"not_picked":["Barricade","Juggernaut"],"picked":"Fiend Fire","floor":16.0},{"not_picked":["Pommel Strike+1"],"picked":"SKIP","floor":18.0},{"not_picked":["Infernal Blade"],"picked":"SKIP","floor":19.0},{"not_picked":["Pommel Strike+1"],"picked":"SKIP","floor":20.0},{"not_picked":["Twin Strike"],"picked":"SKIP","floor":21.0},{"not_picked":[],"picked":"Demon Form","floor":24.0},{"not_picked":["Heavy Blade"],"picked":"SKIP","floor":25.0},{"not_picked":[],"picked":"Sentinel","floor":28.0},{"not_picked":["Anger+1"],"picked":"SKIP","floor":30.0},{"not_picked":[],"picked":"Ghostly Armor+1","floor":31.0},{"not_picked":[],"picked":"Reaper+1","floor":33.0},{"not_picked":[],"picked":"Spot Weakness","floor":35.0},{"not_picked":[],"picked":"Feel No Pain","floor":36.0},{"not_picked":["Rage+1"],"picked":"SKIP","floor":40.0},{"not_picked":["Armaments+1"],"picked":"SKIP","floor":41.0},{"not_picked":["Searing Blow+1"],"picked":"SKIP","floor":42.0},{"not_picked":["Twin Strike+1"],"picked":"Bandage Up+1","floor":47}],"player_experience":1294663,"relics_obtained":[{"floor":6.0,"key":"Dead Branch"},{"floor":9.0,"key":"Pen Nib"},{"floor":10.0,"key":"Sundial"},{"floor":13.0,"key":"Incense Burner"},{"floor":24.0,"key":"Gremlin Horn"},{"floor":26.0,"key":"Molten Egg 2"},{"floor":30.0,"key":"PreservedInsect"},{"floor":38.0,"key":"Charon\u0027s Ashes"},{"floor":40.0,"key":"Toxic Egg 2"},{"floor":42.0,"key":"Blue Candle"},{"floor":43.0,"key":"Question Card"},{"floor":47,"key":"Potion Belt"},{"floor":48,"key":"Strawberry"}],"event_choices":[{"damage_healed":0.0,"max_hp_gain":0.0,"max_hp_loss":0.0,"gold_gain":0.0,"event_name":"Scrap Ooze","player_choice":"Success","floor":3.0,"gold_loss":0.0,"damage_taken":11.0,"relics_obtained":["Vajra"]},{"damage_healed":0.0,"max_hp_gain":0.0,"max_hp_loss":0.0,"gold_gain":0.0,"event_name":"Shining Light","player_choice":"Entered Light","floor":5.0,"gold_loss":0.0,"damage_taken":25.0,"cards_upgraded":["Bash","Feel No Pain"]},{"damage_healed":0.0,"max_hp_gain":0.0,"max_hp_loss":0.0,"gold_gain":0.0,"event_name":"Match and Keep!","player_choice":"3 cards matched","floor":7.0,"gold_loss":0.0,"damage_taken":0.0,"cards_obtained":["Whirlwind","Reaper","Decay"]},{"cards_removed":["Decay"],"damage_healed":0.0,"max_hp_gain":0.0,"max_hp_loss":0.0,"gold_gain":0.0,"event_name":"Bonfire Elementals","player_choice":"Offered Curse","floor":22.0,"gold_loss":0.0,"damage_taken":0.0,"relics_obtained":["Spirit Poop"]},{"cards_removed":["Demon Form"],"damage_healed":0.0,"max_hp_gain":0.0,"max_hp_loss":0.0,"gold_gain":0.0,"event_name":"Falling","player_choice":"Removed Power","floor":37.0,"gold_loss":0.0,"damage_taken":0.0},{"damage_healed":0.0,"max_hp_gain":0.0,"max_hp_loss":0.0,"gold_gain":0.0,"event_name":"MindBloom","player_choice":"Fight","floor":38.0,"gold_loss":0.0,"damage_taken":0.0},{"damage_healed":0.0,"max_hp_gain":0.0,"max_hp_loss":4.0,"gold_gain":0.0,"event_name":"Winding Halls","player_choice":"Max HP","floor":39.0,"gold_loss":0.0,"damage_taken":0.0},{"damage_healed":0.0,"max_hp_gain":0.0,"max_hp_loss":0.0,"gold_gain":0.0,"event_name":"Tomb of Lord Red Mask","player_choice":"Paid","floor":46.0,"gold_loss":93.0,"damage_taken":0.0,"relics_obtained":["Red Mask"]}],"is_beta":false,"boss_relics":[{"not_picked":["Runic Cube","White Beast Statue"],"picked":"Busted Crown"},{"not_picked":["Sozu","Calling Bell"],"picked":"Coffee Dripper"}],"items_purged_floors":[],"is_endless":false,"potions_floor_spawned":[4,6,12,16,20,25,28,31,33,35,42],"ascension_level":16}