{"gold_per_floor":[119,119,139,151,140,140,155,183,207,207,242,242,263,288,288,412,412,426,447,115,145,145],"floor_reached":22,"playtime":1284,"items_purged":["Injury"],"score":218,"play_id":"f06e7952-6e74-4a17-8700-f3a992d01c87","local_time":"20190313204854","is_ascension_mode":true,"campfire_choices":[{"floor":6,"key":"REST"},{"floor":10,"key":"REST"},{"floor":15,"key":"REST"}],"neow_cost":"PERCENT_DAMAGE","seed_source_timestamp":7671657168637623,"circlet_count":0,"master_deck":["Strike_B","Strike_B","Strike_B+1","Strike_B+1","Defend_B","Defend_B","Defend_B","Defend_B","Zap","Coolheaded","Turbo","Tempest","Seek","White Noise","Loop","Reinforced Body","Heatsinks","Buffer","Leap","Writhe"],"special_seed":0,"relics":["Cracked Core","Girya","Whetstone","Bag of Preparation","Lantern","Golden Idol","White Beast Statue","Symbiotic Virus","Tiny Chest"],"potions_floor_usage":[8,8,16,22,22],"damage_taken":[{"damage":0.0,"enemies":"2 Louse","floor":1.0,"turns":2.0},{"damage":0.0,"enemies":"Cultist","floor":3.0,"turns":4.0},{"damage":0.0,"enemies":"Small Slimes","floor":4.0,"turns":4.0},{"damage":5,"enemies":"Exordium Thugs","floor":5,"turns":4},{"damage":14,"enemies":"3 Louse","floor":7,"turns":3},{"damage":16,"enemies":"Gremlin Nob","floor":8,"turns":3},{"damage":19,"enemies":"Lagavulin","floor":11,"turns":6},{"damage":12,"enemies":"Looter","floor":13,"turns":3},{"damage":0,"enemies":"2 Fungi Beasts","floor":14,"turns":4},{"damage":29,"enemies":"The Guardian","floor":16,"turns":13},{"damage":40,"enemies":"Shell Parasite","floor":18,"turns":12},{"damage":9,"enemies":"Chosen","floor":19,"turns":5},{"damage":44,"enemies":"Colosseum Slavers","floor":22,"turns":4}],"seed_played":"2202981359277570331","potions_obtained":[{"floor":3.0,"key":"FocusPotion"},{"floor":4.0,"key":"Fire Potion"},{"floor":7,"key":"Poison Potion"},{"floor":16,"key":"Poison Potion"},{"floor":18,"key":"Poison Potion"},{"floor":19,"key":"GamblersBrew"}],"is_trial":false,"path_per_floor":["M","?","M","M","M","R","M","E","T","R","E","?","M","M","R","B",null,"M","M","$","?","?"],"character_chosen":"DEFECT","items_purchased":["Symbiotic Virus"],"campfire_rested":3,"item_purchase_floors":[20],"current_hp_per_floor":[54,54,54,54,49,71,57,41,41,63,44,44,32,32,54,25,75,35,26,26,26,0],"gold":145,"neow_bonus":"ONE_RARE_RELIC","is_prod":false,"is_daily":false,"chose_seed":false,"campfire_upgraded":0,"win_rate":0,"timestamp":1552524534,"path_taken":["M","?","M","?","M","R","?","E","T","R","E","?","M","M","R","BOSS","M","M","$","?","?"],"build_version":"2019-01-23","purchased_purges":1,"victory":false,"max_hp_per_floor":[75,75,75,75,75,75,75,75,75,75,75,75,75,75,75,75,75,75,75,75,75,75],"card_choices":[{"not_picked":["Streamline","Chaos"],"picked":"Coolheaded","floor":1.0},{"not_picked":["Go for the Eyes","Compile Driver"],"picked":"Turbo","floor":3.0},{"not_picked":["Hologram","Aggregate"],"picked":"Tempest","floor":4.0},{"not_picked":["Gash","Rebound","Recycle"],"picked":"SKIP","floor":5},{"not_picked":["Conserve Battery","Beam Cell"],"picked":"Seek","floor":7},{"not_picked":["White Noise","Glacier","Seek"],"picked":"SKIP","floor":8},{"not_picked":["Glacier","Seek"],"picked":"White Noise","floor":8},{"not_picked":["Barrage","Thunder Strike"],"picked":"Loop","floor":11},{"not_picked":["Stack","Steam"],"picked":"Reinforced Body","floor":13},{"not_picked":["Gash","Compile Driver"],"picked":"Heatsinks","floor":14},{"not_picked":["Multi-Cast","Thunder Strike"],"picked":"Buffer","floor":16},{"not_picked":["Auto Shields","Coolheaded"],"picked":"Leap","floor":18},{"not_picked":["Sweeping Beam","Redo","Darkness+1"],"picked":"SKIP","floor":19}],"player_experience":220262,"relics_obtained":[{"floor":8,"key":"Whetstone"},{"floor":9,"key":"Bag of Preparation"},{"floor":11,"key":"Lantern"}],"event_choices":[{"cards_removed":["Dualcast"],"damage_healed":0.0,"max_hp_gain":0.0,"max_hp_loss":0.0,"gold_gain":0.0,"event_name":"Purifier","player_choice":"Purged","floor":2.0,"gold_loss":0.0,"damage_taken":0.0},{"damage_healed":0,"gold_gain":0,"player_choice":"Take Wound","damage_taken":0,"relics_obtained":["Golden Idol"],"max_hp_gain":0,"max_hp_loss":0,"event_name":"Golden Idol","floor":12,"gold_loss":0,"cards_obtained":["Injury"]},{"damage_healed":0,"gold_gain":0,"player_choice":"Opened","damage_taken":0,"relics_obtained":["Tiny Chest"],"max_hp_gain":0,"max_hp_loss":0,"event_name":"The Mausoleum","floor":21,"gold_loss":0,"cards_obtained":["Writhe"]},{"damage_healed":0,"gold_gain":0,"player_choice":"Fight","damage_taken":0,"max_hp_gain":0,"max_hp_loss":0,"event_name":"Colosseum","floor":22,"gold_loss":0}],"is_beta":false,"boss_relics":[{"not_picked":["Busted Crown","Velvet Choker"],"picked":"White Beast Statue"}],"items_purged_floors":[20],"is_endless":false,"potions_floor_spawned":[3,4,7,16,18,19],"killed_by":"Colosseum Slavers","ascension_level":2}