{"path_per_floor":["M","M","$","M","M","R","E","R","T","R","M","R","M","E","R","B",null,"M","$","M","?","?","R","M","R","T","M","M","M","?","E","R","B",null,"M","$","M","?","M","R","M","R","T","M","?","M","R","$","R","B"],"character_chosen":"THE_SILENT","items_purchased":["Noxious Fumes","Noxious Fumes","Bouncing Flask","Tough Bandages"],"gold_per_floor":[117,132,62,81,94,94,120,120,120,120,134,134,150,175,175,271,271,257,67,81,81,81,81,100,100,100,116,131,150,150,182,182,283,283,298,198,210,210,228,228,248,248,272,292,292,312,312,71,71,71],"floor_reached":51,"campfire_rested":3,"playtime":5884,"current_hp_per_floor":[70,65,65,65,46,46,26,26,26,26,23,23,10,6,27,27,70,64,64,46,46,46,46,46,46,46,46,39,20,13,35,56,55,70,70,70,39,39,39,39,32,32,32,32,32,25,25,25,46,27],"items_purged":["Strike_G","Strike_G"],"gold":71,"score":531,"play_id":"0d6d616e-b48b-496e-93d5-3b92359a26db","is_prod":false,"is_daily":false,"is_ascension_mode":false,"campfire_upgraded":9,"path_taken":["M","M","$","M","M","R","E","R","T","R","M","R","M","E","R","BOSS","M","$","M","?","?","R","M","R","T","M","M","M","?","E","R","BOSS","M","$","?","?","M","R","M","R","T","M","?","?","R","$","R","BOSS"],"build_version":"2018-02-15-PROD1","purchased_purges":2,"victory":true,"master_deck":["Defend_G","Defend_G","Defend_G","Defend_G","Strike_G","Strike_G","Survivor","Neutralize+1","Deadly Poison","Noxious Fumes+1","Escape Plan+1","Backflip+1","Footwork+1","Acrobatics","Malaise+1","After Image","Noxious Fumes+1","Bouncing Flask+1","Dash+1","Prepared+1","Burst","Escape Plan+1","Doppelganger+1"],"max_hp_per_floor":[70,70,70,70,70,70,70,70,70,70,70,70,70,70,70,70,70,70,70,70,70,70,70,70,70,70,70,70,70,70,70,70,70,70,70,70,70,70,70,70,70,70,70,70,70,70,70,70,70,70],"relics":["Lizard Tail","Orichalcum","Bag of Preparation","Bronze Scales","Velvet Choker","Du-Vu Doll","Calipers","The Specimen","Happy Flower","Tough Bandages"],"card_choices":[{"not_picked":["Escape Plan","Flying Knee"],"picked":"Deadly Poison"},{"not_picked":["Dodge and Roll","Deadly Poison"],"picked":"Escape Plan"},{"not_picked":["PiercingWail","Crippling Poison"],"picked":"Backflip"},{"not_picked":["PiercingWail","Poisoned Stab"],"picked":"Footwork"},{"not_picked":["Blade Dance","PiercingWail"],"picked":"Acrobatics"},{"not_picked":["Deadly Poison","Die Die Die"],"picked":"Malaise"},{"not_picked":["Unload","Glass Knife"],"picked":"After Image"},{"not_picked":["Deflect","Poisoned Stab"],"picked":"Dash"},{"not_picked":["Reflex","Dagger Throw"],"picked":"Prepared"},{"not_picked":["Deadly Poison","Deflect"],"picked":"Burst"},{"not_picked":["Dagger Spray","Dodge and Roll"],"picked":"Escape Plan"},{"not_picked":["Bullet Time","Die Die Die"],"picked":"Doppelganger"}],"player_experience":65497,"potions_floor_usage":[5,14,16,29,31,31,31,50,50],"damage_taken":[{"damage":0,"enemies":"Small Slimes","floor":1,"turns":4},{"damage":5,"enemies":"Cultist","floor":2,"turns":6},{"damage":0,"enemies":"2 Louse","floor":4,"turns":4},{"damage":19,"enemies":"Exordium Thugs","floor":5,"turns":5},{"damage":20,"enemies":"Lagavulin","floor":7,"turns":8},{"damage":3,"enemies":"Blue Slaver","floor":11,"turns":5},{"damage":13,"enemies":"Lots of Slimes","floor":13,"turns":4},{"damage":4,"enemies":"3 Sentries","floor":14,"turns":7},{"damage":0,"enemies":"Hexaghost","floor":16,"turns":10},{"damage":6,"enemies":"2 Thieves","floor":18,"turns":5},{"damage":18,"enemies":"Chosen","floor":20,"turns":5},{"damage":0,"enemies":"Snecko","floor":24,"turns":5},{"damage":0,"enemies":"Snake Plant","floor":27,"turns":5},{"damage":7,"enemies":"Cultist and Chosen","floor":28,"turns":7},{"damage":19,"enemies":"Slaver and Parasite","floor":29,"turns":4},{"damage":19,"enemies":"Slavers","floor":31,"turns":4},{"damage":1,"enemies":"Champ","floor":33,"turns":13},{"damage":0,"enemies":"3 Shapes","floor":35,"turns":6},{"damage":31,"enemies":"3 Darklings","floor":37,"turns":6},{"damage":0,"enemies":"4 Shapes","floor":39,"turns":5},{"damage":7,"enemies":"Sphere and 2 Shapes","floor":41,"turns":7},{"damage":0,"enemies":"Maw","floor":44,"turns":7},{"damage":7,"enemies":"4 Shapes","floor":46,"turns":5},{"damage":19,"enemies":"Time Eater","floor":50,"turns":12}],"event_choices":[{"event_name":"Accursed Blacksmith","player_choice":"Forge","floor":21,"damage_taken":0},{"event_name":"Purifier","player_choice":"One Purge","floor":22,"damage_taken":0},{"event_name":"Wheel of Change","player_choice":"Damage","floor":30,"damage_taken":0},{"event_name":"Mysterious Sphere","player_choice":"Ignore","floor":38,"damage_taken":0}],"boss_relics":[{"not_picked":["Philosopher\u0027s Stone","Calling Bell"],"picked":"Velvet Choker"},{"not_picked":["Eternal Feather","Runic Dome"],"picked":"The Specimen"}],"potions_floor_spawned":[1,4,11,14,20,28,29,37,44],"seed_played":"2936605510189567739","ascension_level":0,"is_trial":false}