{"gold_per_floor":[111,128,128,146,146,146,190,340,367,408,408,74,39,58,58,151,151,125,149,149,149],"floor_reached":21,"playtime":1051,"items_purged":[],"score":355,"play_id":"d3719340-ba34-451d-8627-83fac7b9ef02","local_time":"20190429164735","is_ascension_mode":true,"campfire_choices":[{"data":"Zap","floor":6.0,"key":"SMITH"},{"floor":11,"key":"REST"},{"data":"Defend_B","floor":15,"key":"SMITH"}],"neow_cost":"CURSE","seed_source_timestamp":2442279741027625,"circlet_count":0,"master_deck":["AscendersBane","Strike_B","Strike_B","Defend_B","Defend_B","Defend_B+1","Defend_B","Zap+1","Dualcast","Clumsy","Sweeping Beam+1","Cold Snap","Doubt","Steam","Auto Shields","Creative AI","Melter","Cold Snap","Force Field","Compile Driver"],"special_seed":0,"relics":["FrozenCore","Golden Idol","Lantern","Omamori","Vajra","Gambling Chip"],"potions_floor_usage":[16,21,21],"damage_taken":[{"damage":2.0,"enemies":"Small Slimes","floor":1.0,"turns":3.0},{"damage":0.0,"enemies":"Cultist","floor":2.0,"turns":3.0},{"damage":2.0,"enemies":"2 Louse","floor":4.0,"turns":2.0},{"damage":42.0,"enemies":"Lagavulin","floor":7.0,"turns":7.0},{"damage":28,"enemies":"Gremlin Nob","floor":10,"turns":4},{"damage":3,"enemies":"Large Slime","floor":14,"turns":5},{"damage":42,"enemies":"Hexaghost","floor":16,"turns":11},{"damage":3,"enemies":"2 Thieves","floor":18,"turns":4},{"damage":20,"enemies":"Shell Parasite","floor":19,"turns":9},{"damage":38,"enemies":"Cultist and Chosen","floor":21,"turns":7}],"seed_played":"7459270533562478774","potions_obtained":[{"floor":1.0,"key":"Explosive Potion"},{"floor":7.0,"key":"Fire Potion"},{"floor":14,"key":"LiquidBronze"},{"floor":19,"key":"Swift Potion"}],"is_trial":false,"path_per_floor":["M","M","?","M","?","R","E","?","T","E","R","$","?","M","R","B",null,"M","M","?","M"],"character_chosen":"DEFECT","items_purchased":["Gambling Chip"],"campfire_rested":1,"item_purchase_floors":[12],"current_hp_per_floor":[76,76,76,74,74,74,32,32,32,4,27,27,46,43,43,1,58,55,35,35,0],"gold":149,"neow_bonus":"TWENTY_PERCENT_HP_BONUS","is_prod":false,"is_daily":false,"chose_seed":false,"campfire_upgraded":2,"win_rate":0,"timestamp":1556534855,"path_taken":["M","M","?","?","?","R","E","?","T","E","R","$","?","M","R","BOSS","M","M","?","M"],"build_version":"2019-01-23","purchased_purges":0,"victory":false,"max_hp_per_floor":[85,85,85,85,77,77,77,77,77,77,77,77,77,77,77,77,77,77,77,77,77],"card_choices":[{"not_picked":["Chaos","Undo"],"picked":"Sweeping Beam","floor":1.0},{"not_picked":["Stack","Redo","Scrape"],"picked":"SKIP","floor":2.0},{"not_picked":["Glacier","Conserve Battery"],"picked":"Cold Snap","floor":4.0},{"not_picked":["Chaos","Turbo","Lockon"],"picked":"SKIP","floor":7.0},{"not_picked":["Compile Driver","Consume"],"picked":"Steam","floor":10},{"not_picked":["Turbo","White Noise"],"picked":"Auto Shields","floor":14},{"not_picked":["Multi-Cast","Biased Cognition"],"picked":"Creative AI","floor":16},{"not_picked":["Rip and Tear","Streamline"],"picked":"Melter","floor":18},{"not_picked":["Steam","Compile Driver"],"picked":"Cold Snap","floor":19}],"player_experience":1259414,"relics_obtained":[{"floor":7.0,"key":"Lantern"},{"floor":9.0,"key":"Omamori"},{"floor":10,"key":"Vajra"}],"event_choices":[{"damage_healed":0.0,"max_hp_gain":0.0,"max_hp_loss":0.0,"gold_gain":0.0,"event_name":"Upgrade Shrine","player_choice":"Upgraded","floor":3.0,"gold_loss":0.0,"damage_taken":0.0,"cards_upgraded":["Sweeping Beam"]},{"damage_healed":0.0,"max_hp_gain":0.0,"max_hp_loss":8.0,"gold_gain":0.0,"event_name":"Golden Idol","player_choice":"Lose Max HP","floor":5.0,"gold_loss":0.0,"damage_taken":0.0,"relics_obtained":["Golden Idol"]},{"damage_healed":0.0,"max_hp_gain":0.0,"max_hp_loss":0.0,"gold_gain":150.0,"event_name":"Liars Game","player_choice":"AGREE","floor":8.0,"gold_loss":0.0,"damage_taken":0.0,"cards_obtained":["Doubt"]},{"damage_healed":19,"gold_gain":0,"player_choice":"Healed","damage_taken":0,"max_hp_gain":0,"max_hp_loss":0,"event_name":"The Cleric","floor":13,"gold_loss":35},{"damage_healed":0,"gold_gain":0,"cards_transformed":["Strike_B","Strike_B"],"player_choice":"Became Test Subject","damage_taken":0,"max_hp_gain":0,"max_hp_loss":0,"event_name":"Drug Dealer","floor":20,"gold_loss":0,"cards_obtained":["Force Field","Compile Driver"]}],"is_beta":false,"boss_relics":[{"not_picked":["Busted Crown","White Beast Statue"],"picked":"FrozenCore"}],"items_purged_floors":[],"is_endless":false,"potions_floor_spawned":[1,7,10,14,19],"killed_by":"Cultist and Chosen","ascension_level":18}