{"gold_per_floor":[110,127,277,277,277,317,317,350,350,384,384,384,398,422,422,516,516,530,28,44,44,62,103,103,136,136,179,204,229,250,274,274,368,368,381,747,727,741,760,760,774,794,847,613,613,34,52,66,66,66],"floor_reached":51,"playtime":4188,"items_purged":["Strike_R","Strike_R","Strike_R"],"score":1581,"play_id":"79004074-3b01-4235-b24c-b57edcc49eeb","local_time":"20190514150509","is_ascension_mode":true,"campfire_choices":[{"data":"Bash","floor":7.0,"key":"SMITH"},{"data":"Sword Boomerang","floor":15.0,"key":"SMITH"},{"data":"Cleave","floor":24.0,"key":"SMITH"},{"floor":32.0,"key":"REST"},{"data":"Armaments","floor":40.0,"key":"SMITH"},{"floor":49.0,"key":"REST"}],"neow_cost":"NONE","seed_source_timestamp":3727494083414176,"circlet_count":0,"master_deck":["AscendersBane","Strike_R","Strike_R+1","Defend_R","Defend_R","Defend_R","Defend_R","Bash+1","Disarm","Sword Boomerang+1","Iron Wave","Twin Strike","Flame Barrier+1","Cleave+1","Fiend Fire+1","Thunderclap","Shrug It Off","Dropkick","Corruption","Feed+1","Armaments+1","Impervious","Flame Barrier+1","Intimidate","Rampage+1","Carnage+1","Shockwave"],"special_seed":0,"relics":["Burning Blood","NeowsBlessing","Golden Idol","FossilizedHelix","Red Skull","Pear","Bag of Marbles","Orichalcum","Velvet Choker","Pocketwatch","Mercury Hourglass","Molten Egg 2","Vajra","Bag of Preparation","Black Star","Old Coin","Whetstone","Strange Spoon","Regal Pillow"],"potions_floor_usage":[50],"damage_taken":[{"damage":0.0,"enemies":"Cultist","floor":1.0,"turns":1.0},{"damage":0.0,"enemies":"2 Louse","floor":2.0,"turns":1.0},{"damage":0.0,"enemies":"3 Sentries","floor":6.0,"turns":2.0},{"damage":35.0,"enemies":"Lagavulin","floor":8.0,"turns":8.0},{"damage":24.0,"enemies":"Gremlin Nob","floor":10.0,"turns":4.0},{"damage":0.0,"enemies":"Small Slimes","floor":13.0,"turns":1.0},{"damage":11.0,"enemies":"Exordium Thugs","floor":14.0,"turns":4.0},{"damage":0.0,"enemies":"Slime Boss","floor":16.0,"turns":6.0},{"damage":10.0,"enemies":"Shell Parasite","floor":18.0,"turns":5.0},{"damage":0.0,"enemies":"Chosen","floor":20.0,"turns":4.0},{"damage":36.0,"enemies":"3 Cultists","floor":22.0,"turns":5.0},{"damage":21.0,"enemies":"Book of Stabbing","floor":23.0,"turns":4.0},{"damage":0.0,"enemies":"Slavers","floor":25.0,"turns":3.0},{"damage":29.0,"enemies":"Gremlin Leader","floor":27.0,"turns":4.0},{"damage":9.0,"enemies":"Centurion and Healer","floor":28.0,"turns":2.0},{"damage":0.0,"enemies":"Snake Plant","floor":29.0,"turns":1.0},{"damage":0.0,"enemies":"3 Cultists","floor":30.0,"turns":2.0},{"damage":0.0,"enemies":"Shelled Parasite and Fungi","floor":31.0,"turns":3.0},{"damage":74.0,"enemies":"Champ","floor":33.0,"turns":10.0},{"damage":0.0,"enemies":"3 Shapes","floor":35.0,"turns":2.0},{"damage":31.0,"enemies":"2 Orb Walkers","floor":36.0,"turns":5.0},{"damage":18.0,"enemies":"3 Darklings","floor":38.0,"turns":5.0},{"damage":0.0,"enemies":"Spire Growth","floor":39.0,"turns":4.0},{"damage":3.0,"enemies":"4 Shapes","floor":41.0,"turns":4.0},{"damage":46.0,"enemies":"Writhing Mass","floor":42.0,"turns":4.0},{"damage":22.0,"enemies":"Sphere and 2 Shapes","floor":47.0,"turns":6.0},{"damage":13.0,"enemies":"Spire Growth","floor":48.0,"turns":5.0},{"damage":74,"enemies":"Awakened One","floor":50,"turns":19}],"seed_played":"1023829178419824457","potions_obtained":[{"floor":2.0,"key":"Weak Potion"},{"floor":6.0,"key":"SneckoOil"},{"floor":10.0,"key":"Block Potion"},{"floor":16.0,"key":"SpeedPotion"},{"floor":23.0,"key":"EntropicBrew"},{"floor":29.0,"key":"Regen Potion"},{"floor":30.0,"key":"Strength Potion"},{"floor":33.0,"key":"Regen Potion"},{"floor":35.0,"key":"SteroidPotion"},{"floor":41.0,"key":"Strength Potion"},{"floor":47.0,"key":"Weak Potion"}],"is_trial":false,"path_per_floor":["M","M","?","?","?","E","R","E","T","E","?","T","M","M","R","B",null,"M","$","M","?","M","E","R","E","T","E","M","M","M","M","R","B",null,"M","?","?","M","M","R","M","M","T","$","?","$","M","M","R","B",null],"character_chosen":"IRONCLAD","items_purchased":["Pocketwatch","Shrug It Off","Dropkick","PowerPotion","Rampage+1","Strange Spoon","Regal Pillow","Carnage+1"],"campfire_rested":2,"item_purchase_floors":[19,19,19,44,44,46,46,46],"current_hp_per_floor":[74,75,75,68,68,68,68,39,49,31,36,36,42,37,37,43,73,69,69,75,75,45,30,30,36,36,13,10,16,26,36,63,10,71,77,52,52,54,60,60,67,31,31,31,81,81,69,62,85,25],"gold":66,"neow_bonus":"THREE_ENEMY_KILL","is_prod":false,"is_daily":false,"chose_seed":false,"campfire_upgraded":4,"win_rate":0,"timestamp":1557824709,"path_taken":["M","?","?","?","?","E","R","E","T","E","?","?","?","M","R","BOSS","M","$","?","?","M","E","R","E","T","E","M","?","M","M","R","BOSS","M","?","?","?","?","R","M","M","T","$","?","$","M","M","R","BOSS"],"build_version":"2019-01-23","purchased_purges":3,"victory":true,"max_hp_per_floor":[75,75,75,75,68,68,68,68,78,78,83,83,83,83,83,83,83,83,83,83,83,83,83,83,83,83,83,83,83,87,91,91,91,91,91,91,91,91,91,91,95,99,99,99,81,81,85,85,85,93],"card_choices":[{"not_picked":["Flex","Body Slam"],"picked":"Disarm","floor":1.0},{"not_picked":["Body Slam","True Grit"],"picked":"Sword Boomerang","floor":2.0},{"not_picked":["Cleave","Warcry"],"picked":"Iron Wave","floor":6.0},{"not_picked":["Bludgeon","Flex"],"picked":"Twin Strike","floor":8.0},{"not_picked":["Entrench","Shrug It Off"],"picked":"Flame Barrier","floor":10.0},{"not_picked":["Disarm","Perfected Strike"],"picked":"Cleave","floor":13.0},{"not_picked":["Body Slam","Perfected Strike","Seeing Red"],"picked":"SKIP","floor":14.0},{"not_picked":["Dark Embrace","Immolate"],"picked":"Fiend Fire","floor":16.0},{"not_picked":["Havoc","Heavy Blade"],"picked":"Thunderclap","floor":18.0},{"not_picked":["True Grit","Iron Wave+1"],"picked":"Corruption","floor":20.0},{"not_picked":["Wild Strike","Dropkick","Clothesline"],"picked":"SKIP","floor":22.0},{"not_picked":["Thunderclap","Whirlwind","Bloodletting"],"picked":"SKIP","floor":23.0},{"not_picked":["Flex","Pommel Strike","Headbutt"],"picked":"SKIP","floor":25.0},{"not_picked":["Dual Wield","Rupture","Warcry"],"picked":"SKIP","floor":27.0},{"not_picked":["Cleave+1","Warcry"],"picked":"Feed+1","floor":28.0},{"not_picked":["Body Slam+1","Sword Boomerang+1","Twin Strike+1"],"picked":"SKIP","floor":29.0},{"not_picked":["Inflame","Twin Strike+1","Fire Breathing"],"picked":"SKIP","floor":30.0},{"not_picked":["Anger+1","Sword Boomerang+1"],"picked":"Armaments","floor":31.0},{"not_picked":["Dark Embrace","Barricade"],"picked":"Impervious","floor":33.0},{"not_picked":["Sword Boomerang+1","Havoc"],"picked":"Flame Barrier+1","floor":35.0},{"not_picked":["Body Slam+1","Uppercut+1"],"picked":"Intimidate","floor":36.0},{"not_picked":["Sword Boomerang+1","Twin Strike+1","Anger+1"],"picked":"SKIP","floor":38.0},{"not_picked":["Rage","Iron Wave+1","Perfected Strike+1"],"picked":"SKIP","floor":39.0},{"not_picked":["Anger+1","Iron Wave+1","Warcry"],"picked":"SKIP","floor":41.0},{"not_picked":["Searing Blow+1","Demon Form","Headbutt+1"],"picked":"SKIP","floor":42.0},{"not_picked":["Rage","Wild Strike+1","Power Through+1"],"picked":"SKIP","floor":47.0},{"not_picked":["Clash+1","Disarm"],"picked":"Shockwave","floor":48.0}],"player_experience":1332511,"relics_obtained":[{"floor":6.0,"key":"FossilizedHelix"},{"floor":8.0,"key":"Red Skull"},{"floor":9.0,"key":"Pear"},{"floor":10.0,"key":"Bag of Marbles"},{"floor":12.0,"key":"Orichalcum"},{"floor":23.0,"key":"Mercury Hourglass"},{"floor":25.0,"key":"Molten Egg 2"},{"floor":26.0,"key":"Vajra"},{"floor":27.0,"key":"Bag of Preparation"},{"floor":36.0,"key":"Old Coin"},{"floor":43.0,"key":"Whetstone"}],"event_choices":[{"damage_healed":0.0,"max_hp_gain":0.0,"max_hp_loss":0.0,"gold_gain":150.0,"event_name":"Liars Game","player_choice":"AGREE","floor":3.0,"gold_loss":0.0,"damage_taken":0.0,"cards_obtained":["Doubt"]},{"cards_removed":["Doubt"],"damage_healed":0.0,"max_hp_gain":0.0,"max_hp_loss":0.0,"gold_gain":0.0,"event_name":"Golden Wing","player_choice":"Card Removal","floor":4.0,"gold_loss":0.0,"damage_taken":7.0},{"damage_healed":0.0,"max_hp_gain":0.0,"max_hp_loss":7.0,"gold_gain":0.0,"event_name":"Golden Idol","player_choice":"Lose Max HP","floor":5.0,"gold_loss":0.0,"damage_taken":0.0,"relics_obtained":["Golden Idol"]},{"damage_healed":0.0,"max_hp_gain":5.0,"max_hp_loss":0.0,"gold_gain":0.0,"event_name":"Big Fish","player_choice":"Donut","floor":11.0,"gold_loss":0.0,"damage_taken":0.0},{"damage_healed":0.0,"max_hp_gain":0.0,"max_hp_loss":0.0,"gold_gain":0.0,"event_name":"Upgrade Shrine","player_choice":"Upgraded","floor":21.0,"gold_loss":0.0,"damage_taken":0.0,"cards_upgraded":["Flame Barrier"]},{"damage_healed":0.0,"max_hp_gain":0.0,"max_hp_loss":0.0,"gold_gain":0.0,"event_name":"Mysterious Sphere","player_choice":"Fight","floor":36.0,"gold_loss":0.0,"damage_taken":0.0},{"damage_healed":0.0,"max_hp_gain":0.0,"max_hp_loss":0.0,"gold_gain":0.0,"event_name":"The Woman in Blue","player_choice":"Bought 1 Potion","floor":37.0,"gold_loss":0.0,"damage_taken":0.0},{"damage_healed":81.0,"max_hp_gain":0.0,"max_hp_loss":18.0,"gold_gain":0.0,"event_name":"The Moai Head","player_choice":"Heal","floor":45.0,"gold_loss":0.0,"damage_taken":0.0}],"is_beta":false,"boss_relics":[{"not_picked":["Black Blood","White Beast Statue"],"picked":"Velvet Choker"},{"not_picked":["Cursed Key","Calling Bell"],"picked":"Black Star"}],"items_purged_floors":[19,44,46],"is_endless":false,"potions_floor_spawned":[2,6,10,16,20,22,23,29,30,33,35,41,47,48],"ascension_level":18}