{"gold_per_floor":[110,125,125,139,158,201,220,220,220,235,215,256,51,51,51,177,177,196,196,18,117,130,130,151,151,151,151,151,76,99,99,99,222,222,242,35,160,160,173,173,192,215,262,262,262,262,37,52,52,52],"floor_reached":51,"playtime":2433,"items_purged":["Strike_B","Defend_B"],"score":655,"play_id":"13750fee-c1a2-4fbd-a4f8-8deb20b25c89","local_time":"20190115142739","is_ascension_mode":false,"campfire_choices":[{"floor":15,"key":"REST"},{"data":"Bandage Up","floor":23,"key":"SMITH"},{"data":"Buffer","floor":27,"key":"SMITH"},{"data":"Discovery","floor":32,"key":"SMITH"},{"data":"Discovery","floor":40,"key":"SMITH"},{"data":"Bandage Up","floor":44,"key":"SMITH"},{"data":"White Noise","floor":46,"key":"SMITH"},{"data":"Loop","floor":49,"key":"SMITH"}],"neow_cost":"NONE","seed_source_timestamp":818590089139,"circlet_count":0,"master_deck":["Strike_B","Strike_B","Defend_B","Defend_B","Defend_B","Zap","Dualcast","Reinforced Body","Conserve Battery","Ball Lightning","Static Discharge","Reinforced Body","Conserve Battery","Sweeping Beam","Reboot","Discovery+1","Bandage Up+1","Cold Snap","Electrodynamics","Steam","Discovery+1","White Noise+1","Chill","White Noise","Buffer+1","Bandage Up+1","Amplify","Core Surge","Loop+1"],"relics":["Cracked Core","NeowsBlessing","Golden Idol","Kunai","Shuriken","The Courier","Coffee Dripper","Ice Cream","Gremlin Horn","Inserter","Pantograph","Bird Faced Urn","Vajra","OrangePellets"],"potions_floor_usage":[10,12,16,24,30,33,39,41,50,50,50],"damage_taken":[{"damage":0,"enemies":"Small Slimes","floor":1,"turns":1},{"damage":0,"enemies":"Jaw Worm","floor":2,"turns":1},{"damage":0,"enemies":"2 Louse","floor":4,"turns":1},{"damage":5,"enemies":"Large Slime","floor":5,"turns":6},{"damage":23,"enemies":"Gremlin Nob","floor":6,"turns":4},{"damage":3,"enemies":"2 Fungi Beasts","floor":7,"turns":4},{"damage":10,"enemies":"Looter","floor":10,"turns":3},{"damage":13,"enemies":"Lagavulin","floor":12,"turns":7},{"damage":16,"enemies":"Hexaghost","floor":16,"turns":10},{"damage":6,"enemies":"2 Thieves","floor":18,"turns":4},{"damage":15,"enemies":"3 Byrds","floor":22,"turns":5},{"damage":0,"enemies":"Cultist and Chosen","floor":24,"turns":7},{"damage":0,"enemies":"Snake Plant","floor":30,"turns":6},{"damage":9,"enemies":"Automaton","floor":33,"turns":9},{"damage":0,"enemies":"3 Shapes","floor":35,"turns":3},{"damage":34,"enemies":"Mind Bloom Boss Battle","floor":37,"turns":8},{"damage":1,"enemies":"Orb Walker","floor":39,"turns":6},{"damage":17,"enemies":"3 Darklings","floor":41,"turns":5},{"damage":21,"enemies":"Sphere and 2 Shapes","floor":42,"turns":5},{"damage":0,"enemies":"Spire Growth","floor":48,"turns":9},{"damage":68,"enemies":"Awakened One","floor":50,"turns":18}],"seed_played":"6667651928051767248","potions_obtained":[{"floor":1,"key":"Explosive Potion"},{"floor":5,"key":"Poison Potion"},{"floor":7,"key":"Strength Potion"},{"floor":10,"key":"Ancient Potion"},{"floor":12,"key":"Swift Potion"},{"floor":16,"key":"Weak Potion"},{"floor":24,"key":"Weak Potion"},{"floor":33,"key":"Strength Potion"},{"floor":37,"key":"Dexterity Potion"},{"floor":39,"key":"SpeedPotion"}],"is_trial":false,"path_per_floor":["M","M","?","M","M","E","M","?","T","M","?","E","$","?","R","B",null,"M","?","$","?","M","R","M","?","T","R","?","$","M","$","R","B",null,"M","$","?","?","M","R","M","M","T","R","?","R","$","M","R","B",null],"character_chosen":"DEFECT","items_purchased":["Discovery","Bandage Up","Discovery","White Noise","Bandage Up","Pantograph","LiquidBronze","OrangePellets"],"campfire_rested":1,"item_purchase_floors":[13,13,20,20,29,36,47,47],"current_hp_per_floor":[75,75,57,57,52,29,26,26,26,16,16,3,3,3,25,13,75,75,61,61,61,54,54,60,60,60,60,60,60,70,70,70,71,80,80,80,56,56,71,71,80,73,73,73,73,73,73,80,80,42],"gold":52,"neow_bonus":"THREE_ENEMY_KILL","is_prod":false,"is_daily":false,"chose_seed":false,"campfire_upgraded":7,"win_rate":0,"timestamp":1547562459,"path_taken":["M","M","?","M","M","E","M","?","T","?","?","E","$","?","R","BOSS","M","?","$","?","M","R","M","?","T","R","?","?","M","$","R","BOSS","M","$","?","?","M","R","?","M","T","R","?","R","$","M","R","BOSS"],"build_version":"2019-01-10","purchased_purges":2,"victory":true,"max_hp_per_floor":[75,75,75,75,75,75,75,75,75,75,75,75,75,75,75,75,75,75,80,80,80,80,80,80,80,80,80,80,80,80,80,80,80,80,80,80,80,80,80,80,80,80,80,80,80,80,80,80,80,80],"card_choices":[{"not_picked":["Recycle","Rip and Tear"],"picked":"Reinforced Body","floor":1},{"not_picked":["Steam Power","Gash"],"picked":"Conserve Battery","floor":2},{"not_picked":["Beam Cell","Steam"],"picked":"Ball Lightning","floor":4},{"not_picked":["Genetic Algorithm","Multi-Cast"],"picked":"Static Discharge","floor":5},{"not_picked":["Steam Power","Storm"],"picked":"Reinforced Body","floor":6},{"not_picked":["Force Field","Storm"],"picked":"Conserve Battery","floor":7},{"not_picked":["Gash","Streamline"],"picked":"Sweeping Beam","floor":10},{"not_picked":["Reinforced Body","Darkness"],"picked":"Reboot","floor":12},{"not_picked":["All For One","Core Surge"],"picked":"Electrodynamics","floor":16},{"not_picked":["Turbo+1","Stack"],"picked":"Steam","floor":18},{"not_picked":["Steam Power+1","Streamline+1"],"picked":"Chill","floor":22},{"not_picked":["Consume+1","Conserve Battery+1"],"picked":"White Noise","floor":24},{"not_picked":["Rip and Tear","Reinforced Body+1"],"picked":"Amplify","floor":30},{"not_picked":["Buffer","Multi-Cast"],"picked":"Core Surge","floor":33},{"not_picked":["Beam Cell","Barrage+1","Melter"],"picked":"SKIP","floor":35},{"not_picked":["Hologram","Scrape","Redo+1"],"picked":"SKIP","floor":39},{"not_picked":["Ball Lightning","Force Field","Buffer"],"picked":"SKIP","floor":41},{"not_picked":["Conserve Battery","Streamline+1","Compile Driver"],"picked":"SKIP","floor":42},{"not_picked":["Barrage+1","Rebound"],"picked":"Loop","floor":48}],"player_experience":698404,"relics_obtained":[{"floor":6,"key":"Kunai"},{"floor":9,"key":"Shuriken"},{"floor":12,"key":"The Courier"},{"floor":26,"key":"Ice Cream"},{"floor":37,"key":"Bird Faced Urn"},{"floor":43,"key":"Vajra"}],"event_choices":[{"damage_healed":0,"gold_gain":0,"player_choice":"Take Damage","damage_taken":18,"relics_obtained":["Golden Idol"],"max_hp_gain":0,"max_hp_loss":0,"event_name":"Golden Idol","floor":3,"gold_loss":0},{"damage_healed":0,"gold_gain":0,"player_choice":"Ignored","damage_taken":0,"max_hp_gain":0,"max_hp_loss":0,"event_name":"Liars Game","floor":8,"gold_loss":0},{"damage_healed":0,"gold_gain":0,"player_choice":"Left Gold","damage_taken":0,"max_hp_gain":0,"max_hp_loss":0,"event_name":"World of Goop","floor":11,"gold_loss":20},{"damage_healed":0,"gold_gain":0,"cards_transformed":["Strike_B"],"player_choice":"Change","damage_taken":0,"max_hp_gain":0,"max_hp_loss":0,"event_name":"Living Wall","floor":14,"gold_loss":0,"cards_obtained":["Cold Snap"]},{"damage_healed":0,"gold_gain":0,"player_choice":"Shed Blood","damage_taken":19,"max_hp_gain":5,"max_hp_loss":0,"event_name":"Forgotten Altar","floor":19,"gold_loss":0},{"damage_healed":0,"gold_gain":99,"player_choice":"Stole From Cult","damage_taken":0,"max_hp_gain":0,"max_hp_loss":0,"event_name":"Nest","floor":21,"gold_loss":0},{"damage_healed":0,"gold_gain":0,"player_choice":"Read","damage_taken":0,"max_hp_gain":0,"max_hp_loss":0,"event_name":"The Library","floor":25,"gold_loss":0,"cards_obtained":["Buffer"]},{"damage_healed":0,"gold_gain":0,"player_choice":"Opened","damage_taken":0,"relics_obtained":["Gremlin Horn"],"max_hp_gain":0,"max_hp_loss":0,"event_name":"The Mausoleum","floor":28,"gold_loss":0},{"damage_healed":0,"gold_gain":0,"player_choice":"Fight","damage_taken":0,"max_hp_gain":0,"max_hp_loss":0,"event_name":"MindBloom","floor":37,"gold_loss":0},{"damage_healed":0,"gold_gain":0,"player_choice":"Ignored","damage_taken":0,"max_hp_gain":0,"max_hp_loss":0,"event_name":"Mysterious Sphere","floor":38,"gold_loss":0},{"damage_healed":0,"gold_gain":0,"player_choice":"Ignored","damage_taken":0,"max_hp_gain":0,"max_hp_loss":0,"event_name":"Tomb of Lord Red Mask","floor":45,"gold_loss":0}],"is_beta":false,"boss_relics":[{"not_picked":["Velvet Choker","Empty Cage"],"picked":"Coffee Dripper"},{"not_picked":["Nuclear Battery","Runic Pyramid"],"picked":"Inserter"}],"items_purged_floors":[13,20],"is_endless":false,"potions_floor_spawned":[1,5,7,10,12,16,24,33,37,39,48],"ascension_level":0}