{"gold_per_floor":[111,61,71,89,164,164,190,190,190,210,222,222,252,265,265,365,365,384,384,384,384,384],"floor_reached":22,"playtime":1568,"items_purged":[],"score":194,"play_id":"e05579d1-a317-412c-bc47-690fed30c053","local_time":"20190528224548","is_ascension_mode":false,"campfire_choices":[{"data":"Noxious Fumes","floor":6,"key":"SMITH"},{"floor":12,"key":"REST"},{"floor":15,"key":"REST"}],"neow_cost":"NONE","seed_source_timestamp":8099550950620600,"circlet_count":0,"master_deck":["Defend_G","Defend_G","Defend_G","Defend_G","Strike_G","Strike_G","Strike_G","Strike_G","Strike_G","Survivor","Neutralize","Backstab","Noxious Fumes+1","Deadly Poison+1","Deadly Poison","Backstab","Deadly Poison","Night Terror","After Image","Blur","Decay"],"relics":["Ring of the Serpent","Question Card","Bottled Lightning","Shuriken"],"potions_floor_usage":[16,16],"damage_taken":[{"damage":2,"enemies":"Small Slimes","floor":1,"turns":5},{"damage":4,"enemies":"Cultist","floor":3,"turns":5},{"damage":0,"enemies":"2 Louse","floor":4,"turns":1},{"damage":12,"enemies":"Gremlin Nob","floor":7,"turns":4},{"damage":0,"enemies":"Large Slime","floor":10,"turns":5},{"damage":2,"enemies":"Looter","floor":11,"turns":3},{"damage":13,"enemies":"Lagavulin","floor":13,"turns":5},{"damage":3,"enemies":"Lots of Slimes","floor":14,"turns":5},{"damage":48,"enemies":"Hexaghost","floor":16,"turns":8},{"damage":37,"enemies":"Shell Parasite","floor":18,"turns":5},{"damage":26,"enemies":"Colosseum Slavers","floor":20,"turns":6},{"damage":14,"enemies":"3 Byrds","floor":22,"turns":2}],"seed_played":"-665923619888110504","potions_obtained":[{"floor":3,"key":"Strength Potion"},{"floor":10,"key":"Explosive Potion"},{"floor":11,"key":"Fire Potion"},{"floor":13,"key":"SkillPotion"},{"floor":18,"key":"Ancient Potion"}],"is_trial":false,"path_per_floor":["M","?","M","M","?","R","E","?","T","M","M","R","E","M","R","B",null,"M","?","?","?","M"],"character_chosen":"THE_SILENT","items_purchased":[],"campfire_rested":2,"item_purchase_floors":[],"current_hp_per_floor":[75,75,71,71,60,60,48,48,48,48,46,69,56,53,76,28,77,40,40,14,14,0],"gold":384,"neow_bonus":"TEN_PERCENT_HP_BONUS","is_prod":false,"is_daily":false,"chose_seed":false,"campfire_upgraded":1,"win_rate":0.0,"timestamp":1559097948,"path_taken":["M","?","M","M","?","R","E","?","T","M","?","R","E","M","R","BOSS","M","?","?","?","M"],"build_version":"2019-01-23","purchased_purges":0,"victory":false,"max_hp_per_floor":[77,77,77,77,77,77,77,77,77,77,77,77,77,77,77,77,77,77,77,77,77,77],"card_choices":[{"not_picked":["Outmaneuver","Flying Knee"],"picked":"Backstab","floor":1},{"not_picked":["Blade Dance","Predator"],"picked":"Noxious Fumes","floor":3},{"not_picked":["Endless Agony","Slice","Masterful Stab"],"picked":"SKIP","floor":4},{"not_picked":["Escape Plan","Tactician"],"picked":"Deadly Poison","floor":7},{"not_picked":["PiercingWail","Wraith Form v2","Backflip"],"picked":"Deadly Poison","floor":10},{"not_picked":["Deflect","Acrobatics","Heel Hook"],"picked":"Backstab","floor":11},{"not_picked":["Underhanded Strike","Footwork","Dagger Spray"],"picked":"Deadly Poison","floor":13},{"not_picked":["Masterful Stab","Choke","Reflex"],"picked":"Night Terror","floor":14},{"not_picked":["Envenom","Bullet Time","Wraith Form v2"],"picked":"After Image","floor":16},{"not_picked":["Masterful Stab+1","Dagger Spray+1","Deadly Poison","PiercingWail"],"picked":"SKIP","floor":18}],"player_experience":2169,"relics_obtained":[{"floor":7,"key":"Question Card"},{"floor":9,"key":"Bottled Lightning"},{"floor":13,"key":"Shuriken"}],"event_choices":[{"cards_removed":["Defend_G"],"damage_healed":0,"gold_gain":0,"player_choice":"Card Removal","damage_taken":0,"max_hp_gain":0,"max_hp_loss":0,"event_name":"The Cleric","floor":2,"gold_loss":50},{"damage_healed":0,"gold_gain":75,"player_choice":"Gather Gold","damage_taken":11,"max_hp_gain":0,"max_hp_loss":0,"event_name":"World of Goop","floor":5,"gold_loss":0},{"damage_healed":0,"gold_gain":0,"player_choice":"Forge","damage_taken":0,"max_hp_gain":0,"max_hp_loss":0,"event_name":"Accursed Blacksmith","floor":8,"gold_loss":0,"cards_upgraded":["Deadly Poison"]},{"damage_healed":0,"gold_gain":0,"player_choice":"Read","damage_taken":0,"max_hp_gain":0,"max_hp_loss":0,"event_name":"The Library","floor":19,"gold_loss":0,"cards_obtained":["Blur"]},{"damage_healed":0,"gold_gain":0,"player_choice":"Fight","damage_taken":0,"max_hp_gain":0,"max_hp_loss":0,"event_name":"Colosseum","floor":20,"gold_loss":0},{"damage_healed":0,"gold_gain":0,"player_choice":"Fled From Nobs","damage_taken":0,"max_hp_gain":0,"max_hp_loss":0,"event_name":"Colosseum","floor":20,"gold_loss":0},{"damage_healed":0,"gold_gain":0,"player_choice":"Smashed Altar","damage_taken":0,"max_hp_gain":0,"max_hp_loss":0,"event_name":"Forgotten Altar","floor":21,"gold_loss":0,"cards_obtained":["Decay"]}],"is_beta":false,"boss_relics":[{"not_picked":["Runic Dome","Sozu"],"picked":"Ring of the Serpent"}],"items_purged_floors":[],"is_endless":false,"potions_floor_spawned":[3,10,11,13,18],"killed_by":"3 Byrds","ascension_level":0}