{"gold_per_floor":[114,114,128,206,216,216,228,262,262,262,262,288,298,332,332,435,435,452,467,467,479,579,579],"floor_reached":23,"playtime":1941,"items_purged":[],"score":327,"play_id":"fc3816ee-f552-405d-9eed-7160d42fb083","local_time":"20190503180704","is_ascension_mode":true,"campfire_choices":[{"data":"Die Die Die","floor":6.0,"key":"SMITH"},{"floor":10.0,"key":"REST"},{"data":"Flechettes","floor":15.0,"key":"SMITH"}],"neow_cost":"NONE","seed_source_timestamp":2791459763768651,"circlet_count":0,"master_deck":["AscendersBane","Defend_G","Defend_G","Defend_G","Defend_G","Defend_G","Strike_G","Strike_G","Strike_G","Survivor","Neutralize","PiercingWail","Die Die Die+1","Flechettes+1","Backflip","Dodge and Roll","Night Terror","Leg Sweep+1","Backflip+1","Escape Plan"],"special_seed":0,"relics":["Ring of the Serpent","Centennial Puzzle","Matryoshka","FossilizedHelix","Bronze Scales","WingedGreaves","Orichalcum","Question Card","The Specimen"],"potions_floor_usage":[16,23],"damage_taken":[{"damage":2.0,"enemies":"Small Slimes","floor":1.0,"turns":5.0},{"damage":5.0,"enemies":"Jaw Worm","floor":3.0,"turns":8.0},{"damage":0.0,"enemies":"Cultist","floor":5.0,"turns":4.0},{"damage":3.0,"enemies":"Looter","floor":7.0,"turns":2.0},{"damage":12.0,"enemies":"Gremlin Nob","floor":8.0,"turns":3.0},{"damage":1.0,"enemies":"3 Sentries","floor":12.0,"turns":7.0},{"damage":0.0,"enemies":"Large Slime","floor":13.0,"turns":6.0},{"damage":12.0,"enemies":"Lagavulin","floor":14.0,"turns":8.0},{"damage":25,"enemies":"The Guardian","floor":16,"turns":16},{"damage":11,"enemies":"2 Thieves","floor":18,"turns":3},{"damage":0,"enemies":"Shell Parasite","floor":19,"turns":4},{"damage":12,"enemies":"Sentry and Sphere","floor":21,"turns":6},{"damage":37,"enemies":"Gremlin Leader","floor":23,"turns":8}],"seed_played":"5835076746288583152","potions_obtained":[{"floor":7.0,"key":"SteroidPotion"},{"floor":8.0,"key":"AttackPotion"},{"floor":12.0,"key":"Dexterity Potion"},{"floor":14.0,"key":"GamblersBrew"},{"floor":16,"key":"GhostInAJar"}],"is_trial":false,"path_per_floor":["M","?","M","T","M","R","M","E","T","R","?","E","M","E","R","B",null,"M","M","?","M","?","E"],"character_chosen":"THE_SILENT","items_purchased":[],"campfire_rested":1,"item_purchase_floors":[],"current_hp_per_floor":[61,54,49,49,49,49,46,34,34,55,52,51,51,39,39,14,56,45,45,45,33,33,0],"gold":579,"neow_bonus":"RANDOM_COMMON_RELIC","is_prod":false,"is_daily":false,"chose_seed":false,"campfire_upgraded":2,"win_rate":0,"timestamp":1556885224,"path_taken":["M","?","M","?","M","R","?","E","T","R","?","E","M","E","R","BOSS","M","M","?","?","?","E"],"build_version":"2019-01-23","purchased_purges":0,"victory":false,"max_hp_per_floor":[70,70,70,70,70,70,70,70,70,70,70,70,70,70,70,70,70,70,70,70,70,70,70],"card_choices":[{"not_picked":["Dodge and Roll","Outmaneuver"],"picked":"PiercingWail","floor":1.0},{"not_picked":["Terror","Sucker Punch"],"picked":"Die Die Die","floor":3.0},{"not_picked":["Outmaneuver","Bane"],"picked":"Flechettes","floor":5.0},{"not_picked":["Dagger Spray","Choke"],"picked":"Backflip","floor":7.0},{"not_picked":["Skewer","Outmaneuver"],"picked":"Dodge and Roll","floor":8.0},{"not_picked":["Accuracy","Sucker Punch","Unload"],"picked":"SKIP","floor":12.0},{"not_picked":["Bane","Blade Dance","Sucker Punch","Expertise"],"picked":"SKIP","floor":13.0},{"not_picked":["Catalyst","Tactician","Underhanded Strike","Dagger Throw"],"picked":"SKIP","floor":14.0},{"not_picked":["Die Die Die","Envenom","Unload"],"picked":"Night Terror","floor":16},{"not_picked":["Reflex+1","PiercingWail","Underhanded Strike+1"],"picked":"Leg Sweep+1","floor":18},{"not_picked":["Deadly Poison","Dash","Reflex+1"],"picked":"Backflip+1","floor":19},{"not_picked":["Acrobatics+1","Slice+1","Choke+1"],"picked":"Escape Plan","floor":21}],"player_experience":1283328,"relics_obtained":[{"floor":4.0,"key":"Matryoshka"},{"floor":8.0,"key":"FossilizedHelix"},{"floor":9.0,"key":"Bronze Scales"},{"floor":9.0,"key":"WingedGreaves"},{"floor":12.0,"key":"Question Card"},{"floor":14.0,"key":"The Specimen"}],"event_choices":[{"cards_removed":["Strike_G"],"damage_healed":0.0,"max_hp_gain":0.0,"max_hp_loss":0.0,"gold_gain":0.0,"event_name":"Golden Wing","player_choice":"Card Removal","floor":2.0,"gold_loss":0.0,"damage_taken":7.0},{"damage_healed":0.0,"max_hp_gain":0.0,"max_hp_loss":0.0,"gold_gain":0.0,"event_name":"Scrap Ooze","player_choice":"Success","floor":11.0,"gold_loss":0.0,"damage_taken":3.0,"relics_obtained":["Orichalcum"]},{"cards_removed":["Strike_G"],"damage_healed":0,"gold_gain":0,"player_choice":"Purged","damage_taken":0,"max_hp_gain":0,"max_hp_loss":0,"event_name":"Purifier","floor":20,"gold_loss":0},{"damage_healed":0,"gold_gain":100,"player_choice":"Pray","damage_taken":0,"max_hp_gain":0,"max_hp_loss":0,"event_name":"Golden Shrine","floor":22,"gold_loss":0}],"is_beta":false,"boss_relics":[{"not_picked":["White Beast Statue","Astrolabe"],"picked":"Ring of the Serpent"}],"items_purged_floors":[],"is_endless":false,"potions_floor_spawned":[7,8,12,14,16],"killed_by":"Gremlin Leader","ascension_level":11}