{"gold_per_floor":[111,211,225,225,225,237,252,252,278,278,33,33,48,66,66,171,171,182,192,92,92,103,103,23,33,56,56,21,41,41,61,61,159,159,169,169,181,181,191,120,120,153,153,153,168,168,43,63,63,63],"floor_reached":50,"playtime":3280,"items_purged":["Strike_G","Strike_G","Survivor"],"score":464,"play_id":"81fb4c1f-24cf-4307-bf67-f44e95d3bd4b","local_time":"20190530042932","is_ascension_mode":false,"campfire_choices":[{"data":"Infinite Blades","floor":10,"key":"SMITH"},{"data":"Cloak And Dagger","floor":12,"key":"SMITH"},{"floor":15,"key":"REST"},{"data":"After Image","floor":23,"key":"SMITH"},{"floor":30,"key":"REST"},{"floor":32,"key":"REST"},{"data":"Accuracy","floor":41,"key":"SMITH"},{"floor":44,"key":"REST"},{"floor":46,"key":"REST"},{"data":"Panache","floor":49,"key":"SMITH"}],"neow_cost":"NONE","seed_source_timestamp":8204863837267700,"circlet_count":0,"master_deck":["Defend_G+1","Defend_G+1","Defend_G+1","Defend_G+1","Strike_G+1","Strike_G+1","Strike_G+1","Neutralize","Impatience","Blade Dance","Finisher","Infinite Blades+1","Cloak And Dagger+1","Panache+1","Blade Dance","After Image+1","Burst","Prepared+1","Calculated Gamble+1","Infinite Blades+1","Infinite Blades","Accuracy+1","Blade Dance+1"],"relics":["Ring of the Serpent","Omamori","Cursed Key","Oddly Smooth Stone","Potion Belt","Nunchaku"],"potions_floor_usage":[6,22,33],"damage_taken":[{"damage":0,"enemies":"Small Slimes","floor":1,"turns":4},{"damage":1,"enemies":"Cultist","floor":3,"turns":4},{"damage":13,"enemies":"Jaw Worm","floor":6,"turns":4},{"damage":6,"enemies":"Exordium Thugs","floor":7,"turns":4},{"damage":0,"enemies":"Exordium Wildlife","floor":13,"turns":2},{"damage":10,"enemies":"Large Slime","floor":14,"turns":4},{"damage":29,"enemies":"Hexaghost","floor":16,"turns":9},{"damage":0,"enemies":"Spheric Guardian","floor":18,"turns":3},{"damage":20,"enemies":"2 Thieves","floor":19,"turns":4},{"damage":3,"enemies":"3 Cultists","floor":22,"turns":5},{"damage":2,"enemies":"Shelled Parasite and Fungi","floor":25,"turns":4},{"damage":6,"enemies":"Cultist and Chosen","floor":29,"turns":6},{"damage":4,"enemies":"Snake Plant","floor":31,"turns":4},{"damage":23,"enemies":"Automaton","floor":33,"turns":9},{"damage":7,"enemies":"3 Darklings","floor":35,"turns":4},{"damage":0,"enemies":"Orb Walker","floor":37,"turns":3},{"damage":8,"enemies":"4 Shapes","floor":39,"turns":4},{"damage":11,"enemies":"Giant Head","floor":42,"turns":6},{"damage":12,"enemies":"Spire Growth","floor":45,"turns":4},{"damage":8,"enemies":"3 Darklings","floor":48,"turns":3},{"damage":68,"enemies":"Awakened One","floor":50,"turns":8}],"seed_played":"-4203752524196255373","potions_obtained":[{"floor":3,"key":"Weak Potion"},{"floor":6,"key":"Poison Potion"},{"floor":7,"key":"LiquidBronze"},{"floor":18,"key":"Weak Potion"},{"floor":33,"key":"AttackPotion"},{"floor":37,"key":"Regen Potion"},{"floor":42,"key":"Regen Potion"}],"is_trial":false,"path_per_floor":["M","?","M","?","$","M","M","$","T","R","$","R","M","M","R","B",null,"M","M","$","?","M","R","$","M","T","?","$","M","R","M","R","B",null,"M","?","M","?","M","$","R","E","T","R","M","R","$","M","R","B"],"character_chosen":"THE_SILENT","items_purchased":["Panache","Infinite Blades","Infinite Blades","Accuracy"],"campfire_rested":5,"item_purchase_floors":[11,24,28,40],"current_hp_per_floor":[70,70,69,70,70,57,51,51,51,51,51,51,51,41,62,33,70,70,50,50,50,47,47,47,45,45,45,45,39,60,56,70,47,70,63,63,63,63,55,55,55,44,44,65,53,70,70,62,62,0],"gold":63,"neow_bonus":"RANDOM_COLORLESS","is_prod":false,"is_daily":false,"chose_seed":false,"campfire_upgraded":5,"win_rate":0.0,"timestamp":1559204972,"path_taken":["M","?","?","?","$","M","M","$","T","R","?","R","M","M","R","BOSS","M","M","$","?","M","R","?","M","T","?","$","M","R","M","R","BOSS","M","?","M","?","?","$","R","E","T","R","M","R","$","M","R","BOSS"],"build_version":"2019-01-23","purchased_purges":3,"victory":false,"max_hp_per_floor":[70,70,70,70,70,70,70,70,70,70,70,70,70,70,70,70,70,70,70,70,70,70,70,70,70,70,70,70,70,70,70,70,70,70,70,70,70,70,70,70,70,70,70,70,70,70,70,70,70,70],"card_choices":[{"not_picked":["Calculated Gamble","Well Laid Plans"],"picked":"Blade Dance","floor":1},{"not_picked":["Sucker Punch","Acrobatics"],"picked":"Finisher","floor":3},{"not_picked":["Caltrops","Underhanded Strike"],"picked":"Infinite Blades","floor":6},{"not_picked":["Terror","Outmaneuver"],"picked":"Cloak And Dagger","floor":7},{"not_picked":["Outmaneuver","Dodge and Roll"],"picked":"Blade Dance","floor":13},{"not_picked":["Slice","Cloak And Dagger"],"picked":"After Image","floor":14},{"not_picked":["Tools of the Trade","Venomology"],"picked":"Burst","floor":16},{"not_picked":["Terror","Sucker Punch","Well Laid Plans+1"],"picked":"SKIP","floor":18},{"not_picked":["Escape Plan","Sucker Punch"],"picked":"Prepared+1","floor":19},{"not_picked":["Outmaneuver","Underhanded Strike"],"picked":"Calculated Gamble+1","floor":22},{"not_picked":["Well Laid Plans","Leg Sweep","Skewer"],"picked":"SKIP","floor":25},{"not_picked":["Footwork","Sucker Punch","Well Laid Plans"],"picked":"SKIP","floor":29},{"not_picked":["Deadly Poison","Bane+1","Distraction"],"picked":"SKIP","floor":31},{"not_picked":["Endless Agony","Blur","Well Laid Plans"],"picked":"SKIP","floor":35},{"not_picked":["Heel Hook","Bane","Endless Agony"],"picked":"SKIP","floor":37},{"not_picked":["Flying Knee+1","Terror","All Out Attack"],"picked":"SKIP","floor":39},{"not_picked":["Heel Hook","Bane"],"picked":"Blade Dance+1","floor":42},{"not_picked":["Escape Plan","Dagger Spray+1","Deflect"],"picked":"SKIP","floor":45},{"not_picked":["Deadly Poison","Dagger Spray+1","Quick Slash+1"],"picked":"SKIP","floor":48}],"player_experience":40765,"relics_obtained":[{"floor":9,"key":"Omamori"},{"floor":26,"key":"Oddly Smooth Stone"},{"floor":42,"key":"Potion Belt"},{"floor":43,"key":"Nunchaku"}],"event_choices":[{"damage_healed":0,"gold_gain":100,"player_choice":"Pray","damage_taken":0,"max_hp_gain":0,"max_hp_loss":0,"event_name":"Golden Shrine","floor":2,"gold_loss":0},{"damage_healed":1,"gold_gain":0,"player_choice":"Full Heal","damage_taken":0,"max_hp_gain":0,"max_hp_loss":0,"event_name":"Wheel of Change","floor":4,"gold_loss":0},{"damage_healed":0,"gold_gain":0,"player_choice":"Simplicity","damage_taken":0,"max_hp_gain":0,"max_hp_loss":0,"event_name":"Back to Basics","floor":21,"gold_loss":0,"cards_upgraded":["Defend_G","Defend_G","Defend_G","Defend_G","Defend_G","Strike_G","Strike_G","Strike_G"]},{"damage_healed":0,"gold_gain":0,"player_choice":"Forge","damage_taken":0,"max_hp_gain":0,"max_hp_loss":0,"event_name":"Accursed Blacksmith","floor":27,"gold_loss":0,"cards_upgraded":["Infinite Blades"]},{"damage_healed":0,"gold_gain":0,"player_choice":"Ignored","damage_taken":0,"max_hp_gain":0,"max_hp_loss":0,"event_name":"Mysterious Sphere","floor":36,"gold_loss":0},{"cards_removed":["Defend_G"],"damage_healed":0,"gold_gain":0,"player_choice":"Removed Skill","damage_taken":0,"max_hp_gain":0,"max_hp_loss":0,"event_name":"Falling","floor":38,"gold_loss":0}],"is_beta":false,"boss_relics":[{"not_picked":["Philosopher\u0027s Stone","Fusion Hammer"],"picked":"Cursed Key"},{"not_picked":["Pandora\u0027s Box","Lizard Tail"],"picked":"Ring of the Serpent"}],"items_purged_floors":[11,20,47],"is_endless":false,"potions_floor_spawned":[3,6,7,18,33,37,42],"killed_by":"Awakened One","ascension_level":0}