{"gold_per_floor":[113,63,63,63,76,76,109,124,124,49,81,81,107,107,107,205,205,215,215,140,69,86,120,130,156,183,211,310,325,325,339,339,443,443,455,455,17,36,55,55,89,105,105,140,140,154,254,281,281,281],"floor_reached":51,"playtime":2603,"items_purged":["Strike_R"],"score":1029,"play_id":"caacb0f5-872a-44c4-b6f6-55ee7a0e3906","local_time":"20190525161215","is_ascension_mode":true,"campfire_choices":[{"data":"Hemokinesis","floor":6.0,"key":"SMITH"},{"data":"Metallicize","floor":15.0,"key":"SMITH"},{"data":"Intimidate","floor":32.0,"key":"SMITH"},{"data":"Apotheosis","floor":40,"key":"SMITH"},{"data":"Fiend Fire","floor":45,"key":"SMITH"},{"data":"Impervious","floor":49,"key":"SMITH"}],"neow_cost":"NONE","seed_source_timestamp":348763979149500,"circlet_count":0,"master_deck":["Strike_R","Strike_R","Strike_R","Defend_R","Defend_R","Defend_R","Defend_R","Bash+1","Headbutt","Hemokinesis+1","Shrug It Off","Sword Boomerang","Metallicize+1","Clothesline","Necronomicurse","Flame Barrier","Feel No Pain+1","Dark Embrace","Intimidate+1","Hemokinesis","Flame Barrier+1","Rupture","Reaper","Corruption+1","Battle Trance","Uppercut","Burning Pact+1","Rupture","Impervious+1","Apotheosis+1","Sword Boomerang","Whirlwind","Flame Barrier","Fiend Fire+1","Feed","Sword Boomerang+1","Heavy Blade","Dual Wield"],"special_seed":0,"relics":["Burning Blood","Bird Faced Urn","Boot","Ginger","Centennial Puzzle","Self Forming Clay","Unceasing Top","Snecko Eye","Necronomicon","Strawberry","Gremlin Horn","Pen Nib","Bag of Preparation","Bottled Lightning","Orrery","Shuriken","Ornamental Fan","Frozen Egg 2","Vajra","Incense Burner","Potion Belt"],"potions_floor_usage":[42,47,50,50,50],"damage_taken":[{"damage":0.0,"enemies":"2 Louse","floor":1.0,"turns":3.0},{"damage":2.0,"enemies":"Small Slimes","floor":5.0,"turns":4.0},{"damage":29.0,"enemies":"Gremlin Nob","floor":7.0,"turns":4.0},{"damage":2.0,"enemies":"Cultist","floor":8.0,"turns":2.0},{"damage":15.0,"enemies":"3 Sentries","floor":11.0,"turns":5.0},{"damage":19.0,"enemies":"Lagavulin","floor":13.0,"turns":7.0},{"damage":29.0,"enemies":"Hexaghost","floor":16.0,"turns":11.0},{"damage":10.0,"enemies":"3 Byrds","floor":18.0,"turns":6.0},{"damage":4.0,"enemies":"2 Thieves","floor":22.0,"turns":3.0},{"damage":4.0,"enemies":"Slavers","floor":23.0,"turns":5.0},{"damage":4.0,"enemies":"Snecko","floor":24.0,"turns":3.0},{"damage":16.0,"enemies":"Book of Stabbing","floor":25.0,"turns":5.0},{"damage":25.0,"enemies":"Gremlin Leader","floor":27.0,"turns":6.0},{"damage":2.0,"enemies":"Shelled Parasite and Fungi","floor":29.0,"turns":4.0},{"damage":14.0,"enemies":"3 Cultists","floor":31.0,"turns":5.0},{"damage":49,"enemies":"Collector","floor":33,"turns":8},{"damage":2,"enemies":"3 Shapes","floor":35,"turns":3},{"damage":0,"enemies":"Orb Walker","floor":38,"turns":1},{"damage":10,"enemies":"Sphere and 2 Shapes","floor":39,"turns":5},{"damage":20,"enemies":"Nemesis","floor":41,"turns":7},{"damage":16,"enemies":"Transient","floor":42,"turns":5},{"damage":6,"enemies":"Reptomancer","floor":44,"turns":5},{"damage":12,"enemies":"3 Darklings","floor":46,"turns":5},{"damage":2,"enemies":"Mind Bloom Boss Battle","floor":47,"turns":5},{"damage":9,"enemies":"Giant Head","floor":48,"turns":8},{"damage":0,"enemies":"Time Eater","floor":50,"turns":13}],"seed_played":"5614738463956731774","potions_obtained":[{"floor":1.0,"key":"PowerPotion"},{"floor":11.0,"key":"Fire Potion"},{"floor":13.0,"key":"AttackPotion"},{"floor":14.0,"key":"LiquidBronze"},{"floor":16.0,"key":"FearPotion"},{"floor":22.0,"key":"SkillPotion"},{"floor":24.0,"key":"AttackPotion"},{"floor":29.0,"key":"Dexterity Potion"},{"floor":31.0,"key":"Fruit Juice"},{"floor":42,"key":"Dexterity Potion"},{"floor":46,"key":"PowerPotion"},{"floor":47,"key":"Fruit Juice"},{"floor":48,"key":"PowerPotion"}],"is_trial":false,"path_per_floor":["M","?","?","?","M","R","E","M","T","$","E","T","E","?","R","B",null,"M","?","?","$","M","E","M","E","T","E","?","M","T","M","R","B",null,"M","?","$","M","M","R","E","M","T","E","R","M","?","E","R","B",null],"character_chosen":"IRONCLAD","items_purchased":["Flame Barrier","Shuriken","Apotheosis"],"campfire_rested":0,"item_purchase_floors":[21,37,37],"current_hp_per_floor":[80,80,80,73,77,77,54,58,58,58,51,51,38,38,38,17,80,78,62,62,62,66,79,83,77,77,62,62,70,70,68,68,33,87,87,87,87,87,87,87,87,92,92,92,92,92,101,101,101,101],"gold":281,"neow_bonus":"UPGRADE_CARD","is_prod":false,"is_daily":false,"chose_seed":false,"campfire_upgraded":6,"win_rate":1,"timestamp":1558793535,"path_taken":["M","?","?","?","M","R","E","M","T","$","E","?","E","?","R","BOSS","M","?","?","?","?","E","M","E","T","E","?","M","?","?","R","BOSS","M","?","$","M","?","R","E","M","T","E","R","M","?","E","R","BOSS"],"build_version":"2019-01-23","purchased_purges":1,"victory":true,"max_hp_per_floor":[80,80,80,80,80,80,80,80,80,80,80,80,80,80,80,80,80,80,80,80,80,80,87,87,87,87,87,87,87,87,87,87,87,87,87,87,87,87,87,87,87,92,92,92,92,96,101,101,101,101],"card_choices":[{"not_picked":["Power Through","Heavy Blade"],"picked":"Headbutt","floor":1.0},{"not_picked":["Body Slam","Uppercut"],"picked":"Hemokinesis","floor":5.0},{"not_picked":["Clothesline","Warcry"],"picked":"Shrug It Off","floor":7.0},{"not_picked":["Iron Wave","Armaments","Clash"],"picked":"SKIP","floor":8.0},{"not_picked":["Perfected Strike","Body Slam"],"picked":"Sword Boomerang","floor":11.0},{"not_picked":["Heavy Blade","Pommel Strike"],"picked":"Metallicize","floor":13.0},{"not_picked":["Dark Embrace","Barricade"],"picked":"Berserk","floor":16.0},{"not_picked":["Searing Blow","True Grit"],"picked":"Clothesline","floor":18.0},{"not_picked":["Metallicize+1","Carnage"],"picked":"Feel No Pain+1","floor":22.0},{"not_picked":["Perfected Strike+1","Combust"],"picked":"Dark Embrace","floor":23.0},{"not_picked":["Feel No Pain","Seeing Red"],"picked":"Intimidate","floor":24.0},{"not_picked":["Twin Strike","Headbutt"],"picked":"Hemokinesis","floor":25.0},{"not_picked":["Blood for Blood","Armaments"],"picked":"Flame Barrier+1","floor":27.0},{"not_picked":["Shrug It Off","Second Wind+1"],"picked":"Rupture","floor":29.0},{"not_picked":["Warcry+1","Pommel Strike","Thunderclap+1"],"picked":"SKIP","floor":31.0},{"not_picked":["Berserk","Dark Embrace"],"picked":"Reaper","floor":33},{"not_picked":["Rage+1","Headbutt"],"picked":"Corruption+1","floor":34},{"not_picked":["True Grit","Headbutt"],"picked":"Battle Trance","floor":34},{"not_picked":["Sword Boomerang","Clash"],"picked":"Uppercut","floor":34},{"not_picked":["Pummel","Flex"],"picked":"Burning Pact+1","floor":34},{"not_picked":["Infernal Blade","Heavy Blade"],"picked":"Rupture","floor":34},{"not_picked":["Clash","Reckless Charge+1"],"picked":"Impervious","floor":35},{"not_picked":["True Grit","Ghostly Armor+1"],"picked":"Sword Boomerang","floor":38},{"not_picked":["Clothesline+1","Flex+1"],"picked":"Whirlwind","floor":39},{"not_picked":["Blood for Blood+1","Cleave"],"picked":"Flame Barrier","floor":41},{"not_picked":["Searing Blow","Heavy Blade+1"],"picked":"Fiend Fire","floor":42},{"not_picked":["Warcry","Flex+1"],"picked":"Feed","floor":44},{"not_picked":["Warcry+1","Anger+1"],"picked":"Sword Boomerang+1","floor":46},{"not_picked":["Twin Strike+1","Iron Wave+1"],"picked":"Heavy Blade","floor":47},{"not_picked":["Ghostly Armor+1","Iron Wave"],"picked":"Dual Wield","floor":48}],"player_experience":7253,"relics_obtained":[{"floor":7.0,"key":"Boot"},{"floor":9.0,"key":"Ginger"},{"floor":11.0,"key":"Centennial Puzzle"},{"floor":12.0,"key":"Self Forming Clay"},{"floor":13.0,"key":"Unceasing Top"},{"floor":19.0,"key":"Necronomicon"},{"floor":23.0,"key":"Strawberry"},{"floor":25.0,"key":"Gremlin Horn"},{"floor":26.0,"key":"Pen Nib"},{"floor":27.0,"key":"Bag of Preparation"},{"floor":30.0,"key":"Bottled Lightning"},{"floor":41,"key":"Ornamental Fan"},{"floor":43,"key":"Frozen Egg 2"},{"floor":44,"key":"Vajra"},{"floor":47,"key":"Incense Burner"},{"floor":48,"key":"Potion Belt"}],"event_choices":[{"cards_removed":["Strike_R"],"damage_healed":0.0,"max_hp_gain":0.0,"max_hp_loss":0.0,"gold_gain":0.0,"event_name":"The Cleric","player_choice":"Card Removal","floor":2.0,"gold_loss":50.0,"damage_taken":0.0},{"damage_healed":0.0,"max_hp_gain":0.0,"max_hp_loss":0.0,"gold_gain":0.0,"event_name":"Liars Game","player_choice":"Ignored","floor":3.0,"gold_loss":0.0,"damage_taken":0.0},{"damage_healed":0.0,"max_hp_gain":0.0,"max_hp_loss":0.0,"gold_gain":0.0,"event_name":"Scrap Ooze","player_choice":"Success","floor":4.0,"gold_loss":0.0,"damage_taken":7.0,"relics_obtained":["Bird Faced Urn"]},{"damage_healed":0.0,"max_hp_gain":0.0,"max_hp_loss":0.0,"gold_gain":0.0,"event_name":"Lab","player_choice":"Got Potions","floor":14.0,"gold_loss":0.0,"damage_taken":0.0},{"damage_healed":0.0,"max_hp_gain":0.0,"max_hp_loss":0.0,"gold_gain":0.0,"event_name":"Cursed Tome","player_choice":"Obtained Book","floor":19.0,"gold_loss":0.0,"damage_taken":16.0},{"cards_removed":["Berserk"],"damage_healed":0.0,"max_hp_gain":0.0,"max_hp_loss":0.0,"gold_gain":0.0,"event_name":"Beggar","player_choice":"Gave Gold","floor":20.0,"gold_loss":75.0,"damage_taken":0.0},{"damage_healed":0.0,"max_hp_gain":0.0,"max_hp_loss":0.0,"gold_gain":99.0,"event_name":"Nest","player_choice":"Stole From Cult","floor":28.0,"gold_loss":0.0,"damage_taken":0.0},{"damage_healed":0,"gold_gain":0,"player_choice":"0 cards matched","damage_taken":0,"max_hp_gain":0,"max_hp_loss":0,"event_name":"Match and Keep!","floor":36,"gold_loss":0,"cards_obtained":[]},{"damage_healed":0,"gold_gain":0,"player_choice":"Fight","damage_taken":0,"max_hp_gain":0,"max_hp_loss":0,"event_name":"MindBloom","floor":47,"gold_loss":0}],"is_beta":false,"boss_relics":[{"not_picked":["Eternal Feather","Lizard Tail"],"picked":"Snecko Eye"},{"not_picked":["Empty Cage","White Beast Statue"],"picked":"Orrery"}],"items_purged_floors":[10],"is_endless":false,"potions_floor_spawned":[1,11,13,16,22,24,29,31,33,35,42,46,47,48],"ascension_level":1}