{"gold_per_floor":[112,112,130,130,146,179,189,224,248,274,28,45,45,60,60,155,155,175,175,175,27,38,63,63,82,82,82,98,98,98,131,131,227,227,238,238,238,265,276,276,376,387,436,40,40,59,94,94,94,94],"floor_reached":51,"playtime":1583,"items_purged":[],"score":947,"play_id":"af7d4032-75ec-485f-a3bf-20b8a3039e70","local_time":"20190526162450","is_ascension_mode":true,"campfire_choices":[{"data":"Immolate","floor":13.0,"key":"SMITH"},{"data":"Perfected Strike","floor":15.0,"key":"SMITH"},{"data":"Fiend Fire","floor":27,"key":"SMITH"},{"floor":32,"key":"REST"},{"data":"Perfected Strike","floor":40,"key":"SMITH"},{"data":"Flex","floor":45,"key":"SMITH"},{"data":"Double Tap","floor":49,"key":"SMITH"}],"neow_cost":"NONE","seed_source_timestamp":67081856344400,"circlet_count":0,"master_deck":["Strike_R","Strike_R+1","Strike_R","Strike_R+1","Strike_R","Defend_R","Defend_R","Defend_R","Defend_R","Bash+1","Metallicize+1","Battle Trance","Perfected Strike+1","Immolate+1","Reaper","Armaments","Pommel Strike","Shrug It Off","Fiend Fire+1","Pommel Strike+1","Necronomicurse","Berserk","Perfected Strike+1","Combust+1","Impervious","Pommel Strike+1","Flex+1","Headbutt+1","Havoc+1","Fire Breathing+1","Flex+1","Pommel Strike+1","Double Tap+1","Bludgeon+1"],"special_seed":0,"relics":["Burning Blood","PreservedInsect","Bag of Preparation","Lantern","OrangePellets","Mark of Pain","Necronomicon","Pen Nib","Dream Catcher","Nloth\u0027s Gift","Pantograph","Molten Egg 2","Runic Pyramid","Strawberry","FossilizedHelix","Centennial Puzzle","Red Skull","Bag of Marbles","Meat on the Bone"],"potions_floor_usage":[33,33,50,50,50],"damage_taken":[{"damage":9.0,"enemies":"Jaw Worm","floor":1.0,"turns":3.0},{"damage":0.0,"enemies":"2 Louse","floor":3.0,"turns":3.0},{"damage":4.0,"enemies":"Small Slimes","floor":5.0,"turns":4.0},{"damage":14.0,"enemies":"3 Sentries","floor":6.0,"turns":8.0},{"damage":0.0,"enemies":"Exordium Wildlife","floor":7.0,"turns":4.0},{"damage":28.0,"enemies":"Gremlin Nob","floor":8.0,"turns":4.0},{"damage":10.0,"enemies":"3 Sentries","floor":10.0,"turns":2.0},{"damage":0.0,"enemies":"Red Slaver","floor":12.0,"turns":3.0},{"damage":8.0,"enemies":"Lots of Slimes","floor":14.0,"turns":3.0},{"damage":17.0,"enemies":"The Guardian","floor":16.0,"turns":16.0},{"damage":0.0,"enemies":"Chosen","floor":18.0,"turns":4.0},{"damage":0,"enemies":"Spheric Guardian","floor":22,"turns":3},{"damage":0,"enemies":"Gremlin Leader","floor":23,"turns":3},{"damage":2,"enemies":"Chosen and Byrds","floor":25,"turns":3},{"damage":0,"enemies":"Centurion and Healer","floor":28,"turns":1},{"damage":28,"enemies":"Book of Stabbing","floor":31,"turns":4},{"damage":47,"enemies":"Champ","floor":33,"turns":7},{"damage":0,"enemies":"3 Shapes","floor":35,"turns":1},{"damage":7,"enemies":"3 Darklings","floor":39,"turns":3},{"damage":15,"enemies":"Mind Bloom Boss Battle","floor":41,"turns":3},{"damage":10,"enemies":"Transient","floor":42,"turns":5},{"damage":1,"enemies":"Spire Growth","floor":46,"turns":3},{"damage":0,"enemies":"Giant Head","floor":47,"turns":3},{"damage":27,"enemies":"Time Eater","floor":50,"turns":5}],"seed_played":"5642986514539014430","potions_obtained":[{"floor":1.0,"key":"Ancient Potion"},{"floor":5.0,"key":"Fire Potion"},{"floor":10.0,"key":"BloodPotion"},{"floor":12.0,"key":"Fire Potion"},{"floor":16.0,"key":"Weak Potion"},{"floor":28,"key":"SteroidPotion"},{"floor":33,"key":"SkillPotion"},{"floor":39,"key":"Regen Potion"}],"is_trial":false,"path_per_floor":["M","?","M","?","M","E","M","E","T","E","$","M","R","M","R","B",null,"M","?","?","$","M","E","?","M","T","R","M","$","?","E","R","B",null,"M","?","$","T","M","R","?","M","T","$","R","M","E","?","R","B",null],"character_chosen":"IRONCLAD","items_purchased":["Shrug It Off","OrangePellets","Pen Nib","Flex","Red Skull","Bag of Marbles","Pommel Strike+1"],"campfire_rested":1,"item_purchase_floors":[11,11,21,44,44,44,44],"current_hp_per_floor":[77,77,80,64,66,58,64,42,42,38,38,44,44,42,42,31,80,80,64,64,64,70,80,80,80,80,80,80,80,65,53,78,44,85,85,85,85,92,91,91,92,88,88,88,88,92,92,92,92,74],"gold":94,"neow_bonus":"UPGRADE_CARD","is_prod":false,"is_daily":false,"chose_seed":false,"campfire_upgraded":6,"win_rate":0,"timestamp":1558880690,"path_taken":["M","?","M","?","M","E","M","E","T","E","$","M","R","M","R","BOSS","M","?","?","$","?","E","?","M","T","R","?","$","?","E","R","BOSS","M","?","$","?","M","R","?","M","T","$","R","M","E","?","R","BOSS"],"build_version":"2019-01-23","purchased_purges":0,"victory":true,"max_hp_per_floor":[80,80,80,80,80,80,80,80,80,80,80,80,80,80,80,80,80,80,80,80,80,80,80,80,80,80,80,80,80,85,85,85,85,85,85,85,85,92,92,92,92,92,92,92,92,92,92,92,92,92],"card_choices":[{"not_picked":["Second Wind","Clash"],"picked":"Metallicize","floor":1.0},{"not_picked":["Cleave","Flex","Iron Wave"],"picked":"SKIP","floor":3.0},{"not_picked":["Shrug It Off","Metallicize"],"picked":"Battle Trance","floor":5.0},{"not_picked":["Rupture","Clash"],"picked":"Perfected Strike","floor":6.0},{"not_picked":["Heavy Blade","Warcry"],"picked":"Immolate","floor":7.0},{"not_picked":["Twin Strike","Disarm"],"picked":"Reaper","floor":8.0},{"not_picked":["Flex","Body Slam"],"picked":"Armaments","floor":10.0},{"not_picked":["Perfected Strike","Entrench"],"picked":"Pommel Strike","floor":12.0},{"not_picked":["Metallicize","Rupture"],"picked":"Shrug It Off","floor":14.0},{"not_picked":["Brutality","Bludgeon"],"picked":"Fiend Fire","floor":16.0},{"not_picked":["Wild Strike","Havoc"],"picked":"Pommel Strike+1","floor":18.0},{"not_picked":["Flame Barrier","Reckless Charge"],"picked":"Perfected Strike","floor":22},{"not_picked":["Twin Strike","Wild Strike","Clothesline"],"picked":"SKIP","floor":23},{"not_picked":["Intimidate","Wild Strike","True Grit"],"picked":"SKIP","floor":25},{"not_picked":["Headbutt","Bludgeon"],"picked":"Combust+1","floor":28},{"not_picked":["Cleave+1","Brutality"],"picked":"Impervious","floor":31},{"not_picked":["Dropkick+1","Shrug It Off"],"picked":"Pommel Strike+1","floor":32},{"not_picked":["Sword Boomerang+1","Heavy Blade+1"],"picked":"Flex+1","floor":35},{"not_picked":["Evolve+1","Shrug It Off"],"picked":"Headbutt+1","floor":39},{"not_picked":["Cleave+1","Armaments"],"picked":"Havoc+1","floor":41},{"not_picked":["Wild Strike+1","Twin Strike+1"],"picked":"Fire Breathing+1","floor":42},{"not_picked":["Seeing Red","Warcry"],"picked":"Double Tap","floor":46},{"not_picked":["Pommel Strike+1","Twin Strike+1"],"picked":"Bludgeon+1","floor":47}],"player_experience":25938,"relics_obtained":[{"floor":6.0,"key":"Regal Pillow"},{"floor":8.0,"key":"PreservedInsect"},{"floor":9.0,"key":"Bag of Preparation"},{"floor":10.0,"key":"Lantern"},{"floor":19.0,"key":"Necronomicon"},{"floor":23,"key":"Dream Catcher"},{"floor":26,"key":"Pantograph"},{"floor":31,"key":"Molten Egg 2"},{"floor":38,"key":"Strawberry"},{"floor":41,"key":"FossilizedHelix"},{"floor":43,"key":"Centennial Puzzle"},{"floor":47,"key":"Meat on the Bone"}],"event_choices":[{"damage_healed":0.0,"max_hp_gain":0.0,"max_hp_loss":0.0,"gold_gain":0.0,"event_name":"Living Wall","player_choice":"Grow","floor":2.0,"gold_loss":0.0,"damage_taken":0.0,"cards_upgraded":["Metallicize"]},{"damage_healed":0.0,"max_hp_gain":0.0,"max_hp_loss":0.0,"gold_gain":0.0,"event_name":"Shining Light","player_choice":"Entered Light","floor":4.0,"gold_loss":0.0,"damage_taken":16.0,"cards_upgraded":["Strike_R","Strike_R"]},{"damage_healed":0.0,"max_hp_gain":0.0,"max_hp_loss":0.0,"gold_gain":0.0,"event_name":"Cursed Tome","player_choice":"Obtained Book","floor":19.0,"gold_loss":0.0,"damage_taken":16.0},{"damage_healed":0,"gold_gain":0,"player_choice":"1 cards matched","damage_taken":0,"max_hp_gain":0,"max_hp_loss":0,"event_name":"Match and Keep!","floor":20,"gold_loss":0,"cards_obtained":["Berserk"]},{"damage_healed":0,"gold_gain":0,"player_choice":"Traded Relic","damage_taken":0,"relics_obtained":["Nloth\u0027s Gift"],"max_hp_gain":0,"max_hp_loss":0,"event_name":"N\u0027loth","floor":24,"relics_lost":["Regal Pillow"],"gold_loss":0},{"damage_healed":0,"gold_gain":0,"player_choice":"Shed Blood","damage_taken":20,"max_hp_gain":5,"max_hp_loss":0,"event_name":"Forgotten Altar","floor":30,"gold_loss":0},{"damage_healed":0,"gold_gain":0,"player_choice":"Full Heal","damage_taken":0,"max_hp_gain":0,"max_hp_loss":0,"event_name":"Wheel of Change","floor":36,"gold_loss":0},{"damage_healed":0,"gold_gain":0,"player_choice":"Fight","damage_taken":0,"max_hp_gain":0,"max_hp_loss":0,"event_name":"MindBloom","floor":41,"gold_loss":0},{"cards_removed":["Shrug It Off"],"damage_healed":0,"gold_gain":0,"player_choice":"Removed Skill","damage_taken":0,"max_hp_gain":0,"max_hp_loss":0,"event_name":"Falling","floor":48,"gold_loss":0}],"is_beta":false,"boss_relics":[{"not_picked":["White Beast Statue","Black Blood"],"picked":"Mark of Pain"},{"not_picked":["Cursed Key","Calling Bell"],"picked":"Runic Pyramid"}],"items_purged_floors":[],"is_endless":false,"potions_floor_spawned":[1,5,10,12,16,18,28,33,39,42],"ascension_level":3}