{"gold_per_floor":[117,130,146,156,156,182,182,207,207,6,31,106,124,143,143,246,246,261,274,189,112,128,128,155,155,155,182,105,140,153,153,153,252,252,272,272,285,285,296,327,327,122,146,146,164,164,164],"floor_reached":48,"playtime":4265,"items_purged":[],"score":763,"play_id":"9bb40878-3196-4d76-a23d-6ee48ca3cde7","local_time":"20180721193921","daily_mods":["Shiny","Elite Swarm","Uncertain Future"],"is_ascension_mode":false,"campfire_choices":[{"floor":7.0,"key":"REST"},{"data":"Envenom","floor":15.0,"key":"SMITH"},{"floor":23.0,"key":"REST"},{"data":"Bullet Time","floor":25.0,"key":"SMITH"},{"floor":32.0,"key":"REST"},{"floor":41,"key":"REST"},{"data":"Concentrate","floor":44,"key":"SMITH"}],"neow_cost":"","seed_source_timestamp":0,"circlet_count":0,"master_deck":["Venomology","Corpse Explosion","Malaise","Phantasmal Killer","Die Die Die","Adrenaline","Envenom+1","Doppelganger","Burst","Wraith Form v2","Tools of the Trade","Night Terror","Unload","After Image","Bullet Time+1","Storm of Steel","Glass Knife","A Thousand Cuts","Grand Finale","Concentrate+1","Predator","Dodge and Roll","Cloak And Dagger","Backflip","Caltrops+1","Adrenaline","Well Laid Plans+1","Acrobatics","A Thousand Cuts+1","J.A.X.","Adrenaline","Deflect","Die Die Die","Madness","Madness","Jack Of All Trades","Dodge and Roll+1"],"special_seed":0,"relics":["Ring of the Serpent","Orichalcum","Omamori","Potion Belt","Bronze Scales","Frozen Egg 2","Juzu Bracelet","Meat on the Bone","Shuriken","Art of War","Boot","Busted Crown","Ninja Scroll","Lee\u0027s Waffle","Oddly Smooth Stone"],"potions_floor_usage":[37,37,39,40,45,47,47,47,47],"damage_taken":[{"damage":17.0,"enemies":"Cultist","floor":1.0,"turns":5.0},{"damage":0.0,"enemies":"2 Louse","floor":2.0,"turns":2.0},{"damage":3.0,"enemies":"Jaw Worm","floor":3.0,"turns":3.0},{"damage":0.0,"enemies":"Large Slime","floor":4.0,"turns":2.0},{"damage":16.0,"enemies":"Lagavulin","floor":6.0,"turns":6.0},{"damage":4.0,"enemies":"3 Sentries","floor":8.0,"turns":4.0},{"damage":0.0,"enemies":"Gremlin Nob","floor":11.0,"turns":6.0},{"damage":0.0,"enemies":"Red Slaver","floor":13.0,"turns":1.0},{"damage":0.0,"enemies":"Exordium Wildlife","floor":14.0,"turns":1.0},{"damage":11.0,"enemies":"Hexaghost","floor":16.0,"turns":8.0},{"damage":1.0,"enemies":"3 Byrds","floor":18.0,"turns":2.0},{"damage":18.0,"enemies":"Spheric Guardian","floor":19.0,"turns":4.0},{"damage":4.0,"enemies":"Snecko","floor":22.0,"turns":5.0},{"damage":21.0,"enemies":"Slavers","floor":24.0,"turns":2.0},{"damage":13.0,"enemies":"Gremlin Leader","floor":27.0,"turns":4.0},{"damage":20.0,"enemies":"Slavers","floor":29.0,"turns":2.0},{"damage":24.0,"enemies":"Snake Plant","floor":30.0,"turns":3.0},{"damage":42.0,"enemies":"Collector","floor":33.0,"turns":7.0},{"damage":16.0,"enemies":"Orb Walker","floor":35.0,"turns":3.0},{"damage":29,"enemies":"Flame Bruiser 1 Orb","floor":37,"turns":4},{"damage":16,"enemies":"4 Shapes","floor":39,"turns":6},{"damage":3,"enemies":"2 Orb Walkers","floor":40,"turns":4},{"damage":10,"enemies":"Flame Bruiser 2 Orb","floor":45,"turns":4},{"damage":61,"enemies":"Time Eater","floor":47,"turns":12}],"seed_played":"-8039752945510447545","potions_obtained":[{"floor":1.0,"key":"PowerPotion"},{"floor":13.0,"key":"Weak Potion"},{"floor":14.0,"key":"PowerPotion"},{"floor":16.0,"key":"Regen Potion"},{"floor":22.0,"key":"PowerPotion"},{"floor":24.0,"key":"Block Potion"},{"floor":30.0,"key":"SpeedPotion"},{"floor":39,"key":"GhostInAJar"},{"floor":45,"key":"Fire Potion"}],"is_trial":true,"path_per_floor":["M","M","M","M","?","E","R","E","T","$","E","?","M","M","R","B",null,"M","M","?","$","M","R","E","R","T","E","?","E","M","?","R","B",null,"M","?","M","?","M","E","R","$","T","R","M","?","B"],"character_chosen":"THE_SILENT","items_purchased":["Bronze Scales","Backflip","Well Laid Plans+1","Lee\u0027s Waffle"],"campfire_rested":4,"item_purchase_floors":[10,10,21,42],"current_hp_per_floor":[53,53,50,55,60,44,66,74,74,74,74,67,67,67,67,70,75,74,61,61,61,57,75,54,54,54,53,53,45,33,33,55,25,75,59,50,33,33,29,38,60,82,82,82,72,72,23],"gold":164,"neow_bonus":"","is_prod":false,"is_daily":false,"chose_seed":false,"campfire_upgraded":3,"win_rate":0,"timestamp":1532198361,"path_taken":["M","M","M","?","?","E","R","E","T","$","E","?","M","M","R","BOSS","M","M","?","$","M","R","E","R","T","E","?","E","M","?","R","BOSS","M","?","M","?","M","E","R","$","T","R","M","?","BOSS"],"build_version":"2018-07-19v2","purchased_purges":0,"victory":true,"max_hp_per_floor":[70,70,70,70,75,75,75,75,75,75,75,75,75,75,75,75,75,75,75,75,75,75,75,75,75,75,75,75,75,75,75,75,75,75,75,75,75,75,75,75,75,82,82,82,82,82,82],"card_choices":[{"not_picked":["PiercingWail","Dagger Throw"],"picked":"Concentrate","floor":1.0},{"not_picked":["Outmaneuver","Quick Slash"],"picked":"Predator","floor":2.0},{"not_picked":["Flying Knee","Deflect"],"picked":"Dodge and Roll","floor":3.0},{"not_picked":["Glass Knife","Blade Dance"],"picked":"Cloak And Dagger","floor":4.0},{"not_picked":["Tools of the Trade","Storm of Steel","A Thousand Cuts"],"picked":"SKIP","floor":6.0},{"not_picked":["Night Terror","Tools of the Trade","Bullet Time"],"picked":"SKIP","floor":8.0},{"not_picked":["Phantasmal Killer","Wraith Form v2","Burst"],"picked":"SKIP","floor":11.0},{"not_picked":["Slice","Deflect"],"picked":"Caltrops+1","floor":13.0},{"not_picked":["Sucker Punch","Underhanded Strike","Deflect"],"picked":"SKIP","floor":14.0},{"not_picked":["Storm of Steel","Bullet Time"],"picked":"Adrenaline","floor":16.0},{"not_picked":["Catalyst+1","Terror","Prepared"],"picked":"SKIP","floor":18.0},{"not_picked":["Sucker Punch","PiercingWail","Setup"],"picked":"SKIP","floor":19.0},{"not_picked":["Dagger Throw","Bane+1"],"picked":"Acrobatics","floor":22.0},{"not_picked":["Doppelganger","Die Die Die"],"picked":"A Thousand Cuts+1","floor":24.0},{"not_picked":["Glass Knife","Night Terror","Grand Finale"],"picked":"SKIP","floor":27.0},{"not_picked":["Venomology","Tools of the Trade+1"],"picked":"Adrenaline","floor":29.0},{"not_picked":["Heel Hook","Acrobatics"],"picked":"Deflect","floor":30.0},{"not_picked":["Grand Finale","Doppelganger"],"picked":"Die Die Die","floor":33.0},{"not_picked":["Masterful Stab"],"picked":"SKIP","floor":35.0},{"not_picked":["Well Laid Plans+1"],"picked":"SKIP","floor":37},{"not_picked":[],"picked":"Jack Of All Trades","floor":38},{"not_picked":[],"picked":"Dodge and Roll+1","floor":39},{"not_picked":["Doppelganger"],"picked":"SKIP","floor":40},{"not_picked":["Reflex"],"picked":"SKIP","floor":45}],"player_experience":474506,"relics_obtained":[{"floor":6.0,"key":"Orichalcum"},{"floor":8.0,"key":"Omamori"},{"floor":9.0,"key":"Potion Belt"},{"floor":11.0,"key":"Frozen Egg 2"},{"floor":24.0,"key":"Meat on the Bone"},{"floor":26.0,"key":"Shuriken"},{"floor":27.0,"key":"Art of War"},{"floor":29.0,"key":"Boot"},{"floor":40,"key":"Ninja Scroll"},{"floor":43,"key":"Oddly Smooth Stone"}],"event_choices":[{"event_name":"Big Fish","player_choice":"Donut","floor":5.0,"damage_taken":0.0},{"event_name":"FaceTrader","player_choice":"Touch","floor":12.0,"damage_taken":0.0},{"event_name":"Addict","player_choice":"Obtained Relic","floor":20.0,"damage_taken":0.0},{"event_name":"Drug Dealer","player_choice":"Got JAXXED","floor":28.0,"damage_taken":0.0},{"event_name":"Cursed Tome","player_choice":"Ignored","floor":31.0,"damage_taken":0.0},{"event_name":"Winding Halls","player_choice":"Embrace Madness","floor":36.0,"damage_taken":0.0},{"event_name":"SensoryStone","player_choice":"Memory 1","floor":38,"damage_taken":0},{"event_name":"SecretPortal","player_choice":"Took Portal.","floor":46,"damage_taken":0}],"is_beta":false,"boss_relics":[{"not_picked":["Empty Cage","Velvet Choker"],"picked":"Ring of the Serpent"},{"not_picked":["Eternal Feather","White Beast Statue"],"picked":"Busted Crown"}],"items_purged_floors":[],"is_endless":false,"potions_floor_spawned":[1,13,14,16,22,24,30,39,45],"ascension_level":0}