{"gold_per_floor":[114,114,73,85,160,160,190,209,209,209,234,234,250,261,261,366,366,386,386,196,212,226,226],"floor_reached":23,"playtime":601,"items_purged":["Pain"],"score":305,"play_id":"eea0b105-0dc5-4a65-9a3a-9cc3e33a0bc7","local_time":"20190528123613","is_ascension_mode":true,"campfire_choices":[{"data":"Ball Lightning","floor":6.0,"key":"SMITH"},{"data":"Cold Snap","floor":12.0,"key":"SMITH"},{"data":"Blizzard","floor":15.0,"key":"SMITH"}],"neow_cost":"NONE","seed_source_timestamp":227162193213100,"circlet_count":0,"master_deck":["Strike_B","Defend_B","Defend_B","Defend_B","Defend_B","Zap+1","Dualcast","Blizzard+1","FTL","Ball Lightning+1","Cold Snap+1","Conserve Battery","Sweeping Beam","Self Repair","Cold Snap","Biased Cognition","Hello World+1","Machine Learning+1","Gash+1","Capacitor","Capacitor","Melter","BootSequence+1","Compile Driver+1"],"special_seed":0,"relics":["Cracked Core","NeowsBlessing","Meat on the Bone","Darkstone Periapt","WarpedTongs","Art of War","Astrolabe"],"potions_floor_usage":[23,23],"damage_taken":[{"damage":0.0,"enemies":"Small Slimes","floor":1.0,"turns":1.0},{"damage":0.0,"enemies":"Cultist","floor":4.0,"turns":1.0},{"damage":0.0,"enemies":"Gremlin Nob","floor":7.0,"turns":1.0},{"damage":2.0,"enemies":"Jaw Worm","floor":8.0,"turns":2.0},{"damage":22.0,"enemies":"Lagavulin","floor":11.0,"turns":5.0},{"damage":20.0,"enemies":"3 Louse","floor":13.0,"turns":2.0},{"damage":3.0,"enemies":"Large Slime","floor":14.0,"turns":3.0},{"damage":35.0,"enemies":"Hexaghost","floor":16.0,"turns":10.0},{"damage":33.0,"enemies":"Shell Parasite","floor":18.0,"turns":5.0},{"damage":34,"enemies":"2 Thieves","floor":21,"turns":4},{"damage":17,"enemies":"Snake Plant","floor":22,"turns":5},{"damage":42,"enemies":"Slavers","floor":23,"turns":3}],"seed_played":"3788613149143409792","potions_obtained":[{"floor":7.0,"key":"Energy Potion"},{"floor":11.0,"key":"Dexterity Potion"},{"floor":13.0,"key":"Block Potion"},{"floor":16.0,"key":"Block Potion"},{"floor":19.0,"key":"PowerPotion"},{"floor":19.0,"key":"Explosive Potion"}],"is_trial":false,"path_per_floor":["M","?","$","M","?","R","E","M","T","?","E","R","M","M","R","B",null,"M","?","$","M","M","E"],"character_chosen":"DEFECT","items_purchased":["FTL","Capacitor","Melter"],"campfire_rested":0,"item_purchase_floors":[3,20,20],"current_hp_per_floor":[68,68,68,68,57,57,57,55,55,61,51,51,43,52,52,29,68,54,54,54,39,41,0],"gold":226,"neow_bonus":"THREE_ENEMY_KILL","is_prod":false,"is_daily":false,"chose_seed":false,"campfire_upgraded":3,"win_rate":0,"timestamp":1559039773,"path_taken":["M","?","$","?","?","R","E","M","T","?","E","R","M","M","R","BOSS","M","?","$","?","M","E"],"build_version":"2019-01-23","purchased_purges":1,"victory":false,"max_hp_per_floor":[75,75,75,75,75,75,75,75,75,81,81,81,81,81,81,81,81,81,81,81,81,81,81],"card_choices":[{"not_picked":["Stack","Redo"],"picked":"Blizzard","floor":1.0},{"not_picked":["Reprogram","Streamline"],"picked":"Ball Lightning","floor":4.0},{"not_picked":["Go for the Eyes","Compile Driver"],"picked":"Cold Snap","floor":7.0},{"not_picked":["Chaos","Redo"],"picked":"Conserve Battery","floor":8.0},{"not_picked":["Stack","Leap"],"picked":"Sweeping Beam","floor":11.0},{"not_picked":["Reboot","Sweeping Beam"],"picked":"Self Repair","floor":13.0},{"not_picked":["Go for the Eyes","Leap"],"picked":"Cold Snap","floor":14.0},{"not_picked":["Meteor Strike","All For One"],"picked":"Biased Cognition","floor":16.0},{"not_picked":["Steam","Turbo+1"],"picked":"Capacitor","floor":18.0},{"not_picked":["Compile Driver","Go for the Eyes"],"picked":"BootSequence+1","floor":21},{"not_picked":["Ball Lightning","Scrape"],"picked":"Compile Driver+1","floor":22}],"player_experience":56854,"relics_obtained":[{"floor":7.0,"key":"Meat on the Bone"},{"floor":9.0,"key":"Darkstone Periapt"},{"floor":11.0,"key":"Art of War"}],"event_choices":[{"damage_healed":0.0,"max_hp_gain":0.0,"max_hp_loss":0.0,"gold_gain":0.0,"event_name":"Upgrade Shrine","player_choice":"Upgraded","floor":2.0,"gold_loss":0.0,"damage_taken":0.0,"cards_upgraded":["Zap"]},{"damage_healed":0.0,"max_hp_gain":0.0,"max_hp_loss":0.0,"gold_gain":75.0,"event_name":"World of Goop","player_choice":"Gather Gold","floor":5.0,"gold_loss":0.0,"damage_taken":11.0},{"damage_healed":0.0,"max_hp_gain":0.0,"max_hp_loss":0.0,"gold_gain":0.0,"event_name":"Accursed Blacksmith","player_choice":"Rummage","floor":10.0,"gold_loss":0.0,"damage_taken":0.0,"relics_obtained":["WarpedTongs"],"cards_obtained":["Pain"]},{"damage_healed":0.0,"max_hp_gain":0.0,"max_hp_loss":0.0,"gold_gain":0.0,"event_name":"Lab","player_choice":"Got Potions","floor":19.0,"gold_loss":0.0,"damage_taken":0.0}],"is_beta":false,"boss_relics":[{"not_picked":["Calling Bell","Eternal Feather"],"picked":"Astrolabe"}],"items_purged_floors":[20],"is_endless":false,"potions_floor_spawned":[7,11,13,16,21],"killed_by":"Slavers","ascension_level":7}