{"gold_per_floor":[113,49,69,83,93,93,126,126,126,126,157,171,182,81,81,81],"floor_reached":16,"playtime":1122,"items_purged":["Strike_G"],"score":112,"play_id":"0abac58e-8746-4c28-aefa-372b8ddce3e2","local_time":"20190529155715","is_ascension_mode":false,"campfire_choices":[{"floor":6.0,"key":"REST"},{"floor":8,"key":"REST"},{"data":"Caltrops","floor":10,"key":"SMITH"},{"floor":15,"key":"REST"}],"neow_cost":"NONE","seed_source_timestamp":8161861555935900,"circlet_count":0,"master_deck":["Defend_G","Defend_G","Defend_G","Defend_G","Defend_G","Strike_G","Strike_G","Strike_G","Strike_G","Survivor","Neutralize","Cloak And Dagger","Acrobatics+1","Poisoned Stab","Caltrops+1","Caltrops","Calculated Gamble+1","Deadly Poison+1","Prepared+1","Dodge and Roll+1"],"special_seed":0,"relics":["Ring of the Snake","Toxic Egg 2","WingedGreaves","Matryoshka","Mummified Hand"],"potions_floor_usage":[],"damage_taken":[{"damage":3.0,"enemies":"Jaw Worm","floor":1.0,"turns":4.0},{"damage":0.0,"enemies":"Cultist","floor":3.0,"turns":3.0},{"damage":0.0,"enemies":"2 Louse","floor":4.0,"turns":3.0},{"damage":11.0,"enemies":"Exordium Thugs","floor":5.0,"turns":6.0},{"damage":24,"enemies":"3 Sentries","floor":7,"turns":8},{"damage":38,"enemies":"Gremlin Nob","floor":11,"turns":6},{"damage":13,"enemies":"2 Fungi Beasts","floor":12,"turns":4},{"damage":8,"enemies":"Blue Slaver","floor":13,"turns":3},{"damage":46,"enemies":"Slime Boss","floor":16,"turns":9}],"seed_played":"4641713345653056257","potions_obtained":[{"floor":7,"key":"Swift Potion"},{"floor":11,"key":"SpeedPotion"},{"floor":13,"key":"Fire Potion"}],"is_trial":false,"path_per_floor":["M","?","M","M","M","R","E","R","T","R","E","M","M","$","R","B"],"character_chosen":"THE_SILENT","items_purchased":["Dodge and Roll+1"],"campfire_rested":3,"item_purchase_floors":[14],"current_hp_per_floor":[74,74,74,74,63,77,53,76,76,76,38,25,17,17,40,0],"gold":81,"neow_bonus":"TEN_PERCENT_HP_BONUS","is_prod":false,"is_daily":false,"chose_seed":false,"campfire_upgraded":1,"win_rate":0.0,"timestamp":1559159835,"path_taken":["M","?","M","M","?","R","E","R","T","R","E","?","M","$","R","BOSS"],"build_version":"2019-01-23","purchased_purges":1,"victory":false,"max_hp_per_floor":[77,77,77,77,77,77,77,77,77,77,77,77,77,77,77,77],"card_choices":[{"not_picked":["Bane","Blur"],"picked":"Cloak And Dagger","floor":1.0},{"not_picked":["Leg Sweep+1","Dagger Spray"],"picked":"Acrobatics+1","floor":3.0},{"not_picked":["Blur+1","Cloak And Dagger+1"],"picked":"Poisoned Stab","floor":4.0},{"not_picked":["PiercingWail+1","Escape Plan+1"],"picked":"Caltrops","floor":5.0},{"not_picked":["Storm of Steel+1","Skewer"],"picked":"Caltrops","floor":7},{"not_picked":["Sucker Punch","Riddle With Holes"],"picked":"Calculated Gamble+1","floor":11},{"not_picked":["Sucker Punch","Outmaneuver+1"],"picked":"Deadly Poison+1","floor":12},{"not_picked":["Dagger Spray","Slice"],"picked":"Prepared+1","floor":13}],"player_experience":30432,"relics_obtained":[{"floor":7,"key":"WingedGreaves"},{"floor":9,"key":"Matryoshka"},{"floor":11,"key":"Mummified Hand"}],"event_choices":[{"damage_healed":0.0,"max_hp_gain":0.0,"max_hp_loss":0.0,"gold_gain":0.0,"event_name":"WeMeetAgain","player_choice":"Paid Gold","floor":2.0,"gold_loss":64.0,"damage_taken":0.0,"relics_obtained":["Toxic Egg 2"]}],"is_beta":false,"boss_relics":[],"items_purged_floors":[14],"is_endless":false,"potions_floor_spawned":[7,11,13],"killed_by":"Slime Boss","ascension_level":0}