{"gold_per_floor":[111,111,124,124,139,139,154,186,186,200,200,200,230,249,249,249],"floor_reached":16,"playtime":1047,"items_purged":[],"score":162,"play_id":"aa8078ca-ce3a-473c-abaa-e198c2ad7029","local_time":"20190318132140","is_ascension_mode":true,"campfire_choices":[{"floor":6,"key":"REST"},{"floor":11,"key":"REST"},{"data":"Dagger Spray","floor":15,"key":"SMITH"}],"neow_cost":"NONE","seed_source_timestamp":2655900945090095,"circlet_count":0,"master_deck":["Defend_G","Defend_G","Defend_G","Defend_G","Defend_G","Strike_G","Strike_G","Strike_G+1","Strike_G","Survivor","Neutralize+1","Heel Hook","Heel Hook","Poisoned Stab","Dagger Spray+1","Heel Hook","Noxious Fumes","Escape Plan"],"relics":["Ring of the Snake","Strawberry","Blue Candle","Thread and Needle"],"potions_floor_usage":[8,13,13,16,16],"damage_taken":[{"damage":0,"enemies":"Cultist","floor":1,"turns":5},{"damage":2,"enemies":"Jaw Worm","floor":3,"turns":5},{"damage":1,"enemies":"Small Slimes","floor":5,"turns":3},{"damage":0,"enemies":"Blue Slaver","floor":7,"turns":5},{"damage":41,"enemies":"Lagavulin","floor":8,"turns":8},{"damage":0,"enemies":"Large Slime","floor":10,"turns":5},{"damage":17,"enemies":"3 Sentries","floor":13,"turns":5},{"damage":0,"enemies":"Gremlin Gang","floor":14,"turns":4},{"damage":37,"enemies":"Slime Boss","floor":16,"turns":10}],"seed_played":"-4270260969161538933","potions_obtained":[{"floor":0,"key":"LiquidBronze"},{"floor":0,"key":"GamblersBrew"},{"floor":0,"key":"Explosive Potion"},{"floor":10,"key":"SmokeBomb"},{"floor":13,"key":"FearPotion"},{"floor":14,"key":"Regen Potion"}],"is_trial":false,"path_per_floor":["M","?","M","?","M","R","M","E","T","M","R","?","E","M","R","B"],"character_chosen":"THE_SILENT","items_purchased":[],"campfire_rested":2,"item_purchase_floors":[],"current_hp_per_floor":[63,49,47,40,39,60,60,26,26,26,49,42,25,25,25,0],"gold":249,"neow_bonus":"THREE_SMALL_POTIONS","is_prod":false,"is_daily":false,"chose_seed":false,"campfire_upgraded":1,"win_rate":0,"timestamp":1552893700,"path_taken":["M","?","M","?","M","R","?","E","T","M","R","?","E","M","R","BOSS"],"build_version":"2019-01-23","purchased_purges":0,"victory":false,"max_hp_per_floor":[70,70,70,70,70,70,70,77,77,77,77,77,77,77,77,77],"card_choices":[{"not_picked":["Dagger Throw","Slice"],"picked":"Heel Hook","floor":1},{"not_picked":["Accuracy","Eviscerate"],"picked":"Heel Hook","floor":3},{"not_picked":["Cloak And Dagger","Outmaneuver","Expertise"],"picked":"SKIP","floor":5},{"not_picked":["Slice","Blade Dance"],"picked":"Poisoned Stab","floor":7},{"not_picked":["Prepared","Dagger Throw"],"picked":"Dagger Spray","floor":8},{"not_picked":["Eviscerate","Skewer"],"picked":"Heel Hook","floor":10},{"not_picked":["Malaise","Poisoned Stab"],"picked":"Noxious Fumes","floor":13},{"not_picked":["Underhanded Strike","Choke"],"picked":"Escape Plan","floor":14}],"player_experience":1003313,"relics_obtained":[{"floor":8,"key":"Strawberry"},{"floor":9,"key":"Blue Candle"},{"floor":13,"key":"Thread and Needle"}],"event_choices":[{"damage_healed":0,"gold_gain":0,"player_choice":"Entered Light","damage_taken":14,"max_hp_gain":0,"max_hp_loss":0,"event_name":"Shining Light","floor":2,"gold_loss":0,"cards_upgraded":["Neutralize","Strike_G"]},{"damage_healed":0,"gold_gain":0,"player_choice":"Damaged","damage_taken":7,"max_hp_gain":0,"max_hp_loss":0,"event_name":"Wheel of Change","floor":4,"gold_loss":0},{"cards_removed":["Strike_G"],"damage_healed":0,"gold_gain":0,"player_choice":"Card Removal","damage_taken":7,"max_hp_gain":0,"max_hp_loss":0,"event_name":"Golden Wing","floor":12,"gold_loss":0}],"is_beta":false,"boss_relics":[],"items_purged_floors":[],"is_endless":false,"potions_floor_spawned":[3,7,10,13,14],"killed_by":"Slime Boss","ascension_level":9}