{"gold_per_floor":[119,119,132,132,1,36,46,46,97,109,121,166,195,223,235,326,338,370,392,404,9,22,56,0,15,42,55,55,55,67,85,85,164,164,178,194,194,211,221,221,236,254,254,254],"floor_reached":44,"playtime":4946,"items_purged":["Strike_B"],"score":942,"play_id":"2511555e-bdd1-4a57-b3f0-8d12123687b7","local_time":"20190514165338","is_ascension_mode":true,"campfire_choices":[{"floor":8.0,"key":"REST"},{"floor":10.0,"key":"REST"},{"floor":15.0,"key":"REST"},{"floor":29.0,"key":"REST"},{"floor":32.0,"key":"REST"},{"floor":40.0,"key":"REST"}],"neow_cost":"NONE","seed_source_timestamp":3733980296209251,"circlet_count":0,"master_deck":["AscendersBane","Strike_B","Strike_B","Defend_B","Defend_B","Defend_B","Defend_B","Zap","Dualcast","Compile Driver","Undo","Sunder+1","Glacier","Static Discharge","Rebound","Defragment","Coolheaded","Creative AI","Doom and Gloom","Loop","Seek","Cold Snap","Force Field","Echo Form","Capacitor","Hologram","Writhe","Redo","Hologram"],"special_seed":0,"relics":["Fusion Hammer","Omamori","MawBank","WarpedTongs","Dodecahedron","Nuclear Battery","Pocketwatch","Pantograph","Boot","Eternal Feather","Shovel"],"potions_floor_usage":[44,44],"damage_taken":[{"damage":5.0,"enemies":"Small Slimes","floor":1.0,"turns":4.0},{"damage":2.0,"enemies":"Jaw Worm","floor":3.0,"turns":2.0},{"damage":30.0,"enemies":"Lagavulin","floor":6.0,"turns":8.0},{"damage":0.0,"enemies":"Cultist","floor":7.0,"turns":5.0},{"damage":21.0,"enemies":"Gremlin Nob","floor":12.0,"turns":4.0},{"damage":6.0,"enemies":"3 Louse","floor":13.0,"turns":2.0},{"damage":0.0,"enemies":"Looter","floor":14.0,"turns":4.0},{"damage":25.0,"enemies":"The Guardian","floor":16.0,"turns":13.0},{"damage":19.0,"enemies":"Shell Parasite","floor":18.0,"turns":9.0},{"damage":7.0,"enemies":"3 Byrds","floor":19.0,"turns":6.0},{"damage":4.0,"enemies":"3 Cultists","floor":22.0,"turns":5.0},{"damage":1.0,"enemies":"Gremlin Leader","floor":23.0,"turns":8.0},{"damage":16.0,"enemies":"Chosen and Byrds","floor":25.0,"turns":6.0},{"damage":13.0,"enemies":"Snake Plant","floor":27.0,"turns":5.0},{"damage":6.0,"enemies":"3 Cultists","floor":30.0,"turns":6.0},{"damage":1.0,"enemies":"Sentry and Sphere","floor":31.0,"turns":5.0},{"damage":34.0,"enemies":"Collector","floor":33.0,"turns":10.0},{"damage":0.0,"enemies":"Orb Walker","floor":35.0,"turns":5.0},{"damage":13.0,"enemies":"3 Shapes","floor":36.0,"turns":6.0},{"damage":5.0,"enemies":"Maw","floor":38.0,"turns":10.0},{"damage":9.0,"enemies":"Sphere and 2 Shapes","floor":39.0,"turns":8.0},{"damage":19.0,"enemies":"Spire Growth","floor":41.0,"turns":8.0},{"damage":36.0,"enemies":"3 Darklings","floor":42.0,"turns":6.0},{"damage":27,"enemies":"Transient","floor":44,"turns":3}],"seed_played":"3025106649111409303","potions_obtained":[{"floor":6.0,"key":"FocusPotion"},{"floor":7.0,"key":"EssenceOfSteel"},{"floor":12.0,"key":"Ancient Potion"},{"floor":22.0,"key":"Fire Potion"},{"floor":23.0,"key":"Energy Potion"},{"floor":25.0,"key":"PowerPotion"},{"floor":31.0,"key":"PowerPotion"},{"floor":39.0,"key":"LiquidBronze"},{"floor":41.0,"key":"Explosive Potion"},{"floor":42.0,"key":"SkillPotion"}],"is_trial":false,"path_per_floor":["M","?","M","?","$","E","M","R","T","R","?","E","M","M","R","B",null,"M","M","?","$","M","E","?","M","T","M","?","R","M","M","R","B",null,"M","M","?","M","M","R","M","M","T","M"],"character_chosen":"DEFECT","items_purchased":["Sunder","Glacier","Pocketwatch"],"campfire_rested":6,"item_purchase_floors":[5,5,21],"current_hp_per_floor":[59,52,50,55,55,25,25,47,47,69,69,48,42,42,64,39,67,48,41,41,41,37,36,36,20,20,7,7,29,23,22,44,35,66,66,53,68,63,54,76,57,21,21,0],"gold":254,"neow_bonus":"BOSS_RELIC","is_prod":false,"is_daily":false,"chose_seed":false,"campfire_upgraded":0,"win_rate":0,"timestamp":1557831218,"path_taken":["M","?","M","?","?","E","M","R","T","R","?","E","?","M","R","BOSS","M","M","?","$","M","E","?","M","T","M","?","R","M","M","R","BOSS","M","?","?","M","M","R","M","M","T","M"],"build_version":"2019-01-23","purchased_purges":1,"victory":false,"max_hp_per_floor":[71,71,71,76,76,76,76,76,76,76,76,76,76,76,76,76,76,76,76,76,76,76,76,76,76,76,76,76,76,76,76,76,76,76,76,76,76,76,76,76,76,76,76,76],"card_choices":[{"not_picked":["Rebound","Stack"],"picked":"Compile Driver","floor":1.0},{"not_picked":["Steam","Redo"],"picked":"Undo","floor":3.0},{"not_picked":["Scrape","Self Repair"],"picked":"Static Discharge","floor":6.0},{"not_picked":["Compile Driver","Go for the Eyes"],"picked":"Rebound","floor":7.0},{"not_picked":["Storm","Compile Driver","Ball Lightning"],"picked":"SKIP","floor":12.0},{"not_picked":["Barrage","Heatsinks"],"picked":"Defragment","floor":13.0},{"not_picked":["Barrage","Beam Cell"],"picked":"Coolheaded","floor":14.0},{"not_picked":["Biased Cognition","All For One"],"picked":"Creative AI","floor":16.0},{"not_picked":["Redo","Rebound","Hello World"],"picked":"SKIP","floor":18.0},{"not_picked":["Reprogram","Streamline"],"picked":"Doom and Gloom","floor":19.0},{"not_picked":["Hello World","Rebound","Barrage"],"picked":"SKIP","floor":22.0},{"not_picked":["Static Discharge","Darkness"],"picked":"Loop","floor":23.0},{"not_picked":["Steam","Stack"],"picked":"Seek","floor":25.0},{"not_picked":["Compile Driver","Gash+1"],"picked":"Cold Snap","floor":27.0},{"not_picked":["Reinforced Body","Sweeping Beam"],"picked":"Force Field","floor":30.0},{"not_picked":["White Noise","Steam","Undo"],"picked":"SKIP","floor":31.0},{"not_picked":["Thunder Strike","Fission"],"picked":"Echo Form","floor":33.0},{"not_picked":["Leap","Stack"],"picked":"Capacitor","floor":35.0},{"not_picked":["Barrage+1","Beam Cell"],"picked":"Hologram","floor":36.0},{"not_picked":["Cold Snap","Ball Lightning","Conserve Battery+1"],"picked":"SKIP","floor":38.0},{"not_picked":["Seek","Double Energy"],"picked":"Redo","floor":39.0},{"not_picked":["Static Discharge","Capacitor"],"picked":"Hologram","floor":41.0},{"not_picked":["Compile Driver","Redo","Barrage"],"picked":"SKIP","floor":42.0}],"player_experience":1336699,"relics_obtained":[{"floor":6.0,"key":"Omamori"},{"floor":9.0,"key":"MawBank"},{"floor":12.0,"key":"Dodecahedron"},{"floor":23.0,"key":"Pantograph"},{"floor":26.0,"key":"Boot"},{"floor":43.0,"key":"Shovel"}],"event_choices":[{"cards_removed":["Strike_B"],"damage_healed":0.0,"max_hp_gain":0.0,"max_hp_loss":0.0,"gold_gain":0.0,"event_name":"Golden Wing","player_choice":"Card Removal","floor":2.0,"gold_loss":0.0,"damage_taken":7.0},{"damage_healed":0.0,"max_hp_gain":5.0,"max_hp_loss":0.0,"gold_gain":0.0,"event_name":"Big Fish","player_choice":"Donut","floor":4.0,"gold_loss":0.0,"damage_taken":0.0},{"damage_healed":0.0,"max_hp_gain":0.0,"max_hp_loss":0.0,"gold_gain":0.0,"event_name":"Accursed Blacksmith","player_choice":"Rummage","floor":11.0,"gold_loss":0.0,"damage_taken":0.0,"relics_obtained":["WarpedTongs"],"cards_obtained":["Pain"]},{"damage_healed":0.0,"max_hp_gain":0.0,"max_hp_loss":0.0,"gold_gain":0.0,"event_name":"Forgotten Altar","player_choice":"Smashed Altar","floor":20.0,"gold_loss":0.0,"damage_taken":0.0,"cards_obtained":["Decay"]},{"damage_healed":0.0,"max_hp_gain":0.0,"max_hp_loss":0.0,"gold_gain":0.0,"event_name":"Masked Bandits","player_choice":"Paid Fearfully","floor":24.0,"gold_loss":56.0,"damage_taken":0.0},{"damage_healed":0.0,"max_hp_gain":0.0,"max_hp_loss":0.0,"gold_gain":0.0,"event_name":"Upgrade Shrine","player_choice":"Upgraded","floor":28.0,"gold_loss":0.0,"damage_taken":0.0,"cards_upgraded":["Sunder"]},{"damage_healed":15.0,"max_hp_gain":0.0,"max_hp_loss":0.0,"gold_gain":0.0,"event_name":"Winding Halls","player_choice":"Writhe","floor":37.0,"gold_loss":0.0,"damage_taken":0.0,"cards_obtained":["Writhe"]}],"is_beta":false,"boss_relics":[{"not_picked":["Tiny House","Pandora\u0027s Box"],"picked":"Nuclear Battery"},{"not_picked":["Orrery","White Beast Statue"],"picked":"Eternal Feather"}],"items_purged_floors":[21],"is_endless":false,"potions_floor_spawned":[6,7,12,22,23,25,31,39,41,42],"killed_by":"Transient","ascension_level":20}