{"gold_per_floor":[109,109,135,210,234,278,4,22,96,130,130,170,170,195,195,323,323,347,360,360,379,39,70,70,103,103,103,118,217,217,231,231,351,351,365,5,0,0,16,16,141,141,189,229,229,229,269,287,287,287],"floor_reached":51,"playtime":2246,"items_purged":["Strike_B"],"score":956,"play_id":"6b8ffdf5-6bbc-419f-abe9-39cd1864a8ba","local_time":"20190526214618","is_ascension_mode":true,"campfire_choices":[{"data":"Apotheosis","floor":11.0,"key":"SMITH"},{"data":"1","floor":13.0,"key":"LIFT"},{"data":"2","floor":15.0,"key":"LIFT"},{"data":"3","floor":24,"key":"LIFT"},{"floor":27,"key":"REST"},{"data":"Echo Form","floor":32,"key":"SMITH"},{"floor":40,"key":"REST"},{"floor":42,"key":"REST"},{"data":"Seek","floor":49,"key":"SMITH"}],"neow_cost":"NONE","seed_source_timestamp":85693712907200,"circlet_count":0,"master_deck":["Strike_B","Strike_B","Defend_B","Defend_B","Defend_B","Defend_B","Zap+1","Dualcast","Sweeping Beam","Ball Lightning","Gash","Apotheosis+1","Seek+1","Hologram","Echo Form+1","Ball Lightning","Undo","Thunder Strike","Tempest","Core Surge","Reinforced Body","Cold Snap+1","Cold Snap","Coolheaded","Conserve Battery+1","Hologram+1","Biased Cognition","Defragment+1","Compile Driver","Enlightenment","Biased Cognition+1","Conserve Battery","Rainbow","Parasite"],"special_seed":0,"relics":["Cracked Core","Golden Idol","Lantern","Bag of Preparation","Matryoshka","Ornamental Fan","Girya","Snecko Eye","Membership Card","DataDisk","PreservedInsect","Juzu Bracelet","Blood Vial","Dead Branch","Velvet Choker","Runic Capacitor","Frozen Egg 2","Bottled Tornado","Red Mask","Pocketwatch","Vajra","Potion Belt","Blue Candle","Dream Catcher"],"potions_floor_usage":[23,25,33,50,50],"damage_taken":[{"damage":0.0,"enemies":"2 Louse","floor":1.0,"turns":1.0},{"damage":7.0,"enemies":"Jaw Worm","floor":5.0,"turns":2.0},{"damage":5.0,"enemies":"3 Sentries","floor":6.0,"turns":6.0},{"damage":0.0,"enemies":"Cultist","floor":8.0,"turns":2.0},{"damage":4.0,"enemies":"Lagavulin","floor":10.0,"turns":7.0},{"damage":14.0,"enemies":"Gremlin Nob","floor":12.0,"turns":3.0},{"damage":6.0,"enemies":"Looter","floor":14.0,"turns":3.0},{"damage":10.0,"enemies":"Hexaghost","floor":16.0,"turns":7.0},{"damage":6.0,"enemies":"2 Thieves","floor":18.0,"turns":3.0},{"damage":0.0,"enemies":"Spheric Guardian","floor":19.0,"turns":2.0},{"damage":1.0,"enemies":"Centurion and Healer","floor":21.0,"turns":4.0},{"damage":32,"enemies":"Slavers","floor":23,"turns":5},{"damage":13,"enemies":"Book of Stabbing","floor":25,"turns":4},{"damage":0,"enemies":"Snecko","floor":28,"turns":4},{"damage":0,"enemies":"Sentry and Sphere","floor":31,"turns":3},{"damage":6,"enemies":"Automaton","floor":33,"turns":12},{"damage":18,"enemies":"3 Darklings","floor":35,"turns":4},{"damage":46,"enemies":"3 Shapes","floor":39,"turns":4},{"damage":2,"enemies":"Mind Bloom Boss Battle","floor":41,"turns":5},{"damage":20,"enemies":"Reptomancer","floor":44,"turns":4},{"damage":0,"enemies":"Giant Head","floor":47,"turns":6},{"damage":0,"enemies":"Writhing Mass","floor":48,"turns":5},{"damage":17,"enemies":"Awakened One","floor":50,"turns":12}],"seed_played":"5160687552303098575","potions_obtained":[{"floor":5.0,"key":"Block Potion"},{"floor":6.0,"key":"Poison Potion"},{"floor":10.0,"key":"Weak Potion"},{"floor":14.0,"key":"GamblersBrew"},{"floor":28,"key":"Block Potion"},{"floor":35,"key":"Dexterity Potion"},{"floor":39,"key":"LiquidBronze"}],"is_trial":false,"path_per_floor":["M","?","T","?","M","E","$","M","T","E","R","E","R","M","R","B",null,"M","M","?","M","$","E","R","E","T","R","M","?","?","M","R","B",null,"M","$","?","?","M","R","?","R","T","E","?","?","E","M","R","B",null],"character_chosen":"DEFECT","items_purchased":["Apotheosis","Seek","Membership Card","DataDisk","Cold Snap","Runic Capacitor","Frozen Egg 2","Defragment+1","Bottled Tornado"],"campfire_rested":3,"item_purchase_floors":[7,7,22,22,22,36,36,36,36],"current_hp_per_floor":[75,69,69,58,51,46,46,46,46,42,42,28,28,22,22,12,69,63,63,63,62,62,30,30,17,17,37,39,39,39,41,41,37,69,51,51,51,51,7,27,27,47,47,29,29,60,60,60,60,43],"gold":287,"neow_bonus":"UPGRADE_CARD","is_prod":false,"is_daily":false,"chose_seed":false,"campfire_upgraded":3,"win_rate":0,"timestamp":1558899978,"path_taken":["M","?","?","?","M","E","$","M","T","E","R","E","R","M","R","BOSS","M","M","?","M","$","E","R","E","T","R","M","?","?","M","R","BOSS","M","$","?","?","M","R","?","R","T","E","?","?","E","M","R","BOSS"],"build_version":"2019-01-23","purchased_purges":1,"victory":true,"max_hp_per_floor":[75,69,69,69,69,69,69,69,69,69,69,69,69,69,69,69,69,69,69,69,69,69,69,69,69,69,69,69,69,69,69,69,69,69,69,69,69,69,69,69,69,69,69,69,69,60,60,60,60,60],"card_choices":[{"not_picked":["Steam","Chill"],"picked":"Sweeping Beam","floor":1.0},{"not_picked":["Leap","Turbo"],"picked":"Ball Lightning","floor":5.0},{"not_picked":["Turbo","Leap"],"picked":"Gash","floor":6.0},{"not_picked":["Redo","Consume"],"picked":"Hologram","floor":8.0},{"not_picked":["Double Energy","Consume"],"picked":"Echo Form","floor":10.0},{"not_picked":["Aggregate","Rebound"],"picked":"Ball Lightning","floor":12.0},{"not_picked":["Ball Lightning","Blizzard"],"picked":"Undo","floor":14.0},{"not_picked":["Hyperbeam","Meteor Strike"],"picked":"Thunder Strike","floor":16.0},{"not_picked":["Ball Lightning","Go for the Eyes","Steam"],"picked":"SKIP","floor":18.0},{"not_picked":["Beam Cell","Hello World"],"picked":"Tempest","floor":19.0},{"not_picked":["Reprogram+1","Conserve Battery"],"picked":"Cold Snap+1","floor":21.0},{"not_picked":["Steam","Cold Snap+1"],"picked":"Coolheaded","floor":23},{"not_picked":["Turbo","Defragment"],"picked":"Conserve Battery+1","floor":25},{"not_picked":["Go for the Eyes","Leap"],"picked":"Hologram+1","floor":28},{"not_picked":["Hyperbeam","Beam Cell","Aggregate"],"picked":"SKIP","floor":31},{"not_picked":["Machine Learning","Electrodynamics"],"picked":"Biased Cognition","floor":33},{"not_picked":["Streamline+1","Aggregate+1","Ball Lightning"],"picked":"SKIP","floor":35},{"not_picked":["Steam Power+1","Aggregate","Go for the Eyes+1"],"picked":"SKIP","floor":39},{"not_picked":["Beam Cell+1","Heatsinks+1"],"picked":"Conserve Battery","floor":41},{"not_picked":["Barrage","Gash+1"],"picked":"Rainbow","floor":44},{"not_picked":["Redo+1","Aggregate","FTL"],"picked":"SKIP","floor":47},{"not_picked":["Streamline+1","Go for the Eyes","Hologram"],"picked":"SKIP","floor":48}],"player_experience":32884,"relics_obtained":[{"floor":3.0,"key":"Lantern"},{"floor":6.0,"key":"Bag of Preparation"},{"floor":9.0,"key":"Matryoshka"},{"floor":10.0,"key":"Ornamental Fan"},{"floor":12.0,"key":"Girya"},{"floor":23,"key":"PreservedInsect"},{"floor":25,"key":"Juzu Bracelet"},{"floor":26,"key":"Blood Vial"},{"floor":26,"key":"Dead Branch"},{"floor":41,"key":"Pocketwatch"},{"floor":43,"key":"Vajra"},{"floor":43,"key":"Potion Belt"},{"floor":44,"key":"Blue Candle"},{"floor":47,"key":"Dream Catcher"}],"event_choices":[{"damage_healed":0.0,"max_hp_gain":0.0,"max_hp_loss":6.0,"gold_gain":0.0,"event_name":"Golden Idol","player_choice":"Lose Max HP","floor":2.0,"gold_loss":0.0,"damage_taken":0.0,"relics_obtained":["Golden Idol"]},{"damage_healed":0.0,"max_hp_gain":0.0,"max_hp_loss":0.0,"gold_gain":75.0,"event_name":"World of Goop","player_choice":"Gather Gold","floor":4.0,"gold_loss":0.0,"damage_taken":11.0},{"damage_healed":0.0,"max_hp_gain":0.0,"max_hp_loss":0.0,"gold_gain":0.0,"event_name":"Match and Keep!","player_choice":"2 cards matched","floor":20.0,"gold_loss":0.0,"damage_taken":0.0,"cards_obtained":["Core Surge","Reinforced Body"]},{"damage_healed":0,"gold_gain":99,"player_choice":"Stole From Cult","damage_taken":0,"max_hp_gain":0,"max_hp_loss":0,"event_name":"Nest","floor":29,"gold_loss":0},{"cards_removed":["Strike_B"],"damage_healed":0,"gold_gain":0,"player_choice":"Elegance","damage_taken":0,"max_hp_gain":0,"max_hp_loss":0,"event_name":"Back to Basics","floor":30,"gold_loss":0},{"damage_healed":0,"gold_gain":0,"player_choice":"Paid","damage_taken":0,"relics_obtained":["Red Mask"],"max_hp_gain":0,"max_hp_loss":0,"event_name":"Tomb of Lord Red Mask","floor":37,"gold_loss":5},{"damage_healed":0,"gold_gain":0,"player_choice":"3 cards matched","damage_taken":0,"max_hp_gain":0,"max_hp_loss":0,"event_name":"Match and Keep!","floor":38,"gold_loss":0,"cards_obtained":["Compile Driver","Enlightenment","Biased Cognition"]},{"damage_healed":0,"gold_gain":0,"player_choice":"Fight","damage_taken":0,"max_hp_gain":0,"max_hp_loss":0,"event_name":"MindBloom","floor":41,"gold_loss":0},{"damage_healed":0,"gold_gain":0,"player_choice":"Ignored","damage_taken":0,"max_hp_gain":0,"max_hp_loss":0,"event_name":"Mysterious Sphere","floor":45,"gold_loss":0},{"damage_healed":60,"gold_gain":0,"player_choice":"Heal","damage_taken":0,"max_hp_gain":0,"max_hp_loss":9,"event_name":"The Moai Head","floor":46,"gold_loss":0}],"is_beta":false,"boss_relics":[{"not_picked":["Sozu","Inserter"],"picked":"Snecko Eye"},{"not_picked":["Lizard Tail","FrozenCore"],"picked":"Velvet Choker"}],"items_purged_floors":[22],"is_endless":false,"potions_floor_spawned":[5,6,10,14,18,28,35,39],"ascension_level":4}