{"path_per_floor":["M","$","?","M","?","E","R","E","T","E"],"character_chosen":"DEFECT","items_purchased":["Hello World"],"gold_per_floor":[112,73,73,93,93,127,127,152,221,251,251],"floor_reached":11,"campfire_rested":1,"playtime":381,"item_purchase_floors":[2],"current_hp_per_floor":[69,69,54,50,17,9,31,23,23,10,0],"items_purged":[],"gold":251,"score":98,"play_id":"b296a5b4-14f0-4416-b9cc-35c5eebd02fc","local_time":"20180609162303","is_prod":false,"is_daily":false,"chose_seed":false,"is_ascension_mode":true,"campfire_upgraded":0,"win_rate":0,"timestamp":1528579383,"campfire_choices":[{"floor":7,"key":"REST"}],"path_taken":["M","$","?","M","?","E","R","E","T","E","M"],"build_version":"2018-06-07v3","seed_source_timestamp":35723122668119,"purchased_purges":0,"victory":false,"master_deck":["Strike_B","Strike_B","Strike_B","Strike_B","Defend_B","Defend_B","Defend_B","Defend_B","Zap+1","Dualcast","Storm+1","Hello World+1","Stack","Storm+1","Loop+1","Stack+1"],"max_hp_per_floor":[75,75,75,75,75,75,75,75,75,75,75],"relics":["Cracked Core","Potion Belt","Frozen Egg 2","Ice Cream","Toxic Egg 2","Meat on the Bone"],"card_choices":[{"not_picked":["Hello World","Redo"],"picked":"Storm","floor":1},{"not_picked":["Reinforced Body","Steam Power"],"picked":"Stack","floor":4},{"not_picked":["White Noise","Conserve Battery"],"picked":"Storm","floor":6},{"not_picked":["Force Field","Barrage"],"picked":"Loop+1","floor":8},{"not_picked":["Leap+1","Sweeping Beam"],"picked":"Stack+1","floor":10}],"player_experience":243265,"potions_floor_usage":[6,8],"damage_taken":[{"damage":6,"enemies":"2 Louse","floor":1,"turns":3},{"damage":4,"enemies":"Small Slimes","floor":4,"turns":4},{"damage":8,"enemies":"Lagavulin","floor":6,"turns":6},{"damage":8,"enemies":"Gremlin Nob","floor":8,"turns":3},{"damage":13,"enemies":"Lagavulin","floor":10,"turns":5},{"damage":12,"enemies":"Jaw Worm","floor":11,"turns":1}],"relics_obtained":[{"floor":6,"key":"Frozen Egg 2"},{"floor":8,"key":"Ice Cream"},{"floor":9,"key":"Toxic Egg 2"},{"floor":10,"key":"Meat on the Bone"}],"event_choices":[{"event_name":"Shining Light","player_choice":"Entered Light","floor":3,"damage_taken":0},{"event_name":"Scrap Ooze","player_choice":"success","floor":5,"damage_taken":33}],"boss_relics":[],"items_purged_floors":[],"potions_floor_spawned":[1,6],"seed_played":"8634997405783533025","killed_by":"Jaw Worm","ascension_level":2,"potions_obtained":[{"floor":1,"key":"SpeedPotion"},{"floor":6,"key":"Weak Potion"}],"is_trial":false}