{"gold_per_floor":[114,131,146,53,53,53,53,66,148,163,163,198,178],"floor_reached":13,"playtime":4224,"items_purged":[],"score":157,"play_id":"4b92789d-dbfd-4016-9a0e-e76c4e503f45","local_time":"20181126111420","is_ascension_mode":true,"campfire_choices":[{"data":"Zap","floor":6,"key":"SMITH"},{"data":"Streamline","floor":11,"key":"SMITH"}],"neow_cost":"NONE","seed_source_timestamp":923224217658198,"circlet_count":0,"master_deck":["AscendersBane","Strike_B","Strike_B+1","Strike_B+1","Strike_B","Defend_B+1","Defend_B","Defend_B","Defend_B","Zap+1","Dualcast","Streamline+1","Glacier+1","Sweeping Beam","Loop+1","Coolheaded","Chaos","White Noise","Compile Driver"],"relics":["Cracked Core","Whetstone","Symbiotic Virus","Centennial Puzzle"],"potions_floor_usage":[10,13,13],"damage_taken":[{"damage":3,"enemies":"Small Slimes","floor":1,"turns":3},{"damage":0,"enemies":"2 Louse","floor":2,"turns":2},{"damage":7,"enemies":"Jaw Worm","floor":3,"turns":3},{"damage":8,"enemies":"Exordium Wildlife","floor":8,"turns":4},{"damage":0,"enemies":"Blue Slaver","floor":10,"turns":2},{"damage":28,"enemies":"Lagavulin","floor":12,"turns":5},{"damage":5,"enemies":"Looter","floor":13,"turns":1}],"seed_played":"3528399659363346315","potions_obtained":[{"floor":2,"key":"Fruit Juice"},{"floor":8,"key":"PowerPotion"},{"floor":12,"key":"AttackPotion"}],"is_trial":false,"path_per_floor":["M","M","M","$","?","R","?","M","T","M","R","E","M"],"character_chosen":"DEFECT","items_purchased":["Loop","Coolheaded"],"campfire_rested":0,"item_purchase_floors":[4,4],"current_hp_per_floor":[61,61,54,54,33,33,33,25,25,30,30,2,0],"gold":178,"neow_bonus":"RANDOM_COMMON_RELIC","is_prod":false,"is_daily":false,"chose_seed":false,"campfire_upgraded":2,"win_rate":0,"timestamp":1543259660,"path_taken":["M","M","M","$","?","R","?","M","T","M","R","E","M"],"build_version":"2018-11-15","purchased_purges":0,"victory":false,"max_hp_per_floor":[71,71,71,71,71,71,71,71,71,76,76,76,76],"card_choices":[{"not_picked":["Leap","Turbo"],"picked":"Streamline","floor":1},{"not_picked":["FTL","Compile Driver"],"picked":"Glacier","floor":2},{"not_picked":["Streamline","Rebound"],"picked":"Sweeping Beam","floor":3},{"not_picked":["Sweeping Beam","Stack"],"picked":"Chaos","floor":8},{"not_picked":["Leap","Beam Cell"],"picked":"White Noise","floor":10},{"not_picked":["Hyperbeam","Cold Snap"],"picked":"Compile Driver","floor":12}],"player_experience":1366443,"relics_obtained":[{"floor":9,"key":"Symbiotic Virus"},{"floor":12,"key":"Centennial Puzzle"}],"event_choices":[{"damage_healed":0,"gold_gain":0,"player_choice":"Entered Light","damage_taken":21,"max_hp_gain":0,"max_hp_loss":0,"event_name":"Shining Light","floor":5,"gold_loss":0,"cards_upgraded":["Glacier","Defend_B"]},{"damage_healed":0,"gold_gain":0,"player_choice":"Grow","damage_taken":0,"max_hp_gain":0,"max_hp_loss":0,"event_name":"Living Wall","floor":7,"gold_loss":0,"cards_upgraded":["Loop"]}],"is_beta":false,"boss_relics":[],"items_purged_floors":[],"is_endless":false,"potions_floor_spawned":[2,8,12],"killed_by":"Looter","ascension_level":17}