{"gold_per_floor":[118,137,149,14,14,43,43,43,95,128,128,160,173,187,187,292,292,310,327,27,27,27,27,62,82,82,0,18,18,35,134,134,237,237,252,252,252,23,23,50,50,63,89,89,14,14,40,40,40,40],"floor_reached":51,"playtime":2389,"items_purged":["Strike_B+1"],"score":826,"play_id":"cce56e78-ff84-43b5-b9dd-2ac75d31dafc","local_time":"20190114231719","is_ascension_mode":true,"campfire_choices":[{"data":"Zap","floor":8,"key":"SMITH"},{"data":"Scrape","floor":11,"key":"SMITH"},{"data":"Dualcast","floor":15,"key":"SMITH"},{"data":"Strike_B","floor":23,"key":"PURGE"},{"floor":29,"key":"REST"},{"data":"Strike_B","floor":32,"key":"PURGE"},{"data":"Strike_B+1","floor":41,"key":"PURGE"},{"data":"Cold Snap+1","floor":46,"key":"PURGE"},{"data":"Zap+1","floor":49,"key":"PURGE"}],"neow_cost":"NONE","seed_source_timestamp":6283302133343,"circlet_count":0,"master_deck":["Defend_B+1","Defend_B+1","Defend_B+1","Defend_B+1","Dualcast+1","Gash+1","Gash+1","Scrape+1","Finesse+1","Go for the Eyes+1","Creative AI+1","Defragment+1","Coolheaded+1","Heatsinks+1","Gash+1","Go for the Eyes+1"],"relics":["Cracked Core","NeowsBlessing","Ancient Tea Set","Gremlin Horn","Symbiotic Virus","Dream Catcher","Pen Nib","Centennial Puzzle","Fusion Hammer","Peace Pipe","Orichalcum","War Paint","Coffee Dripper","Mark of the Bloom","DataDisk","Meat on the Bone","Whetstone","Pocketwatch"],"potions_floor_usage":[12,16,19,19,24,33,40,42,50],"damage_taken":[{"damage":0,"enemies":"Cultist","floor":1,"turns":1},{"damage":0,"enemies":"2 Louse","floor":2,"turns":1},{"damage":0,"enemies":"Jaw Worm","floor":3,"turns":1},{"damage":17,"enemies":"Lagavulin","floor":6,"turns":5},{"damage":17,"enemies":"Gremlin Nob","floor":10,"turns":4},{"damage":0,"enemies":"3 Sentries","floor":12,"turns":4},{"damage":0,"enemies":"Lots of Slimes","floor":13,"turns":2},{"damage":1,"enemies":"2 Fungi Beasts","floor":14,"turns":2},{"damage":29,"enemies":"The Guardian","floor":16,"turns":8},{"damage":5,"enemies":"Spheric Guardian","floor":18,"turns":3},{"damage":14,"enemies":"2 Thieves","floor":19,"turns":2},{"damage":15,"enemies":"Slavers","floor":24,"turns":5},{"damage":8,"enemies":"Shelled Parasite and Fungi","floor":25,"turns":5},{"damage":15,"enemies":"Snake Plant","floor":28,"turns":3},{"damage":0,"enemies":"3 Cultists","floor":30,"turns":4},{"damage":12,"enemies":"Automaton","floor":33,"turns":9},{"damage":16,"enemies":"3 Darklings","floor":35,"turns":5},{"damage":0,"enemies":"Reptomancer","floor":40,"turns":5},{"damage":0,"enemies":"3 Shapes","floor":42,"turns":3},{"damage":1,"enemies":"Giant Head","floor":47,"turns":5},{"damage":8,"enemies":"Awakened One","floor":50,"turns":7}],"seed_played":"226577218378052460","potions_obtained":[{"floor":1,"key":"LiquidBronze"},{"floor":10,"key":"Dexterity Potion"},{"floor":12,"key":"Energy Potion"},{"floor":16,"key":"Dexterity Potion"},{"floor":18,"key":"Dexterity Potion"},{"floor":19,"key":"GamblersBrew"},{"floor":33,"key":"Strength Potion"},{"floor":39,"key":"Dexterity Potion"},{"floor":40,"key":"Weak Potion"},{"floor":42,"key":"GamblersBrew"}],"is_trial":false,"path_per_floor":["M","M","M","$","?","E","T","R","T","E","R","E","M","M","R","B",null,"M","M","$","$","?","R","E","M","T","?","M","R","M","?","R","B",null,"M","?","?","$","?","E","R","M","T","?","$","R","E","$","R","B",null],"character_chosen":"DEFECT","items_purchased":["Scrape","Finesse","Peace Pipe","DataDisk","Gash","SkillPotion"],"campfire_rested":1,"item_purchase_floors":[4,4,20,38,38,38],"current_hp_per_floor":[75,75,75,75,68,51,51,51,51,34,34,34,34,33,33,4,75,70,56,56,56,42,42,27,19,19,19,4,28,28,28,28,16,80,64,64,64,64,64,64,64,64,64,64,64,64,63,63,63,55],"gold":40,"neow_bonus":"THREE_ENEMY_KILL","is_prod":false,"is_daily":false,"chose_seed":false,"campfire_upgraded":3,"win_rate":0,"timestamp":1547468239,"path_taken":["M","?","M","$","?","E","?","R","T","E","R","E","M","M","R","BOSS","M","?","?","$","?","R","E","M","T","?","M","R","?","?","R","BOSS","M","?","?","$","?","E","R","?","T","?","$","R","E","$","R","BOSS"],"build_version":"2018-11-15","purchased_purges":1,"victory":true,"max_hp_per_floor":[75,75,75,75,75,75,75,75,75,75,75,75,75,75,75,75,75,75,75,75,75,80,80,80,80,80,80,80,80,80,80,80,80,80,80,80,80,80,80,80,80,80,80,80,80,80,80,80,80,80],"card_choices":[{"not_picked":["Lockon","Cold Snap"],"picked":"Gash","floor":1},{"not_picked":["Barrage","Turbo"],"picked":"Gash","floor":2},{"not_picked":["Beam Cell","Steam"],"picked":"Cold Snap","floor":3},{"not_picked":["Buffer","Steam Power"],"picked":"Go for the Eyes","floor":6},{"not_picked":["Turbo","Barrage","Conserve Battery"],"picked":"SKIP","floor":10},{"not_picked":["Go for the Eyes","Undo","Glacier"],"picked":"SKIP","floor":12},{"not_picked":["Cold Snap","Rebound","Leap"],"picked":"SKIP","floor":13},{"not_picked":["Cold Snap","Fusion","Reprogram"],"picked":"SKIP","floor":14},{"not_picked":["Thunder Strike","Meteor Strike"],"picked":"Creative AI","floor":16},{"not_picked":["Darkness+1","Streamline","Compile Driver"],"picked":"SKIP","floor":18},{"not_picked":["Genetic Algorithm","Go for the Eyes","Stack"],"picked":"SKIP","floor":19},{"not_picked":["Beam Cell","Leap","Hyperbeam"],"picked":"SKIP","floor":24},{"not_picked":["Stack","Sweeping Beam"],"picked":"Defragment+1","floor":25},{"not_picked":["Recycle+1","Static Discharge"],"picked":"Coolheaded+1","floor":28},{"not_picked":["Turbo","Beam Cell","Coolheaded+1"],"picked":"SKIP","floor":30},{"not_picked":["Double Energy+1","Streamline"],"picked":"Heatsinks+1","floor":35},{"not_picked":["Lockon","Multi-Cast","Auto Shields"],"picked":"SKIP","floor":40},{"not_picked":["Chill+1","Coolheaded+1","Cold Snap"],"picked":"SKIP","floor":42},{"not_picked":["Loop","Biased Cognition"],"picked":"Go for the Eyes+1","floor":47}],"player_experience":1083882,"relics_obtained":[{"floor":6,"key":"Gremlin Horn"},{"floor":7,"key":"Symbiotic Virus"},{"floor":9,"key":"Dream Catcher"},{"floor":10,"key":"Pen Nib"},{"floor":12,"key":"Centennial Puzzle"},{"floor":24,"key":"Orichalcum"},{"floor":26,"key":"War Paint"},{"floor":40,"key":"Meat on the Bone"},{"floor":43,"key":"Whetstone"},{"floor":47,"key":"Pocketwatch"}],"event_choices":[{"damage_healed":0,"gold_gain":0,"player_choice":"Success","damage_taken":7,"relics_obtained":["Ancient Tea Set"],"max_hp_gain":0,"max_hp_loss":0,"event_name":"Scrap Ooze","floor":5,"gold_loss":0},{"damage_healed":0,"gold_gain":0,"player_choice":"Shed Blood","damage_taken":19,"max_hp_gain":5,"max_hp_loss":0,"event_name":"Forgotten Altar","floor":22,"gold_loss":0},{"damage_healed":0,"gold_gain":0,"player_choice":"Paid Fearfully","damage_taken":0,"max_hp_gain":0,"max_hp_loss":0,"event_name":"Masked Bandits","floor":27,"gold_loss":82},{"damage_healed":0,"gold_gain":99,"player_choice":"Stole From Cult","damage_taken":0,"max_hp_gain":0,"max_hp_loss":0,"event_name":"Nest","floor":31,"gold_loss":0},{"damage_healed":0,"gold_gain":0,"player_choice":"Ignored","damage_taken":0,"max_hp_gain":0,"max_hp_loss":0,"event_name":"Tomb of Lord Red Mask","floor":36,"gold_loss":0},{"damage_healed":0,"gold_gain":0,"player_choice":"Upgrade","damage_taken":0,"relics_obtained":["Mark of the Bloom"],"max_hp_gain":0,"max_hp_loss":0,"event_name":"MindBloom","floor":37,"gold_loss":0,"cards_upgraded":["Strike_B","Strike_B","Defend_B","Defend_B","Gash","Gash","Cold Snap","Finesse","Go for the Eyes","Creative AI"]},{"damage_healed":0,"gold_gain":0,"player_choice":"Got Potions","damage_taken":0,"max_hp_gain":0,"max_hp_loss":0,"event_name":"Lab","floor":39,"gold_loss":0},{"damage_healed":0,"gold_gain":0,"player_choice":"Ignored","damage_taken":0,"max_hp_gain":0,"max_hp_loss":0,"event_name":"Upgrade Shrine","floor":44,"gold_loss":0}],"is_beta":true,"boss_relics":[{"not_picked":["Philosopher\u0027s Stone","Runic Dome"],"picked":"Fusion Hammer"},{"not_picked":["Orrery","Calling Bell"],"picked":"Coffee Dripper"}],"items_purged_floors":[45],"is_endless":false,"potions_floor_spawned":[1,10,12,16,18,19,33,40,42],"ascension_level":1}