{"gold_per_floor":[113,129,140,159,174,174,99,99,177,177,177,207,207,233,233,311,311,326,172,184,200,212,212,212,212,212,232,232],"floor_reached":28,"playtime":980,"items_purged":["Strike_R"],"score":460,"play_id":"f8b24ec5-2ce4-4e88-b9a7-ab6e9398f73e","local_time":"20181129003037","is_ascension_mode":true,"campfire_choices":[{"data":"Havoc","floor":6,"key":"SMITH"},{"data":"Bash","floor":8,"key":"SMITH"},{"data":"Thunderclap","floor":10,"key":"SMITH"},{"floor":13,"key":"REST"},{"floor":15,"key":"REST"},{"floor":23,"key":"DIG"},{"floor":25,"key":"REST"}],"neow_cost":"NONE","seed_source_timestamp":911257964774109,"circlet_count":0,"master_deck":["AscendersBane","Strike_R","Strike_R","Defend_R","Defend_R","Defend_R","Bash+1","Ghostly Armor","Thunderclap+1","Headbutt","Havoc+1","Shrug It Off","Flame Barrier","Demon Form","Barricade","Heavy Blade+1","Shockwave","True Grit+1","Decay","Doubt","Body Slam"],"relics":["Burning Blood","Singing Bowl","Shovel","Happy Flower","Cursed Key","Pantograph","Question Card"],"potions_floor_usage":[4,12,22,22,28],"damage_taken":[{"damage":19,"enemies":"Jaw Worm","floor":1,"turns":4},{"damage":10,"enemies":"Small Slimes","floor":2,"turns":6},{"damage":4,"enemies":"2 Louse","floor":3,"turns":3},{"damage":7,"enemies":"Exordium Wildlife","floor":4,"turns":3},{"damage":9,"enemies":"2 Fungi Beasts","floor":5,"turns":4},{"damage":12,"enemies":"3 Sentries","floor":12,"turns":7},{"damage":47,"enemies":"Lagavulin","floor":14,"turns":7},{"damage":35,"enemies":"Slime Boss","floor":16,"turns":10},{"damage":26,"enemies":"2 Thieves","floor":18,"turns":4},{"damage":17,"enemies":"Chosen","floor":20,"turns":6},{"damage":12,"enemies":"Centurion and Healer","floor":21,"turns":6},{"damage":6,"enemies":"3 Cultists","floor":22,"turns":4},{"damage":39,"enemies":"Cultist and Chosen","floor":27,"turns":8},{"damage":16,"enemies":"Gremlin Leader","floor":28,"turns":2}],"seed_played":"1292073062644373492","potions_obtained":[{"floor":1,"key":"SkillPotion"},{"floor":2,"key":"LiquidBronze"},{"floor":5,"key":"Strength Potion"},{"floor":14,"key":"LiquidBronze"},{"floor":22,"key":"Strength Potion"}],"is_trial":false,"path_per_floor":["M","M","M","M","M","R","?","R","T","R","?","E","R","E","R","B",null,"M","$","M","M","M","R","?","R","T","M","E"],"character_chosen":"IRONCLAD","items_purchased":["Shockwave"],"campfire_rested":3,"item_purchase_floors":[19],"current_hp_per_floor":[55,51,53,52,49,49,49,49,49,49,42,36,58,17,39,10,59,39,39,28,24,26,26,26,49,49,16,0],"gold":232,"neow_bonus":"REMOVE_CARD","is_prod":false,"is_daily":false,"chose_seed":false,"campfire_upgraded":3,"win_rate":0,"timestamp":1543480237,"path_taken":["M","M","M","M","M","R","?","R","T","R","?","E","R","E","R","BOSS","M","$","M","M","M","R","?","R","T","M","E"],"build_version":"2018-11-15","purchased_purges":1,"victory":false,"max_hp_per_floor":[75,75,75,75,75,75,75,75,75,75,75,75,75,75,75,75,75,75,75,75,77,79,79,79,79,79,79,79],"card_choices":[{"not_picked":["Blood for Blood","Power Through"],"picked":"Ghostly Armor","floor":1},{"not_picked":["Anger","Headbutt"],"picked":"Thunderclap","floor":2},{"not_picked":["Pommel Strike","Clash"],"picked":"Headbutt","floor":3},{"not_picked":["Twin Strike","Perfected Strike"],"picked":"Havoc","floor":4},{"not_picked":["Warcry","Dark Embrace"],"picked":"Shrug It Off","floor":5},{"not_picked":["Iron Wave","Reckless Charge"],"picked":"Flame Barrier","floor":12},{"not_picked":["Second Wind","Twin Strike"],"picked":"Demon Form","floor":14},{"not_picked":["Double Tap","Berserk"],"picked":"Barricade","floor":16},{"not_picked":["Pummel","Headbutt"],"picked":"Heavy Blade+1","floor":18},{"not_picked":["Twin Strike","Pommel Strike"],"picked":"True Grit+1","floor":20},{"not_picked":["Thunderclap","Inflame","Twin Strike"],"picked":"Singing Bowl","floor":21},{"not_picked":["Clothesline","Havoc","Perfected Strike+1"],"picked":"Singing Bowl","floor":22},{"not_picked":["Twin Strike+1","Dual Wield","Barricade"],"picked":"Body Slam","floor":27}],"player_experience":952972,"relics_obtained":[{"floor":9,"key":"Singing Bowl"},{"floor":12,"key":"Shovel"},{"floor":14,"key":"Happy Flower"},{"floor":23,"key":"Pantograph"},{"floor":26,"key":"Question Card"}],"event_choices":[{"cards_removed":["Strike_R"],"damage_healed":0,"gold_gain":0,"player_choice":"Card Removal","damage_taken":0,"max_hp_gain":0,"max_hp_loss":0,"event_name":"The Cleric","floor":7,"gold_loss":75},{"cards_removed":["Defend_R"],"damage_healed":0,"gold_gain":0,"player_choice":"Card Removal","damage_taken":7,"max_hp_gain":0,"max_hp_loss":0,"event_name":"Golden Wing","floor":11,"gold_loss":0},{"damage_healed":0,"gold_gain":0,"player_choice":"Smashed Altar","damage_taken":0,"max_hp_gain":0,"max_hp_loss":0,"event_name":"Forgotten Altar","floor":24,"gold_loss":0,"cards_obtained":["Decay"]}],"is_beta":true,"boss_relics":[{"not_picked":["Ectoplasm","Coffee Dripper"],"picked":"Cursed Key"}],"items_purged_floors":[19],"is_endless":false,"potions_floor_spawned":[1,2,5,14,22],"killed_by":"Gremlin Leader","ascension_level":20}