{"gold_per_floor":[119,134,145,155,172,172,203,203,203,203,203,214,225,258,258,337,337,353,129,179,193,203,203,215,215,215,226,236,261,261,278,278,350,350,364,364,364,264,276,92,92,92,92,92,104,66,66,80,80,80],"floor_reached":51,"playtime":2026,"items_purged":["Strike_R","Strike_R","Defend_R"],"score":1388,"play_id":"f55d5674-8b24-484f-b21f-f2a22ce13b67","local_time":"20181010195746","is_ascension_mode":true,"campfire_choices":[{"data":"Armaments","floor":6.0,"key":"SMITH"},{"data":"Bash","floor":10.0,"key":"SMITH"},{"data":"Spot Weakness","floor":15.0,"key":"SMITH"},{"data":"Evolve","floor":23.0,"key":"SMITH"},{"data":"Metallicize","floor":25.0,"key":"SMITH"},{"floor":30.0,"key":"REST"},{"data":"Limit Break","floor":32.0,"key":"SMITH"},{"data":"Uppercut","floor":41.0,"key":"SMITH"},{"floor":44,"key":"REST"},{"floor":49,"key":"REST"}],"neow_cost":"NONE","seed_source_timestamp":0,"circlet_count":0,"master_deck":["Strike_R+1","Strike_R+1","Defend_R+1","Defend_R+1","Defend_R+1","Bash+1","AscendersBane","Bludgeon+1","Headbutt+1","Spot Weakness+1","Armaments+1","Shrug It Off+1","Battle Trance+1","Shrug It Off+1","Impervious+1","Reaper+1","Evolve+1","Metallicize+1","Limit Break+1","Havoc+1","Offering+1","Offering+1","Brutality+1","Madness+1","Madness+1","Uppercut+1","Shockwave+1"],"special_seed":0,"relics":["Burning Blood","Bronze Scales","Letter Opener","Oddly Smooth Stone","Mark of Pain","PreservedInsect","Red Mask","Orrery","Bottled Flame","Mark of the Bloom"],"potions_floor_usage":[45,50],"damage_taken":[{"damage":7.0,"enemies":"Jaw Worm","floor":1.0,"turns":4.0},{"damage":0.0,"enemies":"Cultist","floor":2.0,"turns":2.0},{"damage":7.0,"enemies":"2 Louse","floor":3.0,"turns":3.0},{"damage":8.0,"enemies":"Blue Slaver","floor":4.0,"turns":2.0},{"damage":10.0,"enemies":"3 Louse","floor":5.0,"turns":4.0},{"damage":16.0,"enemies":"Lagavulin","floor":7.0,"turns":5.0},{"damage":0.0,"enemies":"Lots of Slimes","floor":12.0,"turns":2.0},{"damage":0.0,"enemies":"Exordium Wildlife","floor":13.0,"turns":4.0},{"damage":29.0,"enemies":"Gremlin Nob","floor":14.0,"turns":4.0},{"damage":0.0,"enemies":"Hexaghost","floor":16.0,"turns":8.0},{"damage":0.0,"enemies":"Chosen","floor":18.0,"turns":3.0},{"damage":20.0,"enemies":"Spheric Guardian","floor":21.0,"turns":4.0},{"damage":6.0,"enemies":"Snecko","floor":22.0,"turns":3.0},{"damage":3.0,"enemies":"Cultist and Chosen","floor":24.0,"turns":7.0},{"damage":36.0,"enemies":"Shelled Parasite and Fungi","floor":27.0,"turns":4.0},{"damage":24.0,"enemies":"3 Cultists","floor":28.0,"turns":6.0},{"damage":39.0,"enemies":"Masked Bandits","floor":29.0,"turns":5.0},{"damage":8.0,"enemies":"Snake Plant","floor":31.0,"turns":4.0},{"damage":21.0,"enemies":"Champ","floor":33.0,"turns":13.0},{"damage":6.0,"enemies":"Orb Walker","floor":35.0,"turns":2.0},{"damage":22.0,"enemies":"3 Shapes","floor":39.0,"turns":6.0},{"damage":43,"enemies":"Reptomancer","floor":45,"turns":6},{"damage":34,"enemies":"Jaw Worm Horde","floor":48,"turns":5},{"damage":39,"enemies":"Donu and Deca","floor":50,"turns":6}],"seed_played":"-4120899897890498672","potions_obtained":[{"floor":1.0,"key":"FearPotion"},{"floor":4.0,"key":"Weak Potion"},{"floor":7.0,"key":"LiquidBronze"},{"floor":18.0,"key":"GamblersBrew"},{"floor":31.0,"key":"SteroidPotion"}],"is_trial":false,"path_per_floor":["M","M","M","M","M","R","E","?","T","R","?","M","M","E","R","B",null,"M","$","?","M","M","R","M","R","T","M","M","?","R","M","R","B",null,"M","?","?","$","M","$","R","$","T","R","M","$","?","M","R","B"],"character_chosen":"IRONCLAD","items_purchased":["Evolve","Dexterity Potion","Dexterity Potion","Shockwave"],"campfire_rested":3,"item_purchase_floors":[19,19,40,46],"current_hp_per_floor":[67,73,72,70,66,66,56,56,56,56,56,62,68,45,45,51,69,75,75,75,61,61,61,74,74,74,66,48,24,46,44,44,29,64,64,64,50,50,34,34,34,34,34,56,75,75,75,41,41,2],"gold":80,"neow_bonus":"ONE_RANDOM_RARE_CARD","is_prod":false,"is_daily":false,"chose_seed":false,"campfire_upgraded":7,"win_rate":0,"timestamp":1539226666,"path_taken":["M","M","M","M","M","R","E","?","T","R","?","M","M","E","R","BOSS","M","$","?","M","M","R","M","R","T","?","M","?","R","M","R","BOSS","M","?","?","$","M","?","R","?","T","R","M","$","?","?","R","BOSS"],"build_version":"2018-10-10","purchased_purges":3,"victory":true,"max_hp_per_floor":[75,75,75,75,75,75,75,75,75,75,75,75,75,75,75,75,75,75,75,75,75,75,75,75,75,75,75,75,75,75,75,75,75,75,75,75,75,75,75,75,75,75,75,75,75,75,75,75,75,75],"card_choices":[{"not_picked":["Blood for Blood","Flex","Heavy Blade"],"picked":"SKIP","floor":1.0},{"not_picked":["Anger","Wild Strike"],"picked":"Headbutt","floor":2.0},{"not_picked":["Warcry","True Grit"],"picked":"Spot Weakness","floor":3.0},{"not_picked":["Brutality","Body Slam"],"picked":"Armaments","floor":4.0},{"not_picked":["Thunderclap","Bloodletting"],"picked":"Shrug It Off","floor":5.0},{"not_picked":["Thunderclap","True Grit"],"picked":"Battle Trance","floor":7.0},{"not_picked":["Body Slam","Searing Blow","Clash"],"picked":"SKIP","floor":12.0},{"not_picked":["True Grit","Cleave"],"picked":"Shrug It Off","floor":13.0},{"not_picked":["True Grit","Inflame"],"picked":"Impervious","floor":14.0},{"not_picked":["Berserk","Feed"],"picked":"Reaper","floor":16.0},{"not_picked":["Wild Strike","Iron Wave+1","Dropkick"],"picked":"SKIP","floor":18.0},{"not_picked":["Wild Strike","Evolve","Clash"],"picked":"SKIP","floor":21.0},{"not_picked":["Rupture","Perfected Strike","Flex"],"picked":"SKIP","floor":22.0},{"not_picked":["Burning Pact","Disarm"],"picked":"Metallicize","floor":24.0},{"not_picked":["Body Slam","Heavy Blade"],"picked":"Limit Break","floor":27.0},{"not_picked":["Flex","Perfected Strike","Infernal Blade"],"picked":"SKIP","floor":28.0},{"not_picked":["Clothesline","Sword Boomerang"],"picked":"Havoc+1","floor":29.0},{"not_picked":["Headbutt","Combust","Iron Wave"],"picked":"SKIP","floor":31.0},{"not_picked":["Juggernaut","Reaper"],"picked":"Offering","floor":33.0},{"not_picked":["Heavy Blade","Wild Strike"],"picked":"Offering","floor":34.0},{"not_picked":["Anger","Havoc+1","Blood for Blood+1"],"picked":"SKIP","floor":35.0},{"not_picked":["Perfected Strike","Sentinel"],"picked":"Uppercut","floor":39.0},{"not_picked":["Twin Strike","Body Slam","Dual Wield"],"picked":"SKIP","floor":45},{"not_picked":["Hemokinesis","Shrug It Off","Bloodletting+1"],"picked":"SKIP","floor":48}],"player_experience":878487,"relics_obtained":[{"floor":7.0,"key":"Bronze Scales"},{"floor":9.0,"key":"Letter Opener"},{"floor":14.0,"key":"Oddly Smooth Stone"},{"floor":26.0,"key":"PreservedInsect"},{"floor":29.0,"key":"Red Mask"},{"floor":43.0,"key":"Bottled Flame"}],"event_choices":[{"event_name":"Upgrade Shrine","player_choice":"Upgraded","floor":8.0,"damage_taken":0.0},{"event_name":"Liars Game","player_choice":"disagreed","floor":11.0,"damage_taken":0.0},{"event_name":"Nest","player_choice":"Stole From Cult","floor":20.0,"damage_taken":0.0},{"event_name":"Masked Bandits","player_choice":"Fought Bandits","floor":29.0,"damage_taken":0.0},{"event_name":"Transmorgrifier","player_choice":"Transform","floor":36.0,"damage_taken":0.0},{"event_name":"Winding Halls","player_choice":"Embrace Madness","floor":37.0,"damage_taken":0.0},{"event_name":"MindBloom","player_choice":"Upgrade","floor":47,"damage_taken":0}],"is_beta":true,"boss_relics":[{"not_picked":["Black Star","Tiny House"],"picked":"Mark of Pain"},{"not_picked":["White Beast Statue","Snecko Eye"],"picked":"Orrery"}],"items_purged_floors":[19,38,40],"is_endless":false,"potions_floor_spawned":[1,4,7,12,18,21,22,31],"ascension_level":19}