{"gold_per_floor":[113,113,113,123,143,143,171,171,171,200,200,212,223,254,254,325,325,339,367,74,74],"floor_reached":21,"playtime":693,"items_purged":["Regret"],"score":394,"play_id":"79c308cc-bc61-491d-a33b-007ed14279dc","local_time":"20181111181613","is_ascension_mode":true,"campfire_choices":[{"data":"Rampage","floor":6,"key":"SMITH"},{"data":"Bash","floor":8,"key":"SMITH"},{"floor":11,"key":"REST"},{"floor":15,"key":"REST"}],"neow_cost":"NONE","seed_source_timestamp":699786697732376,"circlet_count":0,"master_deck":["AscendersBane","Strike_R","Strike_R","Strike_R","Strike_R","Strike_R","Defend_R","Defend_R","Defend_R","Defend_R","Bash+1","Rampage+1","Writhe","Thunderclap","Metallicize","Burning Pact","Havoc","Spot Weakness","Fiend Fire","Limit Break","Headbutt","Battle Trance"],"relics":["Burning Blood","Champion Belt","Vajra","StoneCalendar","Bottled Flame","Lantern","Velvet Choker","Red Mask","Toolbox"],"potions_floor_usage":[10,12,14,14,19],"damage_taken":[{"damage":4,"enemies":"2 Louse","floor":1,"turns":3},{"damage":9,"enemies":"Small Slimes","floor":4,"turns":4},{"damage":2,"enemies":"Cultist","floor":5,"turns":3},{"damage":45,"enemies":"Gremlin Nob","floor":7,"turns":5},{"damage":22,"enemies":"Lagavulin","floor":10,"turns":7},{"damage":12,"enemies":"Looter","floor":12,"turns":2},{"damage":19,"enemies":"Blue Slaver","floor":13,"turns":5},{"damage":14,"enemies":"3 Sentries","floor":14,"turns":7},{"damage":31,"enemies":"The Guardian","floor":16,"turns":8},{"damage":20,"enemies":"Shell Parasite","floor":18,"turns":3},{"damage":36,"enemies":"Masked Bandits","floor":19,"turns":4},{"damage":23,"enemies":"3 Byrds","floor":21,"turns":3}],"seed_played":"3866634295030860695","potions_obtained":[{"floor":0,"key":"BloodPotion"},{"floor":0,"key":"EssenceOfSteel"},{"floor":10,"key":"SkillPotion"},{"floor":12,"key":"EssenceOfSteel"},{"floor":18,"key":"Ancient Potion"}],"is_trial":false,"path_per_floor":["M","?","?","M","M","R","E","R","T","E","R","M","M","E","R","B",null,"M","?","$","M"],"character_chosen":"IRONCLAD","items_purchased":["Toolbox"],"campfire_rested":2,"item_purchase_floors":[20],"current_hp_per_floor":[70,70,70,67,71,71,32,32,32,23,45,39,26,18,40,15,60,46,16,16,0],"gold":74,"neow_bonus":"THREE_SMALL_POTIONS","is_prod":false,"is_daily":false,"chose_seed":false,"campfire_upgraded":2,"win_rate":0,"timestamp":1541988973,"path_taken":["M","?","?","M","M","R","E","R","T","E","R","M","M","E","R","BOSS","M","?","$","M"],"build_version":"2018-11-08","purchased_purges":1,"victory":false,"max_hp_per_floor":[75,75,75,75,75,75,75,75,75,75,75,75,75,75,75,75,75,75,75,75,75],"card_choices":[{"not_picked":["Iron Wave","Clothesline"],"picked":"Rampage","floor":1},{"not_picked":["Exhume","Iron Wave"],"picked":"Thunderclap","floor":4},{"not_picked":["Cleave","Inflame"],"picked":"Metallicize","floor":5},{"not_picked":["Twin Strike","Sword Boomerang"],"picked":"Burning Pact","floor":7},{"not_picked":["Cleave","Corruption"],"picked":"Havoc","floor":10},{"not_picked":["Shrug It Off","True Grit"],"picked":"Spot Weakness","floor":12},{"not_picked":["Carnage","Havoc"],"picked":"Fiend Fire","floor":13},{"not_picked":["Intimidate","Rage","Evolve"],"picked":"SKIP","floor":14},{"not_picked":["Exhume","Barricade"],"picked":"Limit Break","floor":16},{"not_picked":["Clash","Iron Wave+1"],"picked":"Headbutt","floor":18},{"not_picked":["Twin Strike","Whirlwind"],"picked":"Battle Trance","floor":19}],"player_experience":934652,"relics_obtained":[{"floor":7,"key":"Vajra"},{"floor":9,"key":"StoneCalendar"},{"floor":10,"key":"Bottled Flame"},{"floor":14,"key":"Lantern"},{"floor":19,"key":"Red Mask"}],"event_choices":[{"damage_healed":0,"gold_gain":0,"player_choice":"Box","damage_taken":0,"relics_obtained":["Champion Belt"],"max_hp_gain":0,"max_hp_loss":0,"event_name":"Big Fish","floor":2,"gold_loss":0,"cards_obtained":["Regret"]},{"damage_healed":0,"gold_gain":0,"player_choice":"1 cards matched","damage_taken":0,"max_hp_gain":0,"max_hp_loss":0,"event_name":"Match and Keep!","floor":3,"gold_loss":0,"cards_obtained":["Writhe"]},{"damage_healed":0,"gold_gain":0,"player_choice":"Fought Bandits","damage_taken":0,"max_hp_gain":0,"max_hp_loss":0,"event_name":"Masked Bandits","floor":19,"gold_loss":0}],"is_beta":true,"boss_relics":[{"not_picked":["Tiny House","Black Star"],"picked":"Velvet Choker"}],"items_purged_floors":[20],"is_endless":false,"potions_floor_spawned":[7,10,12,13,18],"killed_by":"3 Byrds","ascension_level":20}