{"gold_per_floor":[111,126,126,56,66,66,66,66,66,16,32,97,113,130,130,227,227,244,256,273,273,273,273,273,273,353,353,368,131,146,159,159,159],"floor_reached":33,"playtime":1365,"items_purged":["Decay"],"score":287,"play_id":"473bdefe-bc84-4b1b-b587-d3195e0408fa","local_time":"20190111233514","is_ascension_mode":true,"campfire_choices":[{"data":"Dualcast","floor":6,"key":"SMITH"},{"data":"Sweeping Beam","floor":15,"key":"SMITH"},{"floor":23,"key":"REST"},{"data":"Scrape","floor":25,"key":"SMITH"},{"floor":32,"key":"REST"}],"neow_cost":"NONE","seed_source_timestamp":873319483579,"circlet_count":0,"master_deck":["Strike_B","Strike_B","Defend_B+1","Defend_B","Defend_B","Zap+1","Dualcast+1","Cold Snap","Genetic Algorithm+1","Scrape","Steam","Gash","Conserve Battery","Go for the Eyes","Sweeping Beam+1","Thunder Strike","Scrape+1","Cold Snap+1","Go for the Eyes+1","Conserve Battery","Good Instincts","Seek","Hologram+1","Core Surge"],"relics":["FrozenCore","NeowsBlessing","Juzu Bracelet","Anchor","Nloth\u0027s Gift"],"potions_floor_usage":[16,20,30,33,33],"damage_taken":[{"damage":0,"enemies":"Small Slimes","floor":1,"turns":1},{"damage":0,"enemies":"Cultist","floor":2,"turns":1},{"damage":0,"enemies":"2 Louse","floor":5,"turns":1},{"damage":16,"enemies":"Blue Slaver","floor":11,"turns":3},{"damage":2,"enemies":"3 Sentries","floor":12,"turns":6},{"damage":0,"enemies":"Looter","floor":13,"turns":3},{"damage":0,"enemies":"Gremlin Gang","floor":14,"turns":4},{"damage":5,"enemies":"Slime Boss","floor":16,"turns":10},{"damage":10,"enemies":"Chosen","floor":18,"turns":7},{"damage":11,"enemies":"2 Thieves","floor":19,"turns":5},{"damage":16,"enemies":"Snecko","floor":20,"turns":6},{"damage":13,"enemies":"Sentry and Sphere","floor":28,"turns":6},{"damage":10,"enemies":"3 Cultists","floor":30,"turns":6},{"damage":0,"enemies":"Centurion and Healer","floor":31,"turns":10},{"damage":99,"enemies":"Automaton","floor":33,"turns":12}],"seed_played":"-2776233537948257436","potions_obtained":[{"floor":11,"key":"LiquidBronze"},{"floor":12,"key":"Dexterity Potion"},{"floor":13,"key":"FocusPotion"},{"floor":19,"key":"PowerPotion"},{"floor":31,"key":"Fire Potion"}],"is_trial":false,"path_per_floor":["M","M","?","$","M","R","?","?","T","?","M","?","M","M","R","B",null,"M","M","M","?","?","R","?","R","T","?","M","$","M","M","R","B"],"character_chosen":"DEFECT","items_purchased":["Scrape","Good Instincts","Seek"],"campfire_rested":2,"item_purchase_floors":[4,29,29],"current_hp_per_floor":[75,75,75,75,75,75,60,60,60,60,44,42,42,42,42,37,75,65,54,38,38,38,60,60,60,60,60,47,47,37,37,59,0],"gold":159,"neow_bonus":"THREE_ENEMY_KILL","is_prod":false,"is_daily":false,"chose_seed":false,"campfire_upgraded":3,"win_rate":0,"timestamp":1547246114,"path_taken":["M","M","?","?","M","R","?","?","T","?","M","?","M","M","R","BOSS","M","M","M","?","?","R","?","R","T","?","M","?","M","M","R","BOSS"],"build_version":"2019-01-10","purchased_purges":1,"victory":false,"max_hp_per_floor":[75,75,75,75,75,75,75,75,75,75,75,75,75,75,75,75,75,75,75,75,75,75,75,75,75,75,75,75,75,75,75,75,75],"card_choices":[{"not_picked":["Ball Lightning","Coolheaded"],"picked":"Cold Snap","floor":1},{"not_picked":["Steam","Go for the Eyes"],"picked":"Genetic Algorithm","floor":2},{"not_picked":["Turbo","Streamline"],"picked":"Steam","floor":5},{"not_picked":["Storm","Thunder Strike"],"picked":"Gash","floor":11},{"not_picked":["Storm","Hello World"],"picked":"Conserve Battery","floor":12},{"not_picked":["Turbo","Static Discharge"],"picked":"Go for the Eyes","floor":13},{"not_picked":["Barrage","Double Energy"],"picked":"Sweeping Beam","floor":14},{"not_picked":["Amplify","Creative AI"],"picked":"Thunder Strike","floor":16},{"not_picked":["Redo","Leap"],"picked":"Scrape","floor":18},{"not_picked":["Undo","Ball Lightning"],"picked":"Cold Snap+1","floor":19},{"not_picked":["Darkness","Leap"],"picked":"Go for the Eyes+1","floor":20},{"not_picked":["Go for the Eyes","Coolheaded"],"picked":"Conserve Battery","floor":28},{"not_picked":["Turbo+1","Go for the Eyes+1"],"picked":"Hologram+1","floor":30},{"not_picked":["Redo","Go for the Eyes"],"picked":"Core Surge","floor":31}],"player_experience":176077,"relics_obtained":[{"floor":9,"key":"Juzu Bracelet"},{"floor":26,"key":"Bottled Flame"}],"event_choices":[{"damage_healed":0,"gold_gain":0,"player_choice":"Forge","damage_taken":0,"max_hp_gain":0,"max_hp_loss":0,"event_name":"Accursed Blacksmith","floor":3,"gold_loss":0,"cards_upgraded":["Zap"]},{"damage_healed":0,"gold_gain":0,"player_choice":"Entered Light","damage_taken":15,"max_hp_gain":0,"max_hp_loss":0,"event_name":"Shining Light","floor":7,"gold_loss":0,"cards_upgraded":["Genetic Algorithm","Defend_B"]},{"cards_removed":["Strike_B"],"damage_healed":0,"gold_gain":0,"player_choice":"Offered Basic","damage_taken":0,"max_hp_gain":0,"max_hp_loss":0,"event_name":"Bonfire Elementals","floor":8,"gold_loss":0},{"cards_removed":["Defend_B"],"damage_healed":0,"gold_gain":0,"player_choice":"Card Removal","damage_taken":0,"max_hp_gain":0,"max_hp_loss":0,"event_name":"The Cleric","floor":10,"gold_loss":50},{"damage_healed":0,"gold_gain":0,"player_choice":"Searched \u00273\u0027 times","damage_taken":0,"relics_obtained":["Anchor"],"max_hp_gain":0,"max_hp_loss":0,"event_name":"Dead Adventurer","floor":12,"gold_loss":0},{"damage_healed":0,"gold_gain":0,"player_choice":"Ignored","damage_taken":0,"max_hp_gain":0,"max_hp_loss":0,"event_name":"Ghosts","floor":21,"gold_loss":0},{"damage_healed":0,"gold_gain":0,"player_choice":"Cursed","damage_taken":0,"max_hp_gain":0,"max_hp_loss":0,"event_name":"Wheel of Change","floor":22,"gold_loss":0,"cards_obtained":["Decay"]},{"cards_removed":["Strike_B"],"damage_healed":0,"gold_gain":0,"player_choice":"Elegance","damage_taken":0,"max_hp_gain":0,"max_hp_loss":0,"event_name":"Back to Basics","floor":24,"gold_loss":0},{"damage_healed":0,"gold_gain":0,"player_choice":"Traded Relic","damage_taken":0,"relics_obtained":["Nloth\u0027s Gift"],"max_hp_gain":0,"max_hp_loss":0,"event_name":"N\u0027loth","floor":27,"relics_lost":["Bottled Flame"],"gold_loss":0}],"is_beta":true,"boss_relics":[{"not_picked":["Eternal Feather","White Beast Statue"],"picked":"FrozenCore"}],"items_purged_floors":[29],"is_endless":false,"potions_floor_spawned":[11,12,13,19,31],"killed_by":"Automaton","ascension_level":4}