{"gold_per_floor":[109,124,124,143,143,175,187,187,187,212,262,275,275,306,306,377,377,391,441,142,155,210,210,253,253,253,30,30,65,65,65],"floor_reached":31,"playtime":1430,"items_purged":["Strike_R"],"score":596,"play_id":"707ff1b4-c43d-4eba-b430-ddf659061555","local_time":"20181107041549","is_ascension_mode":true,"campfire_choices":[{"floor":8,"key":"REST"},{"data":"Disarm","floor":13,"key":"SMITH"},{"data":"Inflame","floor":15,"key":"SMITH"},{"data":"Entrench","floor":23,"key":"SMITH"},{"data":"Barricade","floor":28,"key":"SMITH"}],"neow_cost":"NONE","seed_source_timestamp":0,"circlet_count":0,"master_deck":["Strike_R","Strike_R","Defend_R+1","Defend_R","Defend_R","Defend_R","Bash+1","AscendersBane","Pommel Strike","Ghostly Armor+1","Shrug It Off","Ghostly Armor","Evolve","Disarm+1","Inflame+1","Barricade+1","Warcry","Pommel Strike+1","Entrench+1","Disarm+1","Limit Break+1","Reaper+1"],"special_seed":0,"relics":["Burning Blood","PreservedInsect","Incense Burner","Molten Egg 2","Omamori","Anchor","Mark of Pain","Toolbox","Juzu Bracelet","War Paint","Matryoshka"],"potions_floor_usage":[16,16,24],"damage_taken":[{"damage":1.0,"enemies":"2 Louse","floor":1.0,"turns":3.0},{"damage":9.0,"enemies":"Small Slimes","floor":2.0,"turns":4.0},{"damage":0.0,"enemies":"Cultist","floor":4.0,"turns":4.0},{"damage":27.0,"enemies":"Lagavulin","floor":6.0,"turns":6.0},{"damage":6,"enemies":"Looter","floor":7,"turns":4},{"damage":4,"enemies":"3 Sentries","floor":10,"turns":11},{"damage":9,"enemies":"Large Slime","floor":12,"turns":5},{"damage":18,"enemies":"Lagavulin","floor":14,"turns":6},{"damage":23,"enemies":"Hexaghost","floor":16,"turns":13},{"damage":0,"enemies":"Chosen","floor":18,"turns":7},{"damage":10,"enemies":"Spheric Guardian","floor":21,"turns":12},{"damage":4,"enemies":"Centurion and Healer","floor":22,"turns":7},{"damage":5,"enemies":"Snecko","floor":24,"turns":10},{"damage":0,"enemies":"Book of Stabbing","floor":29,"turns":7},{"damage":17,"enemies":"Colosseum Slavers","floor":30,"turns":7},{"damage":67,"enemies":"Slavers","floor":31,"turns":6}],"seed_played":"-6783036977290348719","potions_obtained":[{"floor":2.0,"key":"SpeedPotion"},{"floor":6.0,"key":"EntropicBrew"},{"floor":10,"key":"Dexterity Potion"},{"floor":16,"key":"Block Potion"},{"floor":24,"key":"Strength Potion"}],"is_trial":false,"path_per_floor":["M","M","?","M","?","E","M","R","T","E","?","M","R","E","R","B",null,"M","?","$","M","M","R","M","?","T","$","R","E","?","E"],"character_chosen":"IRONCLAD","items_purchased":["Toolbox","War Paint","Dexterity Potion"],"campfire_rested":1,"item_purchase_floors":[20,27,27],"current_hp_per_floor":[73,70,47,53,42,21,21,43,43,45,45,42,42,30,30,13,60,66,66,66,62,64,64,65,65,65,65,65,71,65,0],"gold":65,"neow_bonus":"UPGRADE_CARD","is_prod":false,"is_daily":false,"chose_seed":false,"campfire_upgraded":4,"win_rate":0,"timestamp":1541582149,"path_taken":["M","M","?","M","?","E","M","R","T","E","?","?","R","E","R","BOSS","M","?","$","M","M","R","M","?","T","$","R","E","?","E"],"build_version":"2018-10-30","purchased_purges":1,"victory":false,"max_hp_per_floor":[75,75,75,75,75,75,75,75,75,75,75,75,75,75,75,75,75,75,75,75,75,75,75,75,75,75,75,75,75,75,75],"card_choices":[{"not_picked":["Sever Soul","Heavy Blade"],"picked":"Pommel Strike","floor":1.0},{"not_picked":["Flex","Combust"],"picked":"Ghostly Armor","floor":2.0},{"not_picked":["Second Wind","Havoc"],"picked":"Shrug It Off","floor":4.0},{"not_picked":["Anger","Warcry"],"picked":"Ghostly Armor","floor":6.0},{"not_picked":["Twin Strike","Perfected Strike","Wild Strike"],"picked":"SKIP","floor":7},{"not_picked":["Searing Blow+1","Brutality"],"picked":"Evolve","floor":10},{"not_picked":["Burning Pact","Wild Strike+1"],"picked":"Disarm","floor":12},{"not_picked":["Blood for Blood+1","Warcry"],"picked":"Inflame","floor":14},{"not_picked":["Demon Form","Immolate+1"],"picked":"Barricade","floor":16},{"not_picked":["Perfected Strike+1","Headbutt+1"],"picked":"Warcry","floor":18},{"not_picked":["Hemokinesis+1","Flex"],"picked":"Pommel Strike+1","floor":21},{"not_picked":["Wild Strike+1","Sword Boomerang+1"],"picked":"Entrench","floor":22},{"not_picked":["Warcry","Havoc","Sword Boomerang+1"],"picked":"SKIP","floor":24},{"not_picked":["Cleave+1","Twin Strike+1"],"picked":"Reaper+1","floor":29}],"player_experience":926149,"relics_obtained":[{"floor":6.0,"key":"Incense Burner"},{"floor":9,"key":"Molten Egg 2"},{"floor":10,"key":"Omamori"},{"floor":14,"key":"Anchor"},{"floor":26,"key":"Juzu Bracelet"},{"floor":29,"key":"Matryoshka"}],"event_choices":[{"damage_healed":0.0,"max_hp_gain":0.0,"max_hp_loss":0.0,"gold_gain":0.0,"event_name":"Shining Light","player_choice":"Entered Light","floor":3.0,"gold_loss":0.0,"damage_taken":23.0,"cards_upgraded":["Defend_R","Ghostly Armor"]},{"damage_healed":0.0,"max_hp_gain":0.0,"max_hp_loss":0.0,"gold_gain":0.0,"event_name":"Scrap Ooze","player_choice":"Success","floor":5.0,"gold_loss":0.0,"damage_taken":11.0,"relics_obtained":["PreservedInsect"]},{"damage_healed":0,"gold_gain":50,"player_choice":"Pray","damage_taken":0,"max_hp_gain":0,"max_hp_loss":0,"event_name":"Golden Shrine","floor":11,"gold_loss":0},{"damage_healed":0,"gold_gain":50,"player_choice":"Stole From Cult","damage_taken":0,"max_hp_gain":0,"max_hp_loss":0,"event_name":"Nest","floor":19,"gold_loss":0},{"damage_healed":0,"gold_gain":0,"cards_transformed":["Strike_R","Strike_R"],"player_choice":"Became Test Subject","damage_taken":0,"max_hp_gain":0,"max_hp_loss":0,"event_name":"Drug Dealer","floor":25,"gold_loss":0,"cards_obtained":["Disarm","Limit Break"]},{"damage_healed":0,"gold_gain":0,"player_choice":"Fight","damage_taken":0,"max_hp_gain":0,"max_hp_loss":0,"event_name":"Colosseum","floor":30,"gold_loss":0},{"damage_healed":0,"gold_gain":0,"player_choice":"Fled From Nobs","damage_taken":0,"max_hp_gain":0,"max_hp_loss":0,"event_name":"Colosseum","floor":30,"gold_loss":0}],"is_beta":true,"boss_relics":[{"not_picked":["Calling Bell","Coffee Dripper"],"picked":"Mark of Pain"}],"items_purged_floors":[20],"is_endless":false,"potions_floor_spawned":[2,6,10,12,16,24],"killed_by":"Slavers","ascension_level":20}