{"path_per_floor":["M","M","?","M","M","R","T","?","T","R","M","M","E","?","R","B",null,"M","$","M","M","M","R"],"character_chosen":"DEFECT","items_purchased":["DataDisk"],"gold_per_floor":[113,123,123,141,151,151,151,151,235,235,248,265,292,292,292,395,395,383,160,174,187,206,206,206],"floor_reached":24,"campfire_rested":3,"playtime":938,"current_hp_per_floor":[69,63,63,63,53,75,75,80,80,80,72,63,33,33,57,56,80,49,49,51,32,14,38,0],"items_purged":["Strike_B"],"gold":206,"score":200,"play_id":"9a51e34c-aefc-4fb1-baf2-e86990c1910b","local_time":"20180513194231","is_prod":false,"is_daily":false,"chose_seed":false,"is_ascension_mode":false,"campfire_upgraded":1,"timestamp":1526233351,"path_taken":["M","M","?","?","M","R","?","?","T","R","M","M","E","?","R","BOSS","M","$","M","M","M","R","M"],"build_version":"2018-05-12v2","seed_source_timestamp":41513416067439,"purchased_purges":1,"victory":false,"master_deck":["Strike_B","Strike_B","Strike_B","Defend_B","Defend_B","Defend_B","Defend_B","Zap+1","Dualcast","Nova","Chaos+1","Loop","Hello World","Ball Lightning","Leap","Echo Form","Go for the Eyes","Beam Cell","Auto Shields"],"max_hp_per_floor":[75,75,75,75,75,75,75,80,80,80,80,80,80,80,80,80,80,80,80,80,80,80,80,80],"relics":["Cracked Core","Blood Vial","Tiny Chest","Kunai","Runic Pyramid","DataDisk"],"card_choices":[{"not_picked":["Barrage","Double Energy"],"picked":"Chaos","floor":1},{"not_picked":["Sweeping Beam","Stack"],"picked":"Loop","floor":2},{"not_picked":["Glacier","Axe Kick"],"picked":"Hello World","floor":4},{"not_picked":["Sweeping Beam","Gash"],"picked":"Ball Lightning","floor":5},{"not_picked":["Barrage","Hyperbeam"],"picked":"Leap","floor":11},{"not_picked":["Hologram","Reinforced Body","Sunder"],"picked":"SKIP","floor":12},{"not_picked":["Hologram","Sweeping Beam","Coolheaded"],"picked":"SKIP","floor":13},{"not_picked":["Amplify","Seek"],"picked":"Echo Form","floor":16},{"not_picked":["Steam","Rebound+1"],"picked":"Go for the Eyes","floor":18},{"not_picked":["Axe Kick","Sweeping Beam+1","Genetic Algorithm"],"picked":"SKIP","floor":20},{"not_picked":["Coolheaded","Turbo"],"picked":"Beam Cell","floor":21},{"not_picked":["Axe Kick","Hello World"],"picked":"Auto Shields","floor":22}],"player_experience":93104,"potions_floor_usage":[13,16,16,18,22,22],"damage_taken":[{"damage":6,"enemies":"Jaw Worm","floor":1,"turns":4},{"damage":6,"enemies":"Cultist","floor":2,"turns":3},{"damage":0,"enemies":"2 Louse","floor":4,"turns":2},{"damage":10,"enemies":"Looter","floor":5,"turns":3},{"damage":8,"enemies":"Red Slaver","floor":11,"turns":3},{"damage":11,"enemies":"2 Fungi Beasts","floor":12,"turns":4},{"damage":32,"enemies":"Gremlin Nob","floor":13,"turns":5},{"damage":3,"enemies":"Slime Boss","floor":16,"turns":11},{"damage":31,"enemies":"2 Thieves","floor":18,"turns":4},{"damage":0,"enemies":"Spheric Guardian","floor":20,"turns":3},{"damage":21,"enemies":"Snake Plant","floor":21,"turns":4},{"damage":20,"enemies":"Centurion and Healer","floor":22,"turns":4},{"damage":51,"enemies":"3 Cultists","floor":24,"turns":4}],"event_choices":[{"event_name":"Upgrade Shrine","player_choice":"Upgraded","floor":3,"damage_taken":0},{"event_name":"Big Fish","player_choice":"Donut","floor":8,"damage_taken":0},{"event_name":"Golden Wing","player_choice":"Ignored","floor":14,"damage_taken":0}],"boss_relics":[{"not_picked":["Orrery","White Beast Statue"],"picked":"Runic Pyramid"}],"potions_floor_spawned":[1,11,13,16,20,21],"seed_played":"-176139067580622331","killed_by":"3 Cultists","ascension_level":0,"is_trial":false}