{"gold_per_floor":[20,38,52,52,52,52,80,80,104,163,163,192,192,192,192,192],"floor_reached":16,"playtime":684,"items_purged":[],"score":268,"play_id":"05c94f27-076d-4f4a-a4aa-8df3c19a433f","local_time":"20181129014609","is_ascension_mode":true,"campfire_choices":[{"floor":6,"key":"REST"},{"floor":8,"key":"REST"},{"data":"Zap","floor":11,"key":"SMITH"},{"data":"Loop","floor":13,"key":"SMITH"},{"data":"Hologram","floor":15,"key":"SMITH"}],"neow_cost":"NO_GOLD","seed_source_timestamp":99936749407532,"circlet_count":0,"master_deck":["AscendersBane","Strike_B","Strike_B","Defend_B","Defend_B","Defend_B","Defend_B","Zap+1","Dualcast","Electrodynamics","White Noise","Hologram+1","White Noise","Force Field","Core Surge","Loop+1"],"relics":["Cracked Core","Anchor","Pen Nib","Tiny Chest","Omamori"],"potions_floor_usage":[10],"damage_taken":[{"damage":9,"enemies":"Jaw Worm","floor":1,"turns":3},{"damage":1,"enemies":"2 Louse","floor":2,"turns":2},{"damage":4,"enemies":"Small Slimes","floor":3,"turns":3},{"damage":11,"enemies":"Gremlin Nob","floor":7,"turns":4},{"damage":0,"enemies":"3 Sentries","floor":10,"turns":3},{"damage":1,"enemies":"Lagavulin","floor":12,"turns":6},{"damage":31,"enemies":"The Guardian","floor":16,"turns":2}],"seed_played":"8328780124509373373","potions_obtained":[{"floor":7,"key":"Dexterity Potion"},{"floor":12,"key":"EssenceOfSteel"}],"is_trial":false,"path_per_floor":["M","M","M","?","?","R","E","R","T","E","R","E","R","?","R","B"],"character_chosen":"DEFECT","items_purchased":[],"campfire_rested":2,"item_purchase_floors":[],"current_hp_per_floor":[55,54,50,50,5,26,15,36,36,36,36,35,35,28,28,0],"gold":192,"neow_bonus":"THREE_RARE_CARDS","is_prod":false,"is_daily":false,"chose_seed":false,"campfire_upgraded":3,"win_rate":0,"timestamp":1543455969,"path_taken":["M","M","M","?","?","R","E","R","T","E","R","E","R","?","R","BOSS"],"build_version":"2018-11-15","purchased_purges":0,"victory":false,"max_hp_per_floor":[71,71,71,71,71,71,71,71,71,71,71,71,71,71,71,71],"card_choices":[{"not_picked":["Buffer","Echo Form"],"picked":"Electrodynamics","floor":0},{"not_picked":["Gash","Beam Cell"],"picked":"White Noise","floor":1},{"not_picked":["Steam","Streamline"],"picked":"Hologram","floor":2},{"not_picked":["Streamline","Darkness"],"picked":"White Noise","floor":3},{"not_picked":["Auto Shields","Aggregate","Gash"],"picked":"SKIP","floor":7},{"not_picked":["Multi-Cast","Leap"],"picked":"Core Surge","floor":10},{"not_picked":["Barrage","Cold Snap"],"picked":"Loop","floor":12}],"player_experience":948198,"relics_obtained":[{"floor":7,"key":"Anchor"},{"floor":9,"key":"Pen Nib"},{"floor":10,"key":"Tiny Chest"},{"floor":12,"key":"Omamori"}],"event_choices":[{"damage_healed":0,"gold_gain":0,"cards_transformed":["Strike_B"],"player_choice":"Change","damage_taken":0,"max_hp_gain":0,"max_hp_loss":0,"event_name":"Living Wall","floor":4,"gold_loss":0,"cards_obtained":["Force Field"]},{"damage_healed":0,"gold_gain":0,"player_choice":"Fled","damage_taken":45,"max_hp_gain":0,"max_hp_loss":0,"event_name":"Scrap Ooze","floor":5,"gold_loss":0},{"cards_removed":["Strike_B"],"damage_healed":0,"gold_gain":0,"player_choice":"Card Removal","damage_taken":7,"max_hp_gain":0,"max_hp_loss":0,"event_name":"Golden Wing","floor":14,"gold_loss":0}],"is_beta":true,"boss_relics":[],"items_purged_floors":[],"is_endless":false,"potions_floor_spawned":[7,12],"killed_by":"The Guardian","ascension_level":18}