{"gold_per_floor":[111,124,140,158,109,109,137,137,186,186,186,218,236,236,236,362,362,376,301,326,326,142,142,142],"floor_reached":24,"playtime":1739,"items_purged":["Injury"],"score":265,"play_id":"9d0f8b38-1cb6-46ac-a156-3134bfb5e277","local_time":"20181227025308","is_ascension_mode":true,"campfire_choices":[{"data":"Flex","floor":6.0,"key":"SMITH"},{"floor":8.0,"key":"REST"},{"data":"Immolate","floor":10.0,"key":"SMITH"},{"floor":15.0,"key":"REST"},{"floor":23,"key":"REST"}],"neow_cost":"NONE","seed_source_timestamp":714948389752653,"circlet_count":0,"master_deck":["Strike_R","Strike_R","Strike_R","Strike_R","Strike_R","Defend_R+1","Defend_R+1","Defend_R","Defend_R","Bash+1","Anger","Corruption","Fire Breathing","Dropkick","Flex+1","Immolate+1","Reaper","Inflame","Impervious","Battle Trance+1","Ghostly Armor","Inflame"],"special_seed":0,"relics":["Burning Blood","Darkstone Periapt","War Paint","Shuriken","Potion Belt","Bloody Idol","Eternal Feather","Anchor"],"potions_floor_usage":[16,18,24],"damage_taken":[{"damage":1.0,"enemies":"Cultist","floor":1.0,"turns":3.0},{"damage":13.0,"enemies":"Jaw Worm","floor":2.0,"turns":4.0},{"damage":0.0,"enemies":"Small Slimes","floor":3.0,"turns":3.0},{"damage":11.0,"enemies":"Blue Slaver","floor":4.0,"turns":4.0},{"damage":30.0,"enemies":"Lagavulin","floor":7.0,"turns":4.0},{"damage":34.0,"enemies":"Gremlin Nob","floor":12.0,"turns":4.0},{"damage":1.0,"enemies":"2 Fungi Beasts","floor":13.0,"turns":4.0},{"damage":67,"enemies":"The Guardian","floor":16,"turns":10},{"damage":27,"enemies":"Spheric Guardian","floor":18,"turns":6},{"damage":36,"enemies":"2 Thieves","floor":20,"turns":4},{"damage":68,"enemies":"Book of Stabbing","floor":24,"turns":5}],"seed_played":"5393005128333733818","potions_obtained":[{"floor":2.0,"key":"Poison Potion"},{"floor":4.0,"key":"SteroidPotion"},{"floor":12.0,"key":"SpeedPotion"},{"floor":16,"key":"SpeedPotion"},{"floor":18,"key":"GamblersBrew"}],"is_trial":false,"path_per_floor":["M","M","M","M","$","R","E","R","T","R","T","E","M","?","R","B",null,"M","$","M","?","$","R","E"],"character_chosen":"IRONCLAD","items_purchased":["Flex","Inflame","Anchor"],"campfire_rested":3,"item_purchase_floors":[5,22,22],"current_hp_per_floor":[77,70,76,71,71,71,47,71,71,71,71,43,52,58,83,32,73,52,52,30,30,30,67,0],"gold":142,"neow_bonus":"UPGRADE_CARD","is_prod":false,"is_daily":false,"chose_seed":false,"campfire_upgraded":2,"win_rate":0,"timestamp":1545897188,"path_taken":["M","M","?","M","$","R","E","R","T","R","?","E","M","?","R","BOSS","M","$","M","?","$","R","E"],"build_version":"2018-12-20","purchased_purges":1,"victory":false,"max_hp_per_floor":[80,80,80,80,80,80,80,80,80,80,80,80,80,86,86,86,86,86,86,86,86,86,86,86],"card_choices":[{"not_picked":["Havoc","Sword Boomerang"],"picked":"Anger","floor":1.0},{"not_picked":["Heavy Blade","Twin Strike"],"picked":"Corruption","floor":2.0},{"not_picked":["Clothesline","Warcry"],"picked":"Fire Breathing","floor":3.0},{"not_picked":["Clash","Reckless Charge"],"picked":"Dropkick","floor":4.0},{"not_picked":["Wild Strike","Body Slam"],"picked":"Immolate","floor":7.0},{"not_picked":["Thunderclap","Clash"],"picked":"Reaper","floor":12.0},{"not_picked":["Havoc","Hemokinesis"],"picked":"Inflame","floor":13.0},{"not_picked":["Limit Break","Immolate"],"picked":"Impervious","floor":16},{"not_picked":["Evolve+1","Entrench+1"],"picked":"Battle Trance+1","floor":18},{"not_picked":["Combust","Body Slam+1"],"picked":"Ghostly Armor","floor":20}],"player_experience":263913,"relics_obtained":[{"floor":7.0,"key":"Darkstone Periapt"},{"floor":9.0,"key":"War Paint"},{"floor":11.0,"key":"Shuriken"},{"floor":12.0,"key":"Potion Belt"}],"event_choices":[{"damage_healed":0.0,"max_hp_gain":0.0,"max_hp_loss":0.0,"gold_gain":0.0,"event_name":"Golden Idol","player_choice":"Take Wound","floor":14.0,"gold_loss":0.0,"damage_taken":0.0,"relics_obtained":["Golden Idol"],"cards_obtained":["Injury"]},{"damage_healed":0,"gold_gain":0,"player_choice":"Gave Idol","damage_taken":0,"relics_obtained":["Bloody Idol"],"max_hp_gain":0,"max_hp_loss":0,"event_name":"Forgotten Altar","floor":21,"relics_lost":["Golden Idol"],"gold_loss":0}],"is_beta":false,"boss_relics":[{"not_picked":["Sozu","Runic Dome"],"picked":"Eternal Feather"}],"items_purged_floors":[19],"is_endless":false,"potions_floor_spawned":[2,4,12,16,18],"killed_by":"Book of Stabbing","ascension_level":6}