{"gold_per_floor":[110,35,52,52,63,63,94,94,94,127,137,154,154,30,30,132,182,200,210,210,48,48,48,78,78,78,93,8,8,8,36,36,36],"floor_reached":33,"playtime":1610,"items_purged":["Strike_B"],"score":306,"play_id":"b1fc3cc8-5f48-4412-be19-bcaf55f29abd","local_time":"20181116160850","is_ascension_mode":true,"campfire_choices":[{"floor":6,"key":"RECALL"},{"floor":8,"key":"REST"},{"floor":15,"key":"REST"},{"data":"Mayhem","floor":23,"key":"SMITH"},{"floor":25,"key":"REST"},{"data":"Darkness","floor":30,"key":"SMITH"},{"floor":32,"key":"REST"}],"neow_cost":"NONE","seed_source_timestamp":46932054124995,"circlet_count":0,"master_deck":["Strike_B","Strike_B","Defend_B","Defend_B+1","Defend_B+1","Defend_B","Zap+1","Dualcast+1","FTL","Melter","Sweeping Beam","Defragment","Doom and Gloom","Capacitor","Cold Snap","Electrodynamics","Darkness+1","Mayhem+1","Fusion","Undo","Echo Form"],"relics":["Cracked Core","Shovel","PreservedInsect","Tiny House","Bag of Preparation","Letter Opener","Blood Vial","Happy Flower"],"potions_floor_usage":[11,16,19,24,33],"damage_taken":[{"damage":7,"enemies":"2 Louse","floor":1,"turns":2},{"damage":6,"enemies":"Jaw Worm","floor":3,"turns":3},{"damage":1,"enemies":"Cultist","floor":5,"turns":3},{"damage":22,"enemies":"Gremlin Nob","floor":7,"turns":4},{"damage":18,"enemies":"Lagavulin","floor":10,"turns":5},{"damage":0,"enemies":"Looter","floor":11,"turns":3},{"damage":13,"enemies":"2 Fungi Beasts","floor":12,"turns":3},{"damage":24,"enemies":"Slime Boss","floor":16,"turns":6},{"damage":0,"enemies":"Spheric Guardian","floor":18,"turns":2},{"damage":16,"enemies":"2 Thieves","floor":19,"turns":4},{"damage":22,"enemies":"Book of Stabbing","floor":24,"turns":4},{"damage":16,"enemies":"Snecko","floor":27,"turns":5},{"damage":31,"enemies":"Slavers","floor":31,"turns":4},{"damage":43,"enemies":"Automaton","floor":33,"turns":6}],"seed_played":"8422265301215773910","potions_obtained":[{"floor":3,"key":"SpeedPotion"},{"floor":10,"key":"Ancient Potion"},{"floor":12,"key":"AttackPotion"},{"floor":13,"key":"Swift Potion"},{"floor":13,"key":"Dexterity Potion"},{"floor":16,"key":"Block Potion"},{"floor":31,"key":"Poison Potion"}],"is_trial":false,"path_per_floor":["M","$","M","?","M","R","E","R","T","E","M","M","?","$","R","B",null,"M","M","?","$","?","R","E","R","T","M","?","$","R","E","R","B"],"character_chosen":"DEFECT","items_purchased":["Capacitor","Cold Snap","Mayhem"],"campfire_rested":4,"item_purchase_floors":[14,14,21],"current_hp_per_floor":[68,68,62,47,46,46,24,46,46,28,28,15,15,15,37,13,80,80,64,64,64,49,49,27,52,52,36,36,36,36,7,32,0],"gold":36,"neow_bonus":"UPGRADE_CARD","is_prod":false,"is_daily":false,"chose_seed":false,"campfire_upgraded":2,"win_rate":0,"timestamp":1542344930,"path_taken":["M","$","M","?","M","R","E","R","T","E","M","M","?","$","R","BOSS","M","?","?","$","?","R","E","R","T","M","?","$","R","E","R","BOSS"],"build_version":"2018-11-15","purchased_purges":1,"victory":false,"max_hp_per_floor":[75,75,75,75,75,75,75,75,75,75,75,75,75,75,75,75,80,80,80,80,80,85,85,85,85,85,85,85,85,85,85,85,85],"card_choices":[{"not_picked":["Turbo","Sweeping Beam"],"picked":"FTL","floor":1},{"not_picked":["Undo","Force Field"],"picked":"Melter","floor":3},{"not_picked":["Recycle","Hello World","Leap"],"picked":"SKIP","floor":5},{"not_picked":["Turbo","Reinforced Body"],"picked":"Sweeping Beam","floor":7},{"not_picked":["Blizzard","Leap","Tempest"],"picked":"SKIP","floor":10},{"not_picked":["Melter","Cold Snap"],"picked":"Defragment","floor":11},{"not_picked":["Steam Power","Sweeping Beam"],"picked":"Doom and Gloom","floor":12},{"not_picked":["Multi-Cast","All For One"],"picked":"Electrodynamics","floor":16},{"not_picked":["FTL","Melter"],"picked":"Darkness","floor":18},{"not_picked":["Scrape","Beam Cell","Reprogram+1"],"picked":"SKIP","floor":19},{"not_picked":["Biased Cognition","Double Energy"],"picked":"Fusion","floor":24},{"not_picked":["Rebound","Hologram"],"picked":"Undo","floor":27},{"not_picked":["Cold Snap+1","Force Field+1"],"picked":"Echo Form","floor":31}],"player_experience":827179,"relics_obtained":[{"floor":7,"key":"Shovel"},{"floor":10,"key":"PreservedInsect"},{"floor":24,"key":"Bag of Preparation"},{"floor":26,"key":"Letter Opener"},{"floor":31,"key":"Happy Flower"}],"event_choices":[{"damage_healed":0,"gold_gain":0,"player_choice":"Entered Light","damage_taken":15,"max_hp_gain":0,"max_hp_loss":0,"event_name":"Shining Light","floor":4,"gold_loss":0,"cards_upgraded":["Defend_B","Defend_B"]},{"damage_healed":0,"gold_gain":0,"player_choice":"Got Potions","damage_taken":0,"max_hp_gain":0,"max_hp_loss":0,"event_name":"Lab","floor":13,"gold_loss":0},{"cards_removed":["Strike_B"],"damage_healed":0,"gold_gain":0,"player_choice":"Elegance","damage_taken":0,"max_hp_gain":0,"max_hp_loss":0,"event_name":"Back to Basics","floor":20,"gold_loss":0},{"damage_healed":0,"gold_gain":0,"player_choice":"Shed Blood","damage_taken":20,"max_hp_gain":5,"max_hp_loss":0,"event_name":"Forgotten Altar","floor":22,"gold_loss":0},{"damage_healed":0,"gold_gain":0,"player_choice":"Obtained Relic","damage_taken":0,"relics_obtained":["Blood Vial"],"max_hp_gain":0,"max_hp_loss":0,"event_name":"Addict","floor":28,"gold_loss":85}],"is_beta":true,"boss_relics":[{"not_picked":["Cursed Key","FrozenCore"],"picked":"Tiny House"}],"items_purged_floors":[2],"is_endless":false,"potions_floor_spawned":[3,10,12,16,31],"killed_by":"Automaton","ascension_level":1}