{"gold_per_floor":[118,133,149,24,38,38,64,81,105,105,125,159,59,93,93,93],"floor_reached":16,"playtime":443,"items_purged":["Defend_R","Defend_R"],"score":244,"play_id":"97302e47-f287-4d65-a8ed-c31e91a0e375","local_time":"20190206115837","is_ascension_mode":true,"campfire_choices":[{"data":"Perfected Strike","floor":6.0,"key":"SMITH"},{"data":"Brutality","floor":15.0,"key":"SMITH"}],"neow_cost":"NONE","seed_source_timestamp":171628309223656,"circlet_count":0,"master_deck":["AscendersBane","Strike_R","Strike_R","Strike_R","Strike_R","Strike_R","Defend_R","Bash","Thunderclap","Clash","Perfected Strike","Perfected Strike+1","Pommel Strike","Anger","Brutality+1","Feel No Pain","Clash","Flex","Perfected Strike"],"special_seed":0,"relics":["Burning Blood","NeowsBlessing","Du-Vu Doll","Lantern","Regal Pillow","Ancient Tea Set"],"potions_floor_usage":[16],"damage_taken":[{"damage":0.0,"enemies":"Cultist","floor":1.0,"turns":1.0},{"damage":0.0,"enemies":"2 Louse","floor":2.0,"turns":1.0},{"damage":0.0,"enemies":"Jaw Worm","floor":3.0,"turns":1.0},{"damage":11.0,"enemies":"Exordium Thugs","floor":5.0,"turns":2.0},{"damage":15.0,"enemies":"Lagavulin","floor":7.0,"turns":3.0},{"damage":0.0,"enemies":"2 Fungi Beasts","floor":8.0,"turns":2.0},{"damage":0.0,"enemies":"3 Louse","floor":11.0,"turns":2.0},{"damage":6.0,"enemies":"Gremlin Nob","floor":12.0,"turns":3.0},{"damage":20.0,"enemies":"3 Sentries","floor":14.0,"turns":6.0},{"damage":62,"enemies":"The Guardian","floor":16,"turns":8}],"seed_played":"-8919532399565304046","potions_obtained":[{"floor":1.0,"key":"SteroidPotion"},{"floor":3.0,"key":"Fire Potion"},{"floor":11.0,"key":"FearPotion"}],"is_trial":false,"path_per_floor":["M","M","M","$","M","R","E","M","T","?","M","E","$","E","R","B"],"character_chosen":"IRONCLAD","items_purchased":["Perfected Strike"],"campfire_rested":0,"item_purchase_floors":[4],"current_hp_per_floor":[74,75,75,75,70,70,61,67,67,67,73,73,73,59,59,0],"gold":93,"neow_bonus":"THREE_ENEMY_KILL","is_prod":false,"is_daily":false,"chose_seed":false,"campfire_upgraded":2,"win_rate":0,"timestamp":1549479517,"path_taken":["M","M","?","$","?","R","E","?","T","?","M","E","?","E","R","BOSS"],"build_version":"2019-01-23","purchased_purges":2,"victory":false,"max_hp_per_floor":[75,75,75,75,75,75,75,75,75,75,75,75,75,75,75,75],"card_choices":[{"not_picked":["Feel No Pain","Rupture"],"picked":"Thunderclap","floor":1.0},{"not_picked":["Spot Weakness","Pommel Strike"],"picked":"Clash","floor":2.0},{"not_picked":["Feel No Pain","Headbutt"],"picked":"Perfected Strike","floor":3.0},{"not_picked":["Metallicize","Burning Pact"],"picked":"Pommel Strike","floor":5.0},{"not_picked":["Second Wind","Wild Strike"],"picked":"Anger","floor":7.0},{"not_picked":["Armaments","Dual Wield"],"picked":"Brutality","floor":8.0},{"not_picked":["Havoc","Rampage"],"picked":"Clash","floor":11.0},{"not_picked":["Cleave","Clothesline"],"picked":"Flex","floor":12.0},{"not_picked":["Spot Weakness","Carnage"],"picked":"Perfected Strike","floor":14.0}],"player_experience":767142,"relics_obtained":[{"floor":7.0,"key":"Du-Vu Doll"},{"floor":9.0,"key":"Lantern"},{"floor":12.0,"key":"Regal Pillow"},{"floor":14.0,"key":"Ancient Tea Set"}],"event_choices":[{"damage_healed":0.0,"max_hp_gain":0.0,"max_hp_loss":0.0,"gold_gain":0.0,"cards_transformed":["Defend_R"],"event_name":"Living Wall","player_choice":"Change","floor":10.0,"gold_loss":0.0,"damage_taken":0.0,"cards_obtained":["Feel No Pain"]}],"is_beta":false,"boss_relics":[],"items_purged_floors":[4,13],"is_endless":false,"potions_floor_spawned":[1,3,11],"killed_by":"The Guardian","ascension_level":20}