{"gold_per_floor":[218,238,74,74,92,127,127,159,228,228,263,263,277,288,288,365,365,383,383,103,103,103,120,133,133,133,133,35,50,50,50],"floor_reached":31,"playtime":1621,"items_purged":["Strike_B","Writhe"],"score":443,"play_id":"2ed50544-6813-4713-ad10-b28fb11080c1","local_time":"20181106143606","is_ascension_mode":true,"campfire_choices":[{"data":"Zap","floor":7,"key":"SMITH"},{"data":"Loop","floor":10,"key":"SMITH"},{"data":"Barrage","floor":12,"key":"SMITH"},{"floor":15,"key":"REST"},{"floor":25,"key":"REST"},{"data":"Buffer","floor":27,"key":"SMITH"},{"data":"Defragment","floor":30,"key":"SMITH"}],"neow_cost":"NONE","seed_source_timestamp":691706316907814,"circlet_count":0,"master_deck":["AscendersBane","Strike_B","Strike_B","Defend_B","Defend_B","Defend_B","Defend_B","Zap+1","Dualcast","Defragment+1","Coolheaded","Capacitor","Coolheaded","Sweeping Beam+1","Go for the Eyes+1","Loop+1","Barrage+1","Ball Lightning","Buffer+1","Leap+1","Defragment+1","Redo+1","Double Energy+1","White Noise+1","Trip+1","Compile Driver+1"],"relics":["Cracked Core","StoneCalendar","Regal Pillow","Toxic Egg 2","Calipers","Busted Crown","Singing Bowl","Whetstone"],"potions_floor_usage":[8,16,16],"damage_taken":[{"damage":3,"enemies":"Jaw Worm","floor":1,"turns":4},{"damage":1,"enemies":"Cultist","floor":2,"turns":3},{"damage":8,"enemies":"2 Louse","floor":5,"turns":4},{"damage":11,"enemies":"Lagavulin","floor":6,"turns":8},{"damage":14,"enemies":"3 Sentries","floor":8,"turns":7},{"damage":4,"enemies":"Lagavulin","floor":11,"turns":6},{"damage":8,"enemies":"Blue Slaver","floor":13,"turns":4},{"damage":12,"enemies":"Red Slaver","floor":14,"turns":4},{"damage":17,"enemies":"Slime Boss","floor":16,"turns":5},{"damage":3,"enemies":"Chosen","floor":18,"turns":4},{"damage":6,"enemies":"Shell Parasite","floor":23,"turns":6},{"damage":26,"enemies":"Snake Plant","floor":24,"turns":4},{"damage":26,"enemies":"Sentry and Sphere","floor":29,"turns":6},{"damage":48,"enemies":"Slavers","floor":31,"turns":3}],"seed_played":"-8741772831447686928","potions_obtained":[{"floor":1,"key":"Regen Potion"},{"floor":6,"key":"Fire Potion"},{"floor":8,"key":"Block Potion"},{"floor":23,"key":"Strength Potion"}],"is_trial":false,"path_per_floor":["M","M","$","?","M","E","R","E","T","R","E","R","M","M","R","B",null,"M","?","$","?","?","M","M","R","T","R","$","M","R","E"],"character_chosen":"DEFECT","items_purchased":["Capacitor","Coolheaded","Defragment","Redo+1","Double Energy+1","Trip+1"],"campfire_rested":2,"item_purchase_floors":[3,3,20,20,20,28],"current_hp_per_floor":[61,60,60,60,52,41,41,42,42,42,38,38,30,18,54,37,63,60,60,60,60,60,56,32,69,69,69,69,43,43,0],"gold":50,"neow_bonus":"HUNDRED_GOLD","is_prod":false,"is_daily":false,"chose_seed":false,"campfire_upgraded":5,"win_rate":0,"timestamp":1541543766,"path_taken":["M","M","$","?","?","E","R","E","T","R","E","R","M","M","R","BOSS","M","?","$","?","?","M","M","R","T","R","$","?","R","E"],"build_version":"2018-11-01","purchased_purges":2,"victory":false,"max_hp_per_floor":[71,71,71,71,71,71,71,71,71,71,71,71,71,71,71,71,71,71,71,71,71,71,73,75,75,75,75,75,75,75,75],"card_choices":[{"not_picked":["Darkness","Redo"],"picked":"Defragment","floor":1},{"not_picked":["BootSequence","Compile Driver"],"picked":"Coolheaded","floor":2},{"not_picked":["Double Energy","Steam"],"picked":"Sweeping Beam","floor":5},{"not_picked":["Lockon","Cold Snap"],"picked":"Go for the Eyes","floor":6},{"not_picked":["Capacitor","Sweeping Beam"],"picked":"Loop","floor":8},{"not_picked":["All For One","Loop"],"picked":"Barrage","floor":11},{"not_picked":["Cold Snap","Steam+1"],"picked":"Ball Lightning","floor":13},{"not_picked":["Stack+1","Force Field+1","Barrage"],"picked":"SKIP","floor":14},{"not_picked":["Seek+1","Machine Learning"],"picked":"Buffer","floor":16},{"not_picked":[],"picked":"Leap+1","floor":18},{"not_picked":["Blizzard"],"picked":"Singing Bowl","floor":23},{"not_picked":["Sweeping Beam"],"picked":"Singing Bowl","floor":24},{"not_picked":[],"picked":"Compile Driver+1","floor":29}],"player_experience":1243797,"relics_obtained":[{"floor":6,"key":"StoneCalendar"},{"floor":8,"key":"Regal Pillow"},{"floor":9,"key":"Toxic Egg 2"},{"floor":11,"key":"Calipers"},{"floor":26,"key":"Whetstone"}],"event_choices":[{"damage_healed":0,"gold_gain":0,"player_choice":"Upgraded","damage_taken":0,"max_hp_gain":0,"max_hp_loss":0,"event_name":"Upgrade Shrine","floor":4,"gold_loss":0,"cards_upgraded":["Defragment"]},{"damage_healed":0,"gold_gain":0,"player_choice":"Opened","damage_taken":0,"relics_obtained":["Singing Bowl"],"max_hp_gain":0,"max_hp_loss":0,"event_name":"The Mausoleum","floor":19,"gold_loss":0,"cards_obtained":["Writhe"]},{"damage_healed":0,"gold_gain":0,"player_choice":"Read","damage_taken":0,"max_hp_gain":0,"max_hp_loss":0,"event_name":"The Library","floor":21,"gold_loss":0,"cards_obtained":["White Noise"]},{"cards_removed":["Strike_B"],"damage_healed":0,"gold_gain":0,"player_choice":"Card Removal","damage_taken":0,"max_hp_gain":0,"max_hp_loss":0,"event_name":"Wheel of Change","floor":22,"gold_loss":0}],"is_beta":false,"boss_relics":[{"not_picked":["Cursed Key","Philosopher\u0027s Stone"],"picked":"Busted Crown"}],"items_purged_floors":[3,20],"is_endless":false,"potions_floor_spawned":[1,6,8,13,23],"killed_by":"Slavers","ascension_level":15}