{"gold_per_floor":[118,218,234,245,255,283,283,308,335,335,361,50,50,66,66,163,163,178,178,146,146,71,71,97,97],"floor_reached":25,"playtime":1275,"items_purged":["Strike_G"],"score":448,"play_id":"5ea155cb-c31f-4d62-b855-e2fe73713d67","local_time":"20190116215418","is_ascension_mode":true,"campfire_choices":[{"data":"After Image","floor":7,"key":"SMITH"},{"floor":10,"key":"REST"},{"data":"Noxious Fumes","floor":13,"key":"SMITH"},{"floor":15,"key":"REST"},{"data":"A Thousand Cuts","floor":23,"key":"SMITH"}],"neow_cost":"NONE","seed_source_timestamp":272738244954942,"circlet_count":0,"master_deck":["AscendersBane","Defend_G","Defend_G","Defend_G","Defend_G","Defend_G","Strike_G","Strike_G","Strike_G","Survivor","Neutralize","Dash","Backflip","Noxious Fumes+1","After Image+1","Footwork","Flying Knee","Burst","Poisoned Stab","Backflip","A Thousand Cuts+1","Bane","Leg Sweep","Dagger Throw","Prepared"],"relics":["Ring of the Snake","NeowsBlessing","Ornamental Fan","Boot","Potion Belt","Snake Skull","FossilizedHelix","Lizard Tail","Unceasing Top","Bottled Flame"],"potions_floor_usage":[16],"damage_taken":[{"damage":0,"enemies":"Jaw Worm","floor":1,"turns":1},{"damage":0,"enemies":"Cultist","floor":3,"turns":1},{"damage":0,"enemies":"2 Louse","floor":4,"turns":1},{"damage":8,"enemies":"Exordium Thugs","floor":5,"turns":5},{"damage":31,"enemies":"Gremlin Nob","floor":6,"turns":6},{"damage":20,"enemies":"3 Sentries","floor":8,"turns":9},{"damage":6,"enemies":"Lagavulin","floor":11,"turns":9},{"damage":12,"enemies":"Exordium Wildlife","floor":14,"turns":6},{"damage":0,"enemies":"Slime Boss","floor":16,"turns":12},{"damage":11,"enemies":"Chosen","floor":18,"turns":6},{"damage":25,"enemies":"2 Thieves","floor":20,"turns":5},{"damage":64,"enemies":"Slavers","floor":24,"turns":7},{"damage":6,"enemies":"Snake Plant","floor":25,"turns":2}],"seed_played":"2879872599817283865","potions_obtained":[{"floor":1,"key":"LiquidBronze"},{"floor":5,"key":"SteroidPotion"},{"floor":11,"key":"SpeedPotion"},{"floor":20,"key":"FearPotion"}],"is_trial":false,"path_per_floor":["M","?","M","M","M","E","R","E","T","R","E","$","R","M","R","B",null,"M","?","M","?","$","R","E","M"],"character_chosen":"THE_SILENT","items_purchased":["Poisoned Stab","FossilizedHelix"],"campfire_rested":2,"item_purchase_floors":[12,12],"current_hp_per_floor":[63,63,63,63,55,24,24,4,4,25,19,19,19,7,28,28,60,49,49,24,24,24,24,4,0],"gold":97,"neow_bonus":"THREE_ENEMY_KILL","is_prod":false,"is_daily":false,"chose_seed":false,"campfire_upgraded":3,"win_rate":0,"timestamp":1547697258,"path_taken":["M","?","?","?","M","E","R","E","T","R","E","?","R","M","R","BOSS","M","?","M","?","$","R","E","?"],"build_version":"2019-01-10","purchased_purges":1,"victory":false,"max_hp_per_floor":[70,70,70,70,70,70,70,70,70,70,70,70,70,70,70,70,70,70,70,70,70,70,70,70,70],"card_choices":[{"not_picked":["Heel Hook","Acrobatics"],"picked":"Dash","floor":1},{"not_picked":["Prepared","Flying Knee"],"picked":"Backflip","floor":3},{"not_picked":["Dodge and Roll","Dagger Spray"],"picked":"Noxious Fumes","floor":4},{"not_picked":["Escape Plan","Footwork"],"picked":"After Image","floor":5},{"not_picked":["Prepared","Deflect"],"picked":"Footwork","floor":6},{"not_picked":["Slice","Deadly Poison"],"picked":"Flying Knee","floor":8},{"not_picked":["Underhanded Strike","Tactician"],"picked":"Burst","floor":11},{"not_picked":["Deflect","Caltrops"],"picked":"Backflip","floor":14},{"not_picked":["Tools of the Trade","Venomology"],"picked":"A Thousand Cuts","floor":16},{"not_picked":["Prepared","Infinite Blades"],"picked":"Bane","floor":18},{"not_picked":["Concentrate+1","Deadly Poison+1"],"picked":"Leg Sweep","floor":20},{"not_picked":["Underhanded Strike","Quick Slash"],"picked":"Prepared","floor":24}],"player_experience":461381,"relics_obtained":[{"floor":6,"key":"Ornamental Fan"},{"floor":8,"key":"Boot"},{"floor":9,"key":"Potion Belt"},{"floor":11,"key":"Snake Skull"},{"floor":24,"key":"Bottled Flame"}],"event_choices":[{"damage_healed":0,"gold_gain":100,"player_choice":"Gold","damage_taken":0,"max_hp_gain":0,"max_hp_loss":0,"event_name":"Wheel of Change","floor":2,"gold_loss":0},{"damage_healed":0,"gold_gain":0,"player_choice":"Opened","damage_taken":0,"relics_obtained":["Unceasing Top"],"max_hp_gain":0,"max_hp_loss":0,"event_name":"The Mausoleum","floor":19,"gold_loss":0},{"damage_healed":0,"gold_gain":0,"cards_transformed":["Strike_G"],"player_choice":"Transformed","damage_taken":0,"max_hp_gain":0,"max_hp_loss":0,"event_name":"Transmorgrifier","floor":21,"gold_loss":0,"cards_obtained":["Dagger Throw"]}],"is_beta":false,"boss_relics":[{"not_picked":["Orrery","Coffee Dripper"],"picked":"Lizard Tail"}],"items_purged_floors":[22],"is_endless":false,"potions_floor_spawned":[1,5,11,20],"killed_by":"Snake Plant","ascension_level":11}