{"gold_per_floor":[119,119,133,152,166,166,195,215,215,215,232,247,247,312,312,411,411,429,429,429,441,457,457],"floor_reached":23,"playtime":1821,"items_purged":[],"score":195,"play_id":"0cb2ba3f-26af-41bb-af02-ee41c73a97c8","local_time":"20181123012637","is_ascension_mode":false,"campfire_choices":[{"data":"Backstab","floor":6,"key":"SMITH"},{"floor":10,"key":"REST"},{"floor":15,"key":"REST"}],"neow_cost":"NONE","seed_source_timestamp":100947164439595,"circlet_count":0,"master_deck":["Defend_G","Defend_G","Defend_G","Defend_G","Defend_G","Strike_G","Strike_G","Strike_G","Strike_G","Strike_G","Survivor","Neutralize","Dagger Spray","Blade Dance","Backstab+1","Dodge and Roll","Corpse Explosion","Flechettes+1","Deadly Poison","Dagger Throw+1","All Out Attack+1","Phantasmal Killer","Crippling Poison","Pain","Poisoned Stab+1","Riddle With Holes+1"],"relics":["Philosopher\u0027s Stone","Oddly Smooth Stone","Molten Egg 2","WingedGreaves","Tough Bandages","HoveringKite","WarpedTongs"],"potions_floor_usage":[],"damage_taken":[{"damage":4,"enemies":"Jaw Worm","floor":1,"turns":4},{"damage":0,"enemies":"Small Slimes","floor":3,"turns":2},{"damage":0,"enemies":"Cultist","floor":4,"turns":3},{"damage":11,"enemies":"Large Slime","floor":5,"turns":5},{"damage":26,"enemies":"3 Sentries","floor":7,"turns":9},{"damage":0,"enemies":"Blue Slaver","floor":8,"turns":3},{"damage":6,"enemies":"Exordium Thugs","floor":11,"turns":3},{"damage":5,"enemies":"Large Slime","floor":12,"turns":4},{"damage":6,"enemies":"Lagavulin Event","floor":14,"turns":5},{"damage":25,"enemies":"Hexaghost","floor":16,"turns":9},{"damage":24,"enemies":"Shell Parasite","floor":18,"turns":7},{"damage":3,"enemies":"Chosen","floor":21,"turns":4},{"damage":7,"enemies":"Shelled Parasite and Fungi","floor":22,"turns":7},{"damage":36,"enemies":"Book of Stabbing","floor":23,"turns":5}],"seed_played":"7531354015460033694","potions_obtained":[{"floor":1,"key":"AttackPotion"},{"floor":5,"key":"Block Potion"},{"floor":7,"key":"SpeedPotion"}],"is_trial":false,"path_per_floor":["M","?","M","M","M","R","E","M","T","R","M","M","?","?","R","B",null,"M","?","?","M","M","E"],"character_chosen":"THE_SILENT","items_purchased":[],"campfire_rested":2,"item_purchase_floors":[],"current_hp_per_floor":[66,59,59,59,48,48,22,22,22,43,37,32,32,26,47,22,70,46,46,46,43,36,0],"gold":457,"neow_bonus":"BOSS_RELIC","is_prod":false,"is_daily":false,"chose_seed":false,"campfire_upgraded":1,"win_rate":0.0,"timestamp":1542954397,"path_taken":["M","?","M","M","M","R","E","M","T","R","M","M","?","?","R","BOSS","M","?","?","M","M","E"],"build_version":"2018-11-15","purchased_purges":0,"victory":false,"max_hp_per_floor":[70,70,70,70,70,70,70,70,70,70,70,70,70,70,70,70,70,70,70,70,70,70,70],"card_choices":[{"not_picked":["Prepared","Leg Sweep"],"picked":"Dagger Spray","floor":1},{"not_picked":["Calculated Gamble","Choke"],"picked":"Blade Dance","floor":3},{"not_picked":["Sucker Punch","All Out Attack"],"picked":"Backstab","floor":4},{"not_picked":["Outmaneuver","Slice"],"picked":"Dodge and Roll","floor":5},{"not_picked":["Poisoned Stab","Tactician"],"picked":"Corpse Explosion","floor":7},{"not_picked":["Distraction","Outmaneuver"],"picked":"Flechettes+1","floor":8},{"not_picked":["PiercingWail","Prepared"],"picked":"Deadly Poison","floor":11},{"not_picked":["Flying Knee+1","Blur"],"picked":"Dagger Throw+1","floor":12},{"not_picked":["Masterful Stab+1","Quick Slash+1"],"picked":"All Out Attack+1","floor":14},{"not_picked":["Doppelganger","Wraith Form v2"],"picked":"Phantasmal Killer","floor":16},{"not_picked":["Escape Plan+1","Blade Dance"],"picked":"Crippling Poison","floor":18},{"not_picked":["Slice+1","Expertise"],"picked":"Poisoned Stab+1","floor":21},{"not_picked":["Reflex","Deadly Poison+1"],"picked":"Riddle With Holes+1","floor":22}],"player_experience":22957,"relics_obtained":[{"floor":7,"key":"Molten Egg 2"},{"floor":9,"key":"WingedGreaves"},{"floor":14,"key":"Tough Bandages"}],"event_choices":[{"damage_healed":0,"gold_gain":0,"player_choice":"Success","damage_taken":7,"relics_obtained":["Oddly Smooth Stone"],"max_hp_gain":0,"max_hp_loss":0,"event_name":"Scrap Ooze","floor":2,"gold_loss":0},{"damage_healed":0,"gold_gain":0,"player_choice":"Leave","damage_taken":0,"max_hp_gain":0,"max_hp_loss":0,"event_name":"The Cleric","floor":13,"gold_loss":0},{"damage_healed":0,"gold_gain":0,"player_choice":"Searched \u00272\u0027 times","damage_taken":0,"max_hp_gain":0,"max_hp_loss":0,"event_name":"Dead Adventurer","floor":14,"gold_loss":0},{"damage_healed":0,"gold_gain":0,"player_choice":"Ignored","damage_taken":0,"max_hp_gain":0,"max_hp_loss":0,"event_name":"Vampires","floor":19,"gold_loss":0},{"damage_healed":0,"gold_gain":0,"player_choice":"Rummage","damage_taken":0,"relics_obtained":["WarpedTongs"],"max_hp_gain":0,"max_hp_loss":0,"event_name":"Accursed Blacksmith","floor":20,"gold_loss":0,"cards_obtained":["Pain"]}],"is_beta":false,"boss_relics":[{"not_picked":["Busted Crown","Velvet Choker"],"picked":"HoveringKite"}],"items_purged_floors":[],"is_endless":false,"potions_floor_spawned":[1,5,7,8,12,21,22],"killed_by":"Book of Stabbing","ascension_level":0}