{"gold_per_floor":[13,13,27,45,45,78,78,103,152,206,218,305,351,363,375,508,520,547,187,187,201,201],"floor_reached":22,"playtime":946,"items_purged":["Strike_R"],"score":230,"play_id":"5cb3d84b-e9eb-49c7-bfbb-7e648d57b268","local_time":"20190130201850","is_ascension_mode":true,"campfire_choices":[{"data":"Bash","floor":7,"key":"SMITH"},{"floor":11,"key":"REST"},{"floor":15,"key":"REST"}],"neow_cost":"NO_GOLD","seed_source_timestamp":1733689247862516,"circlet_count":0,"master_deck":["Strike_R","Strike_R","Strike_R","Strike_R","Defend_R","Defend_R","Defend_R","Defend_R","Bash+1","Iron Wave","Inflame","Iron Wave","Evolve","Iron Wave","Armaments","Limit Break","Shockwave","True Grit","Shrug It Off"],"relics":["Burning Blood","WingedGreaves","Golden Idol","Pantograph","MawBank","Blood Vial","Sozu","Matryoshka"],"potions_floor_usage":[16,21],"damage_taken":[{"damage":2,"enemies":"Jaw Worm","floor":1,"turns":3},{"damage":3,"enemies":"2 Louse","floor":3,"turns":3},{"damage":0,"enemies":"Small Slimes","floor":4,"turns":3},{"damage":46,"enemies":"Lagavulin","floor":6,"turns":7},{"damage":7,"enemies":"Exordium Wildlife","floor":8,"turns":4},{"damage":27,"enemies":"Gremlin Nob","floor":13,"turns":4},{"damage":76,"enemies":"Hexaghost","floor":16,"turns":13},{"damage":18,"enemies":"Shell Parasite","floor":18,"turns":6},{"damage":19,"enemies":"Colosseum Slavers","floor":20,"turns":7},{"damage":24,"enemies":"3 Byrds","floor":21,"turns":6},{"damage":58,"enemies":"3 Cultists","floor":22,"turns":7}],"seed_played":"-9046727305926961902","potions_obtained":[{"floor":4,"key":"Regen Potion"},{"floor":8,"key":"FairyPotion"},{"floor":13,"key":"Poison Potion"}],"is_trial":false,"path_per_floor":["M","?","M","M","$","E","R","M","T","T","R","?","E","?","R","B",null,"M","$","?","M","M"],"character_chosen":"IRONCLAD","items_purchased":["Matryoshka","True Grit"],"campfire_rested":2,"item_purchase_floors":[19,19],"current_hp_per_floor":[80,60,63,69,69,29,29,28,28,28,52,41,20,20,44,14,80,68,68,57,55,0],"gold":201,"neow_bonus":"ONE_RARE_RELIC","is_prod":false,"is_daily":false,"chose_seed":false,"campfire_upgraded":1,"win_rate":0,"timestamp":1548847130,"path_taken":["M","?","M","M","$","E","R","M","T","?","R","?","E","?","R","BOSS","M","$","?","M","M"],"build_version":"2019-01-23","purchased_purges":1,"victory":false,"max_hp_per_floor":[80,80,80,80,80,80,80,80,80,80,80,80,80,80,80,80,80,80,80,80,80,80],"card_choices":[{"not_picked":["Pommel Strike","Armaments"],"picked":"Iron Wave","floor":1},{"not_picked":["Fire Breathing","True Grit"],"picked":"Inflame","floor":3},{"not_picked":["Flex","Blood for Blood"],"picked":"Iron Wave","floor":4},{"not_picked":["Power Through","Clash"],"picked":"Evolve","floor":6},{"not_picked":["Warcry","Sentinel"],"picked":"Iron Wave","floor":8},{"not_picked":["Hemokinesis","Seeing Red"],"picked":"Armaments","floor":13},{"not_picked":["Exhume","Offering"],"picked":"Limit Break","floor":16},{"not_picked":["Power Through+1","Rupture"],"picked":"Shockwave","floor":18},{"not_picked":["Flame Barrier","Disarm"],"picked":"Shrug It Off","floor":21}],"player_experience":742775,"relics_obtained":[{"floor":6,"key":"Pantograph"},{"floor":10,"key":"MawBank"},{"floor":13,"key":"Blood Vial"}],"event_choices":[{"damage_healed":0,"gold_gain":0,"player_choice":"Take Damage","damage_taken":20,"relics_obtained":["Golden Idol"],"max_hp_gain":0,"max_hp_loss":0,"event_name":"Golden Idol","floor":2,"gold_loss":0},{"damage_healed":0,"gold_gain":75,"player_choice":"Gather Gold","damage_taken":11,"max_hp_gain":0,"max_hp_loss":0,"event_name":"World of Goop","floor":12,"gold_loss":0},{"damage_healed":0,"gold_gain":0,"player_choice":"Searched \u00270\u0027 times","damage_taken":0,"max_hp_gain":0,"max_hp_loss":0,"event_name":"Dead Adventurer","floor":14,"gold_loss":0},{"damage_healed":0,"gold_gain":0,"player_choice":"Fight","damage_taken":0,"max_hp_gain":0,"max_hp_loss":0,"event_name":"Colosseum","floor":20,"gold_loss":0},{"damage_healed":0,"gold_gain":0,"player_choice":"Fled From Nobs","damage_taken":0,"max_hp_gain":0,"max_hp_loss":0,"event_name":"Colosseum","floor":20,"gold_loss":0}],"is_beta":false,"boss_relics":[{"not_picked":["Empty Cage","Velvet Choker"],"picked":"Sozu"}],"items_purged_floors":[19],"is_endless":false,"potions_floor_spawned":[4,8,13,18,20],"killed_by":"3 Cultists","ascension_level":4}