{"gold_per_floor":[116,116,134,13,31,31,43,71,71,71,101,101,119,130,130,235,285,300,81,81,181,28,28,40,71,124,152,152],"floor_reached":28,"playtime":1219,"items_purged":["Writhe"],"score":279,"play_id":"7cfdf1e5-a39d-4998-a76e-ebd79efae5c7","local_time":"20190114202028","is_ascension_mode":true,"campfire_choices":[{"data":"Go for the Eyes","floor":6,"key":"SMITH"},{"data":"Electrodynamics","floor":10,"key":"SMITH"},{"data":"Zap","floor":12,"key":"SMITH"},{"data":"Dualcast","floor":15,"key":"SMITH"},{"data":"Capacitor","floor":23,"key":"SMITH"}],"neow_cost":"CURSE","seed_source_timestamp":221256845343057,"circlet_count":0,"master_deck":["Strike_B","Strike_B","Strike_B+1","Strike_B","Defend_B","Defend_B","Defend_B","Defend_B","Zap+1","Dualcast+1","Electrodynamics+1","Glacier","Go for the Eyes+1","Glacier","Capacitor+1","Ball Lightning+1","Echo Form"],"relics":["Cracked Core","CultistMask","Question Card","Symbiotic Virus","Mercury Hourglass","Tiny House","Oddly Smooth Stone","WingedGreaves","Molten Egg 2","Bag of Preparation","Ice Cream","Potion Belt","Bottled Tornado"],"potions_floor_usage":[16,21,21,21,21,21,25,27],"damage_taken":[{"damage":1,"enemies":"Cultist","floor":1,"turns":3},{"damage":1,"enemies":"Jaw Worm","floor":3,"turns":3},{"damage":5,"enemies":"2 Louse","floor":5,"turns":2},{"damage":9,"enemies":"Blue Slaver","floor":7,"turns":3},{"damage":6,"enemies":"3 Sentries","floor":8,"turns":4},{"damage":3,"enemies":"Lagavulin","floor":11,"turns":7},{"damage":0,"enemies":"Red Slaver","floor":13,"turns":4},{"damage":0,"enemies":"Exordium Wildlife","floor":14,"turns":3},{"damage":14,"enemies":"The Guardian","floor":16,"turns":10},{"damage":4,"enemies":"2 Thieves","floor":18,"turns":4},{"damage":8,"enemies":"Colosseum Slavers","floor":21,"turns":3},{"damage":24,"enemies":"Colosseum Nobs","floor":21,"turns":4},{"damage":0,"enemies":"Shell Parasite","floor":24,"turns":5},{"damage":4,"enemies":"Book of Stabbing","floor":25,"turns":5},{"damage":14,"enemies":"Slavers","floor":27,"turns":2},{"damage":36,"enemies":"Gremlin Leader","floor":28,"turns":4}],"seed_played":"5221128963615443633","potions_obtained":[{"floor":5,"key":"SneckoOil"},{"floor":8,"key":"Weak Potion"},{"floor":14,"key":"Poison Potion"},{"floor":16,"key":"SteroidPotion"},{"floor":17,"key":"EntropicBrew"},{"floor":24,"key":"Explosive Potion"}],"is_trial":false,"path_per_floor":["M","?","M","$","M","R","M","E","T","R","E","R","M","M","R","B",null,"M","$","?","?","$","R","M","E","T","E","E"],"character_chosen":"DEFECT","items_purchased":["Go for the Eyes","Capacitor","Oddly Smooth Stone","Bag of Preparation"],"campfire_rested":0,"item_purchase_floors":[4,19,19,22],"current_hp_per_floor":[74,74,73,73,68,68,59,53,53,53,50,50,50,50,50,36,80,76,76,76,44,44,44,44,40,40,26,0],"gold":152,"neow_bonus":"THREE_RARE_CARDS","is_prod":false,"is_daily":false,"chose_seed":false,"campfire_upgraded":5,"win_rate":0,"timestamp":1547457628,"path_taken":["M","?","M","$","M","R","M","E","T","R","E","R","M","M","R","BOSS","M","$","?","?","?","R","M","E","T","E","E"],"build_version":"2018-11-15","purchased_purges":1,"victory":false,"max_hp_per_floor":[75,75,75,75,75,75,75,75,75,75,75,75,75,75,75,75,80,80,80,80,80,80,80,80,80,80,80,80],"card_choices":[{"not_picked":["Hyperbeam","Multi-Cast"],"picked":"Electrodynamics","floor":0},{"not_picked":["Turbo","Streamline","Beam Cell"],"picked":"SKIP","floor":1},{"not_picked":["Conserve Battery","Chaos"],"picked":"Glacier","floor":3},{"not_picked":["Skim","Lockon","Aggregate"],"picked":"SKIP","floor":5},{"not_picked":["Hello World","All For One"],"picked":"Glacier","floor":7},{"not_picked":["Skim","Rip and Tear","Heatsinks"],"picked":"SKIP","floor":8},{"not_picked":["Sweeping Beam","Self Repair","Recycle","Go for the Eyes"],"picked":"SKIP","floor":11},{"not_picked":["Ball Lightning","Conserve Battery","Storm","Beam Cell"],"picked":"SKIP","floor":13},{"not_picked":["Barrage","Rebound","Steam Power","Coolheaded"],"picked":"SKIP","floor":14},{"not_picked":["Leap","Storm","Turbo","Stack"],"picked":"SKIP","floor":18},{"not_picked":["Streamline+1","Conserve Battery","Hologram"],"picked":"Ball Lightning+1","floor":24},{"not_picked":["Beam Cell+1","Meteor Strike+1","Redo+1","Melter+1"],"picked":"SKIP","floor":25},{"not_picked":["Leap+1","Steam Power","Steam"],"picked":"Echo Form","floor":27}],"player_experience":1081303,"relics_obtained":[{"floor":8,"key":"Question Card"},{"floor":9,"key":"Symbiotic Virus"},{"floor":11,"key":"Mercury Hourglass"},{"floor":21,"key":"WingedGreaves"},{"floor":21,"key":"Molten Egg 2"},{"floor":25,"key":"Ice Cream"},{"floor":26,"key":"Potion Belt"},{"floor":27,"key":"Bottled Tornado"}],"event_choices":[{"damage_healed":0,"gold_gain":0,"player_choice":"Trade","damage_taken":0,"relics_obtained":["CultistMask"],"max_hp_gain":0,"max_hp_loss":0,"event_name":"FaceTrader","floor":2,"gold_loss":0},{"damage_healed":0,"gold_gain":0,"player_choice":"Fight","damage_taken":0,"max_hp_gain":0,"max_hp_loss":0,"event_name":"Colosseum","floor":21,"gold_loss":0},{"damage_healed":0,"gold_gain":0,"player_choice":"Fought Nobs","damage_taken":0,"max_hp_gain":0,"max_hp_loss":0,"event_name":"Colosseum","floor":21,"gold_loss":0}],"is_beta":true,"boss_relics":[{"not_picked":["Orrery","Runic Dome"],"picked":"Tiny House"}],"items_purged_floors":[4],"is_endless":false,"potions_floor_spawned":[5,8,14,16,21,24],"killed_by":"Gremlin Leader","ascension_level":1}