{"gold_per_floor":[116,116,116,129,142,142,175,175,175,194,194,206,240,253,253,348,348,303,6,6,6,6,6,6,6,6,6,6,6,6,6,6,6,6,6,6,6,6,6,6,6,6,6,6,6,6,6,6,6,6,6,6,6,6,6],"floor_reached":55,"playtime":3470,"items_purged":[],"score":750,"play_id":"57ff44b8-1acb-4027-a784-969d24320718","local_time":"20190124194019","is_ascension_mode":false,"campfire_choices":[{"data":"Feed","floor":6,"key":"SMITH"},{"data":"Bash","floor":8,"key":"SMITH"},{"floor":11,"key":"REST"},{"data":"Body Slam","floor":15,"key":"SMITH"},{"data":"RitualDagger","floor":24,"key":"SMITH"},{"data":"Demon Form","floor":29,"key":"SMITH"},{"data":"Limit Break","floor":32,"key":"SMITH"},{"floor":40,"key":"RECALL"},{"floor":49,"key":"REST"},{"data":"Offering","floor":52,"key":"SMITH"}],"neow_cost":"NONE","seed_source_timestamp":1210443543337170,"circlet_count":0,"master_deck":["Strike_R","Defend_R","Defend_R","Defend_R","Defend_R","Bash+1","Feed+1","Anger","Headbutt","Battle Trance","Offering+1","Shrug It Off","Body Slam+1","Evolve","Demon Form+1","Warcry+1","Writhe","RitualDagger+1","Shrug It Off","Fire Breathing+1","Shrug It Off+1","Limit Break+1","Double Tap","Seeing Red+1","Discovery","Panacea","Enlightenment","Fire Breathing+1","Limit Break+1","Fire Breathing+1","Havoc+1"],"relics":["Burning Blood","Darkstone Periapt","Matryoshka","Boot","Ectoplasm","Art of War","Happy Flower","Blood Vial","Meat on the Bone","Frozen Egg 2","Du-Vu Doll","Empty Cage","Ancient Tea Set","Bag of Marbles","Red Skull"],"potions_floor_usage":[13,23,27,28,33,37,50,50,50],"damage_taken":[{"damage":2,"enemies":"2 Louse","floor":1,"turns":3},{"damage":1,"enemies":"Jaw Worm","floor":4,"turns":3},{"damage":1,"enemies":"Cultist","floor":5,"turns":3},{"damage":57,"enemies":"Lagavulin","floor":7,"turns":8},{"damage":20,"enemies":"Exordium Thugs","floor":10,"turns":4},{"damage":6,"enemies":"Looter","floor":12,"turns":2},{"damage":27,"enemies":"3 Sentries","floor":13,"turns":8},{"damage":2,"enemies":"Blue Slaver","floor":14,"turns":4},{"damage":47,"enemies":"Hexaghost","floor":16,"turns":8},{"damage":13,"enemies":"2 Thieves","floor":18,"turns":4},{"damage":32,"enemies":"Slavers","floor":23,"turns":5},{"damage":32,"enemies":"Spheric Guardian","floor":25,"turns":7},{"damage":24,"enemies":"Gremlin Leader","floor":27,"turns":7},{"damage":13,"enemies":"Snake Plant","floor":28,"turns":2},{"damage":9,"enemies":"Cultist and Chosen","floor":30,"turns":5},{"damage":19,"enemies":"Champ","floor":33,"turns":8},{"damage":36,"enemies":"3 Darklings","floor":35,"turns":8},{"damage":6,"enemies":"3 Shapes","floor":36,"turns":7},{"damage":7,"enemies":"Transient","floor":37,"turns":5},{"damage":42,"enemies":"4 Shapes","floor":39,"turns":7},{"damage":7,"enemies":"Jaw Worm Horde","floor":41,"turns":3},{"damage":16,"enemies":"Spire Growth","floor":42,"turns":3},{"damage":49,"enemies":"Sphere and 2 Shapes","floor":44,"turns":7},{"damage":31,"enemies":"3 Darklings","floor":46,"turns":6},{"damage":47,"enemies":"4 Shapes","floor":47,"turns":8},{"damage":20,"enemies":"Jaw Worm Horde","floor":48,"turns":3},{"damage":32,"enemies":"Donu and Deca","floor":50,"turns":5},{"damage":106,"enemies":"Shield and Spear","floor":54,"turns":5},{"damage":97,"enemies":"The Heart","floor":55,"turns":3}],"seed_played":"-7459085665834998396","potions_obtained":[{"floor":4,"key":"SpeedPotion"},{"floor":10,"key":"AttackPotion"},{"floor":14,"key":"Dexterity Potion"},{"floor":16,"key":"Fire Potion"},{"floor":18,"key":"PowerPotion"},{"floor":23,"key":"SkillPotion"},{"floor":31,"key":"GamblersBrew"},{"floor":31,"key":"Strength Potion"},{"floor":33,"key":"BloodPotion"},{"floor":36,"key":"Swift Potion"},{"floor":41,"key":"Ancient Potion"},{"floor":44,"key":"Dexterity Potion"},{"floor":54,"key":"EntropicBrew"}],"is_trial":false,"path_per_floor":["M","?","?","M","M","R","E","R","T","M","R","M","E","M","R","B",null,"M","$","?","?","?","E","R","M","T","E","M","R","M","?","R","B",null,"M","M","M","?","M","R","M","M","T","M","?","M","M","M","R","B",null,"R","$","E","B"],"character_chosen":"IRONCLAD","items_purchased":["Art of War","Happy Flower"],"campfire_rested":2,"item_purchase_floors":[19,19],"current_hp_per_floor":[83,76,76,84,89,89,42,42,42,32,61,65,48,56,56,19,113,110,110,116,110,110,90,90,78,78,74,81,81,84,84,84,77,135,105,111,112,102,84,84,85,89,89,60,60,49,22,26,70,58,147,147,147,59,0],"gold":6,"neow_bonus":"ONE_RANDOM_RARE_CARD","is_prod":false,"is_daily":false,"chose_seed":false,"campfire_upgraded":7,"win_rate":0,"timestamp":1548326419,"path_taken":["M","?","?","M","M","R","E","R","T","?","R","M","E","M","R","BOSS","M","$","?","?","?","E","R","M","T","E","M","R","?","?","R","BOSS","M","?","M","?","M","R","M","M","T","M","?","M","M","?","R","BOSS","R","$","E","BOSS"],"build_version":"2019-01-23","purchased_purges":0,"victory":false,"max_hp_per_floor":[83,83,83,86,89,89,93,93,93,97,97,101,105,109,109,113,113,117,117,123,123,123,127,127,127,127,127,127,127,131,131,131,135,135,135,139,139,139,143,143,143,143,143,143,143,143,143,147,147,147,147,147,147,147,147],"card_choices":[{"not_picked":["Thunderclap","Clothesline"],"picked":"Anger","floor":1},{"not_picked":["Power Through","Clash"],"picked":"Battle Trance","floor":4},{"not_picked":["Pummel","Bloodletting","Thunderclap"],"picked":"SKIP","floor":5},{"not_picked":["Entrench","True Grit"],"picked":"Offering","floor":7},{"not_picked":["Hemokinesis","Entrench"],"picked":"Shrug It Off","floor":10},{"not_picked":["Cleave","Anger","Thunderclap"],"picked":"SKIP","floor":12},{"not_picked":["True Grit","Dual Wield"],"picked":"Body Slam","floor":13},{"not_picked":["Pommel Strike","Sentinel"],"picked":"Evolve","floor":14},{"not_picked":["Impervious","Fiend Fire"],"picked":"Demon Form","floor":16},{"not_picked":["Wild Strike","Flex+1"],"picked":"Warcry+1","floor":18},{"not_picked":["Headbutt","Flex"],"picked":"Shrug It Off","floor":23},{"not_picked":["Carnage","Anger"],"picked":"Fire Breathing+1","floor":25},{"not_picked":["Wild Strike+1","Dual Wield"],"picked":"Shrug It Off+1","floor":27},{"not_picked":["Flex","Twin Strike+1","Havoc"],"picked":"SKIP","floor":28},{"not_picked":["Clash","Anger"],"picked":"Limit Break","floor":30},{"not_picked":["Brutality+1","Bludgeon"],"picked":"Double Tap","floor":33},{"not_picked":["Twin Strike+1","Headbutt","Iron Wave"],"picked":"SKIP","floor":35},{"not_picked":["Twin Strike+1","Sentinel","Warcry+1"],"picked":"SKIP","floor":36},{"not_picked":["Perfected Strike+1","Headbutt+1"],"picked":"Seeing Red+1","floor":37},{"not_picked":["Trip","Forethought"],"picked":"Discovery","floor":38},{"not_picked":["Swift Strike","Jack Of All Trades"],"picked":"Panacea","floor":38},{"not_picked":["Deep Breath","Panache+1"],"picked":"Enlightenment","floor":38},{"not_picked":["Searing Blow+1","Sword Boomerang+1"],"picked":"Fire Breathing+1","floor":39},{"not_picked":["Anger+1","Twin Strike","True Grit"],"picked":"SKIP","floor":41},{"not_picked":["Havoc","Pommel Strike+1","Uppercut"],"picked":"SKIP","floor":42},{"not_picked":["Sever Soul+1","Cleave+1","Clash"],"picked":"SKIP","floor":44},{"not_picked":["Twin Strike","Dual Wield+1","Shrug It Off"],"picked":"SKIP","floor":46},{"not_picked":["Clash","Warcry","Dropkick+1"],"picked":"SKIP","floor":47},{"not_picked":["Immolate","Dual Wield+1"],"picked":"Fire Breathing+1","floor":48},{"not_picked":["Twin Strike+1","Body Slam"],"picked":"Havoc+1","floor":54}],"player_experience":664883,"relics_obtained":[{"floor":7,"key":"Darkstone Periapt"},{"floor":9,"key":"Matryoshka"},{"floor":13,"key":"Boot"},{"floor":23,"key":"Meat on the Bone"},{"floor":26,"key":"Frozen Egg 2"},{"floor":27,"key":"Du-Vu Doll"},{"floor":43,"key":"Ancient Tea Set"},{"floor":43,"key":"Bag of Marbles"},{"floor":54,"key":"Red Skull"}],"event_choices":[{"cards_removed":["Strike_R"],"damage_healed":0,"gold_gain":0,"player_choice":"Card Removal","damage_taken":7,"max_hp_gain":0,"max_hp_loss":0,"event_name":"Golden Wing","floor":2,"gold_loss":0},{"damage_healed":0,"gold_gain":0,"cards_transformed":["Strike_R"],"player_choice":"Transformed","damage_taken":0,"max_hp_gain":0,"max_hp_loss":0,"event_name":"Transmorgrifier","floor":3,"gold_loss":0,"cards_obtained":["Headbutt"]},{"damage_healed":0,"gold_gain":0,"player_choice":"Opened","damage_taken":0,"relics_obtained":["Blood Vial"],"max_hp_gain":0,"max_hp_loss":0,"event_name":"The Mausoleum","floor":20,"gold_loss":0,"cards_obtained":["Writhe"]},{"damage_healed":0,"gold_gain":0,"player_choice":"Joined the Cult","damage_taken":6,"max_hp_gain":0,"max_hp_loss":0,"event_name":"Nest","floor":21,"gold_loss":0,"cards_obtained":["RitualDagger"]},{"damage_healed":0,"gold_gain":0,"player_choice":"Ignored","damage_taken":0,"max_hp_gain":0,"max_hp_loss":0,"event_name":"Beggar","floor":22,"gold_loss":0},{"damage_healed":0,"gold_gain":0,"player_choice":"Got Potions","damage_taken":0,"max_hp_gain":0,"max_hp_loss":0,"event_name":"Lab","floor":31,"gold_loss":0},{"damage_healed":0,"gold_gain":0,"player_choice":"Memory 3","damage_taken":10,"max_hp_gain":0,"max_hp_loss":0,"event_name":"SensoryStone","floor":38,"gold_loss":0},{"damage_healed":0,"gold_gain":0,"player_choice":"Copied","damage_taken":0,"max_hp_gain":0,"max_hp_loss":0,"event_name":"Duplicator","floor":45,"gold_loss":0,"cards_obtained":["Limit Break"]}],"is_beta":false,"boss_relics":[{"not_picked":["Runic Cube","Velvet Choker"],"picked":"Ectoplasm"},{"not_picked":["Sozu","Coffee Dripper"],"picked":"Empty Cage"}],"items_purged_floors":[],"is_endless":false,"potions_floor_spawned":[4,10,14,16,18,23,25,33,35,36,41,44,46,54],"killed_by":"The Heart","ascension_level":0}