{"gold_per_floor":[116,126,201,48,48,83,83,98,166,51,80,80,91,102,102,102],"floor_reached":16,"playtime":623,"items_purged":[],"score":132,"play_id":"106350f9-24e8-4a4d-97ce-429bdebf7d16","local_time":"20190204195737","is_ascension_mode":true,"campfire_choices":[{"data":"Bash","floor":7,"key":"SMITH"},{"floor":12,"key":"REST"},{"floor":15,"key":"REST"}],"neow_cost":"NONE","seed_source_timestamp":2092447735554939,"circlet_count":0,"master_deck":["Strike_R","Strike_R","Strike_R","Strike_R","Strike_R","Defend_R","Defend_R","Defend_R","Defend_R","Bash+1","Shrug It Off","Dropkick","Seeing Red","Twin Strike","Demon Form","Cleave"],"relics":["Burning Blood","Bronze Scales","Boot","The Courier","Potion Belt"],"potions_floor_usage":[],"damage_taken":[{"damage":7,"enemies":"2 Louse","floor":1,"turns":2},{"damage":2,"enemies":"Jaw Worm","floor":2,"turns":5},{"damage":32,"enemies":"Lagavulin","floor":6,"turns":6},{"damage":3,"enemies":"Cultist","floor":8,"turns":4},{"damage":40,"enemies":"Gremlin Nob","floor":11,"turns":4},{"damage":8,"enemies":"Blue Slaver","floor":13,"turns":4},{"damage":18,"enemies":"Large Slime","floor":14,"turns":3},{"damage":56,"enemies":"The Guardian","floor":16,"turns":5}],"seed_played":"7206299436894556910","potions_obtained":[{"floor":1,"key":"Ancient Potion"},{"floor":11,"key":"Poison Potion"},{"floor":13,"key":"Ancient Potion"}],"is_trial":false,"path_per_floor":["M","M","?","$","?","E","R","M","T","$","E","R","M","M","R","B"],"character_chosen":"IRONCLAD","items_purchased":["Bronze Scales","Demon Form"],"campfire_rested":2,"item_purchase_floors":[4,10],"current_hp_per_floor":[87,88,77,77,69,43,43,46,46,46,12,38,36,24,50,0],"gold":102,"neow_bonus":"TEN_PERCENT_HP_BONUS","is_prod":false,"is_daily":false,"chose_seed":false,"campfire_upgraded":1,"win_rate":0,"timestamp":1549270657,"path_taken":["M","M","?","$","?","E","R","M","T","$","E","R","M","M","R","BOSS"],"build_version":"2019-01-23","purchased_purges":0,"victory":false,"max_hp_per_floor":[88,88,88,88,88,88,88,88,88,88,88,88,88,88,88,88],"card_choices":[{"not_picked":["Metallicize","Thunderclap"],"picked":"Shrug It Off","floor":1},{"not_picked":["Body Slam","Sword Boomerang"],"picked":"Dropkick","floor":2},{"not_picked":["Iron Wave","Rage"],"picked":"Seeing Red","floor":6},{"not_picked":["Flex","Wild Strike"],"picked":"Twin Strike","floor":8},{"not_picked":["Bloodletting","Rage","Twin Strike"],"picked":"SKIP","floor":11},{"not_picked":["Warcry","Iron Wave"],"picked":"Cleave","floor":13},{"not_picked":["Dual Wield","Perfected Strike","Second Wind"],"picked":"SKIP","floor":14}],"player_experience":248177,"relics_obtained":[{"floor":6,"key":"Boot"},{"floor":9,"key":"The Courier"},{"floor":11,"key":"Potion Belt"}],"event_choices":[{"damage_healed":0,"gold_gain":75,"player_choice":"Gather Gold","damage_taken":11,"max_hp_gain":0,"max_hp_loss":0,"event_name":"World of Goop","floor":3,"gold_loss":0},{"damage_healed":0,"gold_gain":0,"player_choice":"Damaged","damage_taken":8,"max_hp_gain":0,"max_hp_loss":0,"event_name":"Wheel of Change","floor":5,"gold_loss":0}],"is_beta":false,"boss_relics":[],"items_purged_floors":[],"is_endless":false,"potions_floor_spawned":[1,11,13],"killed_by":"The Guardian","ascension_level":4}