{"gold_per_floor":[116,36,36,54,67,67,97,97,97,115,115],"floor_reached":11,"playtime":371,"items_purged":[],"score":139,"play_id":"59ab136f-f8dd-4ba0-8e94-d7507594bf8f","local_time":"20181214125729","is_ascension_mode":true,"campfire_choices":[{"data":"Predator","floor":6,"key":"SMITH"},{"data":"Poisoned Stab","floor":8,"key":"SMITH"}],"neow_cost":"NONE","seed_source_timestamp":197130606135367,"circlet_count":0,"master_deck":["AscendersBane","Defend_G","Defend_G","Defend_G","Defend_G","Defend_G","Strike_G","Strike_G","Strike_G","Strike_G","Strike_G","Survivor","Neutralize","Poisoned Stab+1","Footwork","Predator+1","Dagger Throw","Dodge and Roll"],"relics":["Ring of the Snake","NeowsBlessing","The Courier","Bottled Lightning","Letter Opener"],"potions_floor_usage":[],"damage_taken":[{"damage":0,"enemies":"Cultist","floor":1,"turns":1},{"damage":0,"enemies":"Jaw Worm","floor":4,"turns":1},{"damage":0,"enemies":"Small Slimes","floor":5,"turns":1},{"damage":33,"enemies":"Lagavulin","floor":7,"turns":7},{"damage":10,"enemies":"Exordium Thugs","floor":10,"turns":4},{"damage":19,"enemies":"Gremlin Gang","floor":11,"turns":2}],"seed_played":"2276751752907215469","potions_obtained":[{"floor":5,"key":"GamblersBrew"}],"is_trial":false,"path_per_floor":["M","$","?","M","M","R","E","R","T","M","M"],"character_chosen":"THE_SILENT","items_purchased":["Footwork"],"campfire_rested":0,"item_purchase_floors":[2],"current_hp_per_floor":[59,59,59,59,59,59,26,26,26,16,0],"gold":115,"neow_bonus":"THREE_ENEMY_KILL","is_prod":false,"is_daily":false,"chose_seed":false,"campfire_upgraded":2,"win_rate":0,"timestamp":1544821049,"path_taken":["M","?","?","M","?","R","E","R","T","M","M"],"build_version":"2018-12-13","purchased_purges":0,"victory":false,"max_hp_per_floor":[66,66,66,66,66,66,66,66,66,66,66],"card_choices":[{"not_picked":["Choke","Outmaneuver"],"picked":"Poisoned Stab","floor":1},{"not_picked":["Deflect","Caltrops"],"picked":"Predator","floor":4},{"not_picked":["Deflect","Eviscerate"],"picked":"Dagger Throw","floor":5},{"not_picked":["Flechettes","Sucker Punch","Masterful Stab"],"picked":"SKIP","floor":7},{"not_picked":["Cloak And Dagger","Endless Agony"],"picked":"Dodge and Roll","floor":10}],"player_experience":1565603,"relics_obtained":[{"floor":3,"key":"The Courier"},{"floor":7,"key":"Bottled Lightning"},{"floor":9,"key":"Letter Opener"}],"event_choices":[{"damage_healed":0,"gold_gain":0,"player_choice":"Relic","damage_taken":0,"max_hp_gain":0,"max_hp_loss":0,"event_name":"Wheel of Change","floor":3,"gold_loss":0}],"is_beta":false,"boss_relics":[],"items_purged_floors":[],"is_endless":false,"potions_floor_spawned":[5],"killed_by":"Gremlin Gang","ascension_level":18}