{"gold_per_floor":[116,191,42,59,79,79,111,131,131,131,60,60,60,60,60,161,161,173,189,36,36,36,36,63,63,90,90,116,132,57,84,96,108],"floor_reached":33,"playtime":1361,"items_purged":["Parasite"],"score":432,"play_id":"6dd7e9cb-e27c-4bb4-8c7b-13cd2ed89eac","local_time":"20190126105815","is_ascension_mode":true,"campfire_choices":[{"data":"Noxious Fumes","floor":6,"key":"SMITH"},{"floor":13,"key":"REST"},{"data":"Dodge and Roll","floor":15,"key":"SMITH"},{"data":"Venomology","floor":23,"key":"SMITH"},{"data":"Catalyst","floor":25,"key":"SMITH"},{"data":"Poisoned Stab","floor":27,"key":"SMITH"},{"data":"Distraction","floor":32,"key":"SMITH"}],"neow_cost":"NONE","seed_source_timestamp":1097297676806559,"circlet_count":0,"master_deck":["AscendersBane","Defend_G+1","Defend_G","Defend_G","Defend_G","Defend_G+1","Strike_G","Strike_G","Strike_G","Strike_G+1","Survivor","Neutralize+1","Noxious Fumes+1","Well Laid Plans","Dagger Spray","Flying Knee","Dodge and Roll+1","Blur","Venomology+1","Catalyst+1","Poisoned Stab+1","Backflip","Terror+1","Distraction+1","Bane"],"relics":["Ring of the Snake","NeowsBlessing","Lantern","Anchor","Whetstone","Meat on the Bone","Cursed Key","Bronze Scales","Juzu Bracelet","Red Mask","Orichalcum","Gremlin Horn","MawBank"],"potions_floor_usage":[8,19,24,29,29,31,31,31,31,31,33,33,33],"damage_taken":[{"damage":0,"enemies":"Jaw Worm","floor":1,"turns":1},{"damage":0,"enemies":"Cultist","floor":4,"turns":1},{"damage":0,"enemies":"Small Slimes","floor":5,"turns":1},{"damage":30,"enemies":"Gremlin Nob","floor":7,"turns":5},{"damage":0,"enemies":"2 Fungi Beasts","floor":8,"turns":4},{"damage":21,"enemies":"Hexaghost","floor":16,"turns":12},{"damage":13,"enemies":"Spheric Guardian","floor":18,"turns":7},{"damage":1,"enemies":"Shell Parasite","floor":19,"turns":7},{"damage":0,"enemies":"Masked Bandits","floor":24,"turns":2},{"damage":9,"enemies":"Slavers","floor":28,"turns":6},{"damage":0,"enemies":"Shelled Parasite and Fungi","floor":29,"turns":3},{"damage":20,"enemies":"Book of Stabbing","floor":31,"turns":5},{"damage":47,"enemies":"Collector","floor":33,"turns":5}],"seed_played":"1738532478186792074","potions_obtained":[{"floor":1,"key":"SkillPotion"},{"floor":8,"key":"Fruit Juice"},{"floor":24,"key":"FearPotion"},{"floor":29,"key":"EntropicBrew"}],"is_trial":false,"path_per_floor":["M","?","$","M","M","R","E","M","T","?","$","?","R","?","R","B",null,"M","M","$","?","?","R","?","R","T","R","E","M","$","E","R","B"],"character_chosen":"THE_SILENT","items_purchased":["Lantern","Blur","Bronze Scales"],"campfire_rested":1,"item_purchase_floors":[3,11,20],"current_hp_per_floor":[63,56,56,56,56,56,26,31,31,16,16,9,31,31,31,22,62,49,48,48,48,48,48,48,48,48,48,39,39,39,31,31,0],"gold":108,"neow_bonus":"THREE_ENEMY_KILL","is_prod":false,"is_daily":false,"chose_seed":false,"campfire_upgraded":6,"win_rate":0,"timestamp":1548521895,"path_taken":["M","?","$","?","M","R","E","M","T","?","$","?","R","?","R","BOSS","M","M","?","?","?","R","?","R","T","R","E","M","$","E","R","BOSS"],"build_version":"2019-01-23","purchased_purges":1,"victory":false,"max_hp_per_floor":[70,70,70,70,70,70,70,75,75,75,75,75,75,75,75,75,75,75,75,75,75,75,75,75,75,75,75,75,75,72,72,72,72],"card_choices":[{"not_picked":["Dodge and Roll","Dagger Throw"],"picked":"Noxious Fumes","floor":1},{"not_picked":["Deadly Poison","Dodge and Roll"],"picked":"Well Laid Plans","floor":4},{"not_picked":["PiercingWail","Escape Plan"],"picked":"Dagger Spray","floor":5},{"not_picked":["Outmaneuver","Slice"],"picked":"Flying Knee","floor":7},{"not_picked":["Terror","Deadly Poison"],"picked":"Dodge and Roll","floor":8},{"not_picked":["Storm of Steel","Adrenaline"],"picked":"Venomology","floor":16},{"not_picked":["Sucker Punch+1","Poisoned Stab"],"picked":"Catalyst","floor":18},{"not_picked":["Masterful Stab","Dagger Throw"],"picked":"Poisoned Stab","floor":19},{"not_picked":["Dagger Throw","Slice"],"picked":"Backflip","floor":24},{"not_picked":["Heel Hook+1","Acrobatics"],"picked":"Terror+1","floor":28},{"not_picked":["Cloak And Dagger","Dagger Spray"],"picked":"Distraction","floor":29},{"not_picked":["Distraction","Wraith Form v2"],"picked":"Bane","floor":31}],"player_experience":471220,"relics_obtained":[{"floor":7,"key":"Anchor"},{"floor":9,"key":"Whetstone"},{"floor":24,"key":"Red Mask"},{"floor":26,"key":"Orichalcum"},{"floor":28,"key":"Gremlin Horn"},{"floor":31,"key":"MawBank"}],"event_choices":[{"damage_healed":0,"gold_gain":75,"player_choice":"Touch","damage_taken":7,"max_hp_gain":0,"max_hp_loss":0,"event_name":"FaceTrader","floor":2,"gold_loss":0},{"damage_healed":0,"gold_gain":0,"player_choice":"Entered Light","damage_taken":15,"max_hp_gain":0,"max_hp_loss":0,"event_name":"Shining Light","floor":10,"gold_loss":0,"cards_upgraded":["Defend_G","Defend_G"]},{"cards_removed":["Strike_G"],"damage_healed":0,"gold_gain":0,"player_choice":"Card Removal","damage_taken":7,"max_hp_gain":0,"max_hp_loss":0,"event_name":"Golden Wing","floor":12,"gold_loss":0},{"damage_healed":0,"gold_gain":0,"player_choice":"Gave Potion","damage_taken":0,"relics_obtained":["Meat on the Bone"],"max_hp_gain":0,"max_hp_loss":0,"event_name":"WeMeetAgain","floor":14,"gold_loss":0},{"damage_healed":0,"gold_gain":0,"player_choice":"Opened","damage_taken":0,"relics_obtained":["Juzu Bracelet"],"max_hp_gain":0,"max_hp_loss":0,"event_name":"The Mausoleum","floor":21,"gold_loss":0},{"damage_healed":0,"gold_gain":0,"player_choice":"Ignored","damage_taken":0,"max_hp_gain":0,"max_hp_loss":0,"event_name":"Beggar","floor":22,"gold_loss":0},{"damage_healed":0,"gold_gain":0,"player_choice":"Fought Bandits","damage_taken":0,"max_hp_gain":0,"max_hp_loss":0,"event_name":"Masked Bandits","floor":24,"gold_loss":0}],"is_beta":false,"boss_relics":[{"not_picked":["Black Star","Astrolabe"],"picked":"Cursed Key"}],"items_purged_floors":[30],"is_endless":false,"potions_floor_spawned":[1,8,24,29],"killed_by":"Collector","ascension_level":11}