{"gold_per_floor":[116,116,116,41,116,116,151,167,249,249,284,284,316,328,328,427,427,443,460,460,385,193,193,218,218,267,267,267,366,392,13,13,109,109,126,126,141,141,155,155,190,190,190,190,190,219,26,36,36,36],"floor_reached":51,"playtime":4870,"items_purged":["Regret","Strike_B","Melter"],"score":1044,"play_id":"24c36a1f-45fa-4cf2-945d-b5fbd8ac00b2","local_time":"20181013133021","is_ascension_mode":true,"campfire_choices":[{"data":"Zap","floor":6,"key":"SMITH"},{"floor":12,"key":"REST"},{"data":"Scrape","floor":15,"key":"SMITH"},{"data":"Dualcast","floor":23,"key":"SMITH"},{"data":"Coolheaded","floor":25,"key":"SMITH"},{"floor":27,"key":"REST"},{"floor":32,"key":"REST"},{"floor":40,"key":"REST"},{"data":"Apotheosis","floor":45,"key":"SMITH"},{"data":"Echo Form","floor":49,"key":"SMITH"}],"neow_cost":"NONE","seed_source_timestamp":120146619838662,"circlet_count":0,"master_deck":["Defend_B","Defend_B","Zap+1","Dualcast+1","Beam Cell","Beam Cell","Scrape+1","Go for the Eyes","Cold Snap","Reboot","Coolheaded+1","Redo+1","Finesse","Loop+1","Echo Form+1","Gash","Coolheaded","Sadistic Nature","Go for the Eyes","Auto Shields","Seek","Steam","Flash of Steel","Purity","Apotheosis+1","Conserve Battery+1","Glacier+1","Hologram+1","Conserve Battery","Gash","Undo+1"],"relics":["Cracked Core","NeowsBlessing","Symbiotic Virus","Boot","Potion Belt","Tiny Chest","Anchor","Sundial","Empty Cage","Nilry\u0027s Codex","Regal Pillow","Omamori","Dream Catcher","Inserter","Thread and Needle","Pear","Juzu Bracelet","DataDisk","Lee\u0027s Waffle"],"potions_floor_usage":[11,13,16,24,30,33,50,50],"damage_taken":[{"damage":0,"enemies":"Jaw Worm","floor":1,"turns":1},{"damage":0,"enemies":"Gremlin Nob","floor":7,"turns":1},{"damage":0,"enemies":"2 Louse","floor":8,"turns":1},{"damage":25,"enemies":"3 Sentries","floor":11,"turns":5},{"damage":15,"enemies":"Gremlin Nob","floor":13,"turns":3},{"damage":0,"enemies":"Cultist","floor":14,"turns":2},{"damage":28,"enemies":"Slime Boss","floor":16,"turns":9},{"damage":2,"enemies":"Chosen","floor":18,"turns":3},{"damage":6,"enemies":"2 Thieves","floor":19,"turns":3},{"damage":15,"enemies":"Slavers","floor":24,"turns":5},{"damage":25,"enemies":"Book of Stabbing","floor":30,"turns":4},{"damage":62,"enemies":"Automaton","floor":33,"turns":11},{"damage":14,"enemies":"3 Shapes","floor":35,"turns":4},{"damage":0,"enemies":"Orb Walker","floor":37,"turns":3},{"damage":5,"enemies":"Mind Bloom Boss Battle","floor":38,"turns":5},{"damage":7,"enemies":"Transient","floor":39,"turns":5},{"damage":21,"enemies":"Nemesis","floor":41,"turns":7},{"damage":32,"enemies":"Giant Head","floor":46,"turns":9},{"damage":0,"enemies":"Spire Growth","floor":48,"turns":4},{"damage":60,"enemies":"Time Eater","floor":50,"turns":10}],"seed_played":"-149740353060494041","potions_obtained":[{"floor":7,"key":"Explosive Potion"},{"floor":11,"key":"Regen Potion"},{"floor":14,"key":"Dexterity Potion"},{"floor":16,"key":"Weak Potion"},{"floor":19,"key":"Strength Potion"},{"floor":24,"key":"Explosive Potion"},{"floor":37,"key":"GamblersBrew"},{"floor":39,"key":"Regen Potion"},{"floor":48,"key":"AttackPotion"}],"is_trial":false,"path_per_floor":["M","?","?","$","?","R","E","M","T","?","E","R","E","M","R","B",null,"M","M","?","?","$","R","E","R","T","R","?","?","E","$","R","B",null,"M","?","M","?","M","R","E","?","T","?","R","E","$","M","R","B"],"character_chosen":"DEFECT","items_purchased":["Finesse","Coolheaded","Sadistic Nature","Go for the Eyes","Lee\u0027s Waffle"],"campfire_rested":4,"item_purchase_floors":[22,31,31,31,47],"current_hp_per_floor":[68,68,56,56,45,45,45,45,45,45,20,42,36,36,36,8,58,56,50,34,34,34,34,19,19,19,56,56,56,31,31,68,6,58,44,34,34,29,22,59,48,48,48,69,69,37,92,92,92,37],"gold":36,"neow_bonus":"THREE_ENEMY_KILL","is_prod":false,"is_daily":false,"chose_seed":false,"campfire_upgraded":6,"win_rate":0,"timestamp":1539397821,"path_taken":["M","?","?","$","?","R","E","M","T","?","E","R","E","M","R","BOSS","M","M","?","?","$","R","E","R","T","R","?","?","E","$","R","BOSS","M","?","M","?","M","R","E","?","T","?","R","E","?","M","R","BOSS"],"build_version":"2018-10-11","purchased_purges":3,"victory":true,"max_hp_per_floor":[75,75,75,75,75,75,75,75,75,75,75,75,75,75,75,75,75,75,75,75,75,75,75,75,75,75,75,75,75,75,75,75,75,75,75,75,75,75,75,75,85,85,85,85,85,85,92,92,92,92],"card_choices":[{"not_picked":["Streamline","Chaos"],"picked":"Beam Cell","floor":1},{"not_picked":["Barrage","Force Field"],"picked":"Beam Cell","floor":7},{"not_picked":["Compile Driver","Rebound"],"picked":"Scrape","floor":8},{"not_picked":["Aggregate","Stack","Sunder"],"picked":"SKIP","floor":11},{"not_picked":["Undo","Streamline"],"picked":"Go for the Eyes","floor":13},{"not_picked":["Coolheaded","Redo"],"picked":"Cold Snap","floor":14},{"not_picked":["Hyperbeam","Echo Form"],"picked":"Reboot","floor":16},{"not_picked":["Reinforced Body","Sweeping Beam+1"],"picked":"Coolheaded","floor":18},{"not_picked":["Conserve Battery","Rebound"],"picked":"Redo+1","floor":19},{"not_picked":["Conserve Battery","Ball Lightning"],"picked":"Loop+1","floor":24},{"not_picked":["Rebound","Blizzard+1"],"picked":"Gash","floor":30},{"not_picked":["Turbo","Reinforced Body+1"],"picked":"Auto Shields","floor":32},{"not_picked":["Multi-Cast","Thunder Strike"],"picked":"Seek","floor":33},{"not_picked":["Cold Snap","Stack+1"],"picked":"Steam","floor":35},{"not_picked":["Violence","Blind"],"picked":"Flash of Steel","floor":36},{"not_picked":["Enlightenment","Secret Weapon"],"picked":"Purity","floor":36},{"not_picked":["Chrysalis","Forethought"],"picked":"Apotheosis","floor":36},{"not_picked":["Barrage+1","Rebound"],"picked":"Conserve Battery+1","floor":37},{"not_picked":["Steam Power","Streamline"],"picked":"Glacier+1","floor":38},{"not_picked":["Steam+1","Coolheaded"],"picked":"Hologram+1","floor":39},{"not_picked":["Cold Snap","Reprogram"],"picked":"Conserve Battery","floor":40},{"not_picked":["Barrage+1","Recycle","Steam+1"],"picked":"SKIP","floor":41},{"not_picked":["Aggregate","Buffer"],"picked":"Gash","floor":46},{"not_picked":["Beam Cell+1","Auto Shields+1"],"picked":"Undo+1","floor":48}],"player_experience":667466,"relics_obtained":[{"floor":7,"key":"Potion Belt"},{"floor":9,"key":"Tiny Chest"},{"floor":11,"key":"Anchor"},{"floor":13,"key":"Sundial"},{"floor":20,"key":"Nilry\u0027s Codex"},{"floor":24,"key":"Regal Pillow"},{"floor":26,"key":"Omamori"},{"floor":30,"key":"Dream Catcher"},{"floor":38,"key":"Thread and Needle"},{"floor":41,"key":"Pear"},{"floor":43,"key":"Juzu Bracelet"},{"floor":46,"key":"DataDisk"}],"event_choices":[{"event_name":"Big Fish","player_choice":"Box","floor":2,"damage_taken":0},{"event_name":"Scrap Ooze","player_choice":"success","floor":3,"damage_taken":12},{"event_name":"World of Goop","player_choice":"Gather Gold","floor":5,"damage_taken":0},{"event_name":"Dead Adventurer","player_choice":"Searched \u00270\u0027 times","floor":10,"damage_taken":0},{"event_name":"Cursed Tome","player_choice":"Obtained Book","floor":20,"damage_taken":0},{"event_name":"Beggar","player_choice":"Gave Gold","floor":21,"damage_taken":0},{"event_name":"Drug Dealer","player_choice":"Became Test Subject","floor":28,"damage_taken":0},{"event_name":"Nest","player_choice":"Stole From Cult","floor":29,"damage_taken":0},{"event_name":"SensoryStone","player_choice":"Memory 3","floor":36,"damage_taken":0},{"event_name":"MindBloom","player_choice":"Fight","floor":38,"damage_taken":0},{"event_name":"Tomb of Lord Red Mask","player_choice":"Ignored","floor":42,"damage_taken":0},{"event_name":"Winding Halls","player_choice":"Writhe","floor":44,"damage_taken":0}],"is_beta":false,"boss_relics":[{"not_picked":["Tiny House","Runic Pyramid"],"picked":"Empty Cage"},{"not_picked":["Eternal Feather","Philosopher\u0027s Stone"],"picked":"Inserter"}],"items_purged_floors":[4,22,31],"is_endless":false,"potions_floor_spawned":[7,11,14,16,19,24,37,39,48],"ascension_level":8}