{"gold_per_floor":[113,113,63,82,82,82,115,115,115,115,135,162,179,179,179,284,284,299,299,299,299,317,317,335,347,347,373,60,60,60,80,80,178,178,198,218,218,72,87,87,9,19,19,33,33,33,33,49,49,49,49,49,49,49],"floor_reached":54,"playtime":2683,"items_purged":["Strike_R","Strike_R"],"score":768,"play_id":"f582a9d4-5cc8-4f95-b5d3-e1e9b02a99b8","local_time":"20190131202405","is_ascension_mode":true,"campfire_choices":[{"data":"Bash","floor":6,"key":"SMITH"},{"data":"Fire Breathing","floor":8,"key":"SMITH"},{"data":"Anger","floor":10,"key":"SMITH"},{"data":"Dual Wield","floor":15,"key":"SMITH"},{"data":"Demon Form","floor":23,"key":"SMITH"},{"floor":29,"key":"REST"},{"floor":32,"key":"REST"},{"data":"Barricade","floor":40,"key":"SMITH"},{"data":"Limit Break","floor":45,"key":"SMITH"},{"data":"Armaments","floor":47,"key":"SMITH"},{"floor":49,"key":"RECALL"},{"data":"True Grit","floor":52,"key":"SMITH"}],"neow_cost":"TEN_PERCENT_HP_LOSS","seed_source_timestamp":1818667798253478,"circlet_count":0,"master_deck":["Strike_R+1","Defend_R+1","Defend_R","Defend_R","Defend_R","Bash+1","Anger+1","Thunderclap","Fire Breathing+1","Shrug It Off","Dual Wield+1","Demon Form+1","Shrug It Off+1","Evolve","True Grit+1","Limit Break+1","Fire Breathing+1","Barricade+1","Armaments+1","Sword Boomerang","Parasite","Flame Barrier","Seeing Red","Power Through+1","Battle Trance"],"relics":["Burning Blood","FossilizedHelix","Mummified Hand","Pear","Oddly Smooth Stone","Runic Cube","Happy Flower","Pocketwatch","Matryoshka","Runic Dome","Bottled Lightning","Smiling Mask"],"potions_floor_usage":[12,18,19,19,27,50,50],"damage_taken":[{"damage":2,"enemies":"2 Louse","floor":1,"turns":3},{"damage":2,"enemies":"Jaw Worm","floor":4,"turns":3},{"damage":2,"enemies":"Gremlin Nob","floor":7,"turns":4},{"damage":0,"enemies":"Small Slimes","floor":11,"turns":3},{"damage":12,"enemies":"Lagavulin","floor":12,"turns":4},{"damage":0,"enemies":"3 Louse","floor":13,"turns":3},{"damage":52,"enemies":"Hexaghost","floor":16,"turns":9},{"damage":11,"enemies":"2 Thieves","floor":18,"turns":3},{"damage":41,"enemies":"Colosseum Slavers","floor":19,"turns":5},{"damage":0,"enemies":"Chosen","floor":22,"turns":4},{"damage":0,"enemies":"Centurion and Healer","floor":24,"turns":6},{"damage":36,"enemies":"Snake Plant","floor":25,"turns":5},{"damage":25,"enemies":"Book of Stabbing","floor":27,"turns":5},{"damage":0,"enemies":"Chosen and Byrds","floor":31,"turns":6},{"damage":67,"enemies":"Automaton","floor":33,"turns":7},{"damage":0,"enemies":"3 Shapes","floor":35,"turns":5},{"damage":2,"enemies":"Orb Walker","floor":36,"turns":4},{"damage":41,"enemies":"Writhing Mass","floor":39,"turns":5},{"damage":11,"enemies":"Sphere and 2 Shapes","floor":42,"turns":5},{"damage":7,"enemies":"Spire Growth","floor":44,"turns":7},{"damage":6,"enemies":"Maw","floor":48,"turns":7},{"damage":52,"enemies":"Donu and Deca","floor":50,"turns":8},{"damage":104,"enemies":"Shield and Spear","floor":54,"turns":6}],"seed_played":"2158822556414817688","potions_obtained":[{"floor":4,"key":"BloodPotion"},{"floor":7,"key":"AttackPotion"},{"floor":12,"key":"AttackPotion"},{"floor":18,"key":"BloodPotion"},{"floor":24,"key":"Block Potion"},{"floor":27,"key":"Explosive Potion"},{"floor":39,"key":"Dexterity Potion"},{"floor":42,"key":"Regen Potion"}],"is_trial":false,"path_per_floor":["M","?","?","M","?","R","E","R","T","R","M","E","M","?","R","B",null,"M","?","?","?","M","R","M","M","T","E","$","R","?","M","R","B",null,"M","M","?","$","M","R","$","M","T","M","R","$","R","M","R","B",null,"R","$","E"],"character_chosen":"IRONCLAD","items_purchased":["Matryoshka","Sword Boomerang","Flame Barrier"],"campfire_rested":2,"item_purchase_floors":[28,38,41],"current_hp_per_floor":[72,72,72,72,58,58,62,62,72,72,78,72,78,83,83,37,87,82,63,63,46,52,52,58,28,28,9,9,36,36,42,69,8,92,92,92,92,92,57,57,57,52,52,51,51,51,51,51,51,20,92,92,92,0],"gold":49,"neow_bonus":"ONE_RARE_RELIC","is_prod":false,"is_daily":false,"chose_seed":false,"campfire_upgraded":9,"win_rate":0,"timestamp":1548933845,"path_taken":["M","?","?","M","?","R","E","R","T","R","M","E","M","?","R","BOSS","M","?","?","?","M","R","M","?","T","E","?","R","?","M","R","BOSS","M","?","?","$","M","R","$","M","T","M","R","?","R","M","R","BOSS","R","$","E"],"build_version":"2019-01-23","purchased_purges":2,"victory":false,"max_hp_per_floor":[72,72,72,72,72,72,72,72,82,82,82,82,82,87,87,87,87,87,87,87,92,92,92,92,92,92,92,92,92,92,92,92,92,92,92,92,92,92,92,92,92,92,92,92,92,92,92,92,92,92,92,92,92,92],"card_choices":[{"not_picked":["Flex","Heavy Blade"],"picked":"Anger","floor":1},{"not_picked":["Clothesline","Rupture"],"picked":"Thunderclap","floor":4},{"not_picked":["Clothesline","Pummel"],"picked":"Fire Breathing","floor":7},{"not_picked":["Hemokinesis","Wild Strike","Burning Pact"],"picked":"SKIP","floor":11},{"not_picked":["Corruption","Sword Boomerang"],"picked":"Shrug It Off","floor":12},{"not_picked":["Blood for Blood","Havoc"],"picked":"Dual Wield","floor":13},{"not_picked":["Exhume","Reaper"],"picked":"Demon Form","floor":16},{"not_picked":["Intimidate","Clothesline"],"picked":"Shrug It Off+1","floor":18},{"not_picked":["Flame Barrier","Uppercut"],"picked":"Evolve","floor":22},{"not_picked":["Spot Weakness+1","Reckless Charge","Wild Strike"],"picked":"SKIP","floor":24},{"not_picked":["Corruption+1","Twin Strike"],"picked":"True Grit","floor":25},{"not_picked":["Disarm","Wild Strike"],"picked":"Limit Break","floor":27},{"not_picked":["Sentinel","Clothesline","Hemokinesis+1"],"picked":"SKIP","floor":31},{"not_picked":["Immolate","Dark Embrace"],"picked":"Barricade","floor":33},{"not_picked":["Shockwave","Cleave","Pommel Strike"],"picked":"SKIP","floor":35},{"not_picked":["Sword Boomerang","Perfected Strike+1"],"picked":"Armaments","floor":36},{"not_picked":["Sword Boomerang","Pommel Strike+1","Clash"],"picked":"SKIP","floor":39},{"not_picked":["Thunderclap+1","Havoc"],"picked":"Seeing Red","floor":42},{"not_picked":["Sword Boomerang","Bludgeon"],"picked":"Power Through+1","floor":44},{"not_picked":["Uppercut","Blood for Blood+1"],"picked":"Battle Trance","floor":48}],"player_experience":751954,"relics_obtained":[{"floor":7,"key":"Mummified Hand"},{"floor":9,"key":"Pear"},{"floor":12,"key":"Oddly Smooth Stone"},{"floor":27,"key":"Pocketwatch"},{"floor":43,"key":"Bottled Lightning"},{"floor":43,"key":"Smiling Mask"}],"event_choices":[{"damage_healed":0,"gold_gain":0,"player_choice":"Ignored","damage_taken":0,"max_hp_gain":0,"max_hp_loss":0,"event_name":"Liars Game","floor":2,"gold_loss":0},{"cards_removed":["Strike_R"],"damage_healed":0,"gold_gain":0,"player_choice":"Card Removal","damage_taken":0,"max_hp_gain":0,"max_hp_loss":0,"event_name":"The Cleric","floor":3,"gold_loss":50},{"damage_healed":0,"gold_gain":0,"player_choice":"Entered Light","damage_taken":14,"max_hp_gain":0,"max_hp_loss":0,"event_name":"Shining Light","floor":5,"gold_loss":0,"cards_upgraded":["Strike_R","Defend_R"]},{"damage_healed":0,"gold_gain":0,"player_choice":"Donut","damage_taken":0,"max_hp_gain":5,"max_hp_loss":0,"event_name":"Big Fish","floor":14,"gold_loss":0},{"damage_healed":0,"gold_gain":0,"player_choice":"Fight","damage_taken":0,"max_hp_gain":0,"max_hp_loss":0,"event_name":"Colosseum","floor":19,"gold_loss":0},{"damage_healed":0,"gold_gain":0,"player_choice":"Fled From Nobs","damage_taken":0,"max_hp_gain":0,"max_hp_loss":0,"event_name":"Colosseum","floor":19,"gold_loss":0},{"damage_healed":0,"gold_gain":0,"player_choice":"Opened","damage_taken":0,"relics_obtained":["Happy Flower"],"max_hp_gain":0,"max_hp_loss":0,"event_name":"The Mausoleum","floor":20,"gold_loss":0},{"damage_healed":0,"gold_gain":0,"player_choice":"Shed Blood","damage_taken":22,"max_hp_gain":5,"max_hp_loss":0,"event_name":"Forgotten Altar","floor":21,"gold_loss":0},{"damage_healed":0,"gold_gain":0,"player_choice":"Copied","damage_taken":0,"max_hp_gain":0,"max_hp_loss":0,"event_name":"Duplicator","floor":30,"gold_loss":0,"cards_obtained":["Fire Breathing"]},{"cards_removed":["Strike_R"],"damage_healed":0,"gold_gain":0,"player_choice":"Removed Attack","damage_taken":0,"max_hp_gain":0,"max_hp_loss":0,"event_name":"Falling","floor":37,"gold_loss":0}],"is_beta":false,"boss_relics":[{"not_picked":["Calling Bell","Black Star"],"picked":"Runic Cube"},{"not_picked":["Philosopher\u0027s Stone","Tiny House"],"picked":"Runic Dome"}],"items_purged_floors":[28,38],"is_endless":false,"potions_floor_spawned":[4,7,12,18,24,27,39,42,44],"killed_by":"Shield and Spear","ascension_level":4}