{"gold_per_floor":[109,284,284,22,22,61,61,82,82,100,123,139,139,154,154,274,274,297,315,36,54,54,54,54,68,119,34,58,82,31,54,54,54],"floor_reached":33,"playtime":1081,"items_purged":["Doubt","Strike_R"],"score":373,"play_id":"c1a931b7-0e56-4380-9abb-ad481cfcbc38","local_time":"20190131121435","is_ascension_mode":true,"campfire_choices":[{"data":"Bash","floor":7,"key":"SMITH"},{"data":"Flame Barrier","floor":13,"key":"SMITH"},{"data":"Anger","floor":15,"key":"SMITH"},{"data":"True Grit","floor":23,"key":"SMITH"},{"data":"Heavy Blade","floor":32,"key":"SMITH"}],"neow_cost":"NONE","seed_source_timestamp":12923162819851,"circlet_count":0,"master_deck":["Strike_R","Strike_R","Strike_R","Strike_R","Defend_R","Defend_R","Defend_R","Bash+1","True Grit+1","Demon Form","Pummel","Shrug It Off","Anger+1","Flame Barrier+1","Shrug It Off+1","Battle Trance","Heavy Blade+1","Spot Weakness","Armaments+1","Fire Breathing+1","Flex+1"],"relics":["Burning Blood","NeowsBlessing","Golden Idol","Matryoshka","PreservedInsect","Orichalcum","Coffee Dripper","Lantern","Juzu Bracelet","Bronze Scales","Dream Catcher"],"potions_floor_usage":[11,16,18,28,33,33],"damage_taken":[{"damage":0,"enemies":"Cultist","floor":1,"turns":1},{"damage":0,"enemies":"Gremlin Nob","floor":6,"turns":1},{"damage":0,"enemies":"Jaw Worm","floor":8,"turns":1},{"damage":0,"enemies":"Small Slimes","floor":10,"turns":3},{"damage":10,"enemies":"Exordium Thugs","floor":11,"turns":3},{"damage":10,"enemies":"Looter","floor":12,"turns":3},{"damage":2,"enemies":"Blue Slaver","floor":14,"turns":3},{"damage":56,"enemies":"Slime Boss","floor":16,"turns":15},{"damage":11,"enemies":"2 Thieves","floor":18,"turns":5},{"damage":21,"enemies":"Shell Parasite","floor":19,"turns":5},{"damage":16,"enemies":"Snake Plant","floor":21,"turns":5},{"damage":14,"enemies":"3 Cultists","floor":25,"turns":5},{"damage":0,"enemies":"Centurion and Healer","floor":28,"turns":6},{"damage":0,"enemies":"Chosen and Byrds","floor":29,"turns":3},{"damage":1,"enemies":"Snecko","floor":31,"turns":3},{"damage":45,"enemies":"Collector","floor":33,"turns":6}],"seed_played":"-6004351875621423913","potions_obtained":[{"floor":1,"key":"Strength Potion"},{"floor":8,"key":"Strength Potion"},{"floor":12,"key":"EssenceOfSteel"},{"floor":14,"key":"GamblersBrew"},{"floor":25,"key":"SneckoOil"},{"floor":28,"key":"Fire Potion"},{"floor":29,"key":"Poison Potion"}],"is_trial":false,"path_per_floor":["M","?","?","$","?","E","R","M","T","M","M","M","R","M","R","B",null,"M","M","$","M","$","R","?","M","T","?","M","M","$","M","R","B"],"character_chosen":"IRONCLAD","items_purchased":["Demon Form","Pummel","Shrug It Off","Lantern","Heavy Blade","Block Potion"],"campfire_rested":0,"item_purchase_floors":[4,4,4,20,20,30],"current_hp_per_floor":[78,78,58,58,58,64,64,70,70,76,72,68,68,72,72,22,66,61,46,46,36,36,36,36,28,28,28,34,40,40,45,45,0],"gold":54,"neow_bonus":"THREE_ENEMY_KILL","is_prod":false,"is_daily":false,"chose_seed":false,"campfire_upgraded":5,"win_rate":0,"timestamp":1548933275,"path_taken":["M","?","?","$","?","E","R","M","T","M","M","M","R","?","R","BOSS","M","M","$","M","?","R","?","M","T","?","M","M","$","M","R","BOSS"],"build_version":"2019-01-23","purchased_purges":2,"victory":false,"max_hp_per_floor":[80,80,80,80,80,80,80,80,80,80,80,80,80,80,80,80,80,80,80,80,80,80,80,80,80,80,80,80,80,80,80,80,80],"card_choices":[{"not_picked":["Clash","Thunderclap"],"picked":"True Grit","floor":1},{"not_picked":["Heavy Blade","Sever Soul"],"picked":"Anger","floor":6},{"not_picked":["Clash","Havoc"],"picked":"Flame Barrier","floor":8},{"not_picked":["Metallicize","Twin Strike","Searing Blow"],"picked":"SKIP","floor":10},{"not_picked":["Cleave","Wild Strike","Rupture"],"picked":"SKIP","floor":11},{"not_picked":["Cleave","Second Wind","Sword Boomerang"],"picked":"SKIP","floor":12},{"not_picked":["Clash","Heavy Blade","Cleave"],"picked":"SKIP","floor":14},{"not_picked":["Searing Blow","Sever Soul+1"],"picked":"Shrug It Off+1","floor":18},{"not_picked":["Headbutt","Dropkick"],"picked":"Battle Trance","floor":19},{"not_picked":["Body Slam+1","True Grit"],"picked":"Spot Weakness","floor":21},{"not_picked":["Power Through","Thunderclap"],"picked":"Armaments+1","floor":25},{"not_picked":["Sword Boomerang","Heavy Blade","Wild Strike"],"picked":"SKIP","floor":28},{"not_picked":["Havoc","Armaments"],"picked":"Fire Breathing+1","floor":29},{"not_picked":["Body Slam","Bludgeon"],"picked":"Flex+1","floor":31}],"player_experience":227150,"relics_obtained":[{"floor":6,"key":"Matryoshka"},{"floor":9,"key":"PreservedInsect"},{"floor":9,"key":"Orichalcum"},{"floor":26,"key":"Juzu Bracelet"},{"floor":26,"key":"Bronze Scales"}],"event_choices":[{"damage_healed":0,"gold_gain":175,"player_choice":"AGREE","damage_taken":0,"max_hp_gain":0,"max_hp_loss":0,"event_name":"Liars Game","floor":2,"gold_loss":0,"cards_obtained":["Doubt"]},{"damage_healed":0,"gold_gain":0,"player_choice":"Take Damage","damage_taken":20,"relics_obtained":["Golden Idol"],"max_hp_gain":0,"max_hp_loss":0,"event_name":"Golden Idol","floor":3,"gold_loss":0},{"cards_removed":["Defend_R"],"damage_healed":0,"gold_gain":0,"player_choice":"Purged","damage_taken":0,"max_hp_gain":0,"max_hp_loss":0,"event_name":"Purifier","floor":5,"gold_loss":0},{"damage_healed":0,"gold_gain":0,"player_choice":"Ignored","damage_taken":0,"max_hp_gain":0,"max_hp_loss":0,"event_name":"Beggar","floor":24,"gold_loss":0},{"damage_healed":0,"gold_gain":0,"player_choice":"Obtained Relic","damage_taken":0,"relics_obtained":["Dream Catcher"],"max_hp_gain":0,"max_hp_loss":0,"event_name":"Addict","floor":27,"gold_loss":85}],"is_beta":true,"boss_relics":[{"not_picked":["Lizard Tail","Tiny House"],"picked":"Coffee Dripper"}],"items_purged_floors":[4,20],"is_endless":false,"potions_floor_spawned":[1,8,12,14,25,28,29],"killed_by":"Collector","ascension_level":7}