{"gold_per_floor":[116,65,77,77,8,8,8,42,113,113,123,139,139,158,158,158],"floor_reached":16,"playtime":811,"items_purged":[],"score":105,"play_id":"c777e625-6a14-4964-a9d2-ead54ed25f18","local_time":"20181202230106","is_ascension_mode":true,"campfire_choices":[{"floor":6,"key":"REST"},{"floor":10,"key":"RECALL"},{"floor":13,"key":"REST"},{"data":"Immolate","floor":15,"key":"SMITH"}],"neow_cost":"PERCENT_DAMAGE","seed_source_timestamp":744499309494871,"circlet_count":0,"master_deck":["Strike_R","Strike_R","Strike_R","Strike_R","Strike_R","Defend_R","Defend_R","Defend_R","Defend_R","Burning Pact","Perfected Strike","Ghostly Armor","Immolate+1","Entrench+1","Flex+1","Shockwave+1","Flex+1"],"relics":["Burning Blood","Charon\u0027s Ashes","Toxic Egg 2"],"potions_floor_usage":[16,16],"damage_taken":[{"damage":6,"enemies":"2 Louse","floor":1,"turns":3},{"damage":11,"enemies":"Cultist","floor":3,"turns":5},{"damage":30,"enemies":"Gremlin Nob","floor":8,"turns":5},{"damage":1,"enemies":"Jaw Worm","floor":11,"turns":3},{"damage":8,"enemies":"Exordium Thugs","floor":12,"turns":5},{"damage":6,"enemies":"Red Slaver","floor":14,"turns":5},{"damage":80,"enemies":"Hexaghost","floor":16,"turns":9}],"seed_played":"-2850960189565417268","potions_obtained":[{"floor":12,"key":"Fire Potion"},{"floor":14,"key":"Strength Potion"}],"is_trial":false,"path_per_floor":["M","$","M","?","$","R","?","E","T","R","M","M","R","M","R","B"],"character_chosen":"IRONCLAD","items_purchased":["Perfected Strike","Immolate"],"campfire_rested":2,"item_purchase_floors":[2,5],"current_hp_per_floor":[56,56,51,51,51,75,75,51,51,51,56,54,78,78,78,0],"gold":158,"neow_bonus":"ONE_RARE_RELIC","is_prod":false,"is_daily":false,"chose_seed":false,"campfire_upgraded":1,"win_rate":0,"timestamp":1543809666,"path_taken":["M","$","M","?","$","R","?","E","T","R","?","M","R","M","R","BOSS"],"build_version":"2018-11-15","purchased_purges":0,"victory":false,"max_hp_per_floor":[80,80,80,80,80,80,80,80,80,80,80,80,80,80,80,80],"card_choices":[{"not_picked":["Clash","Carnage"],"picked":"Burning Pact","floor":1},{"not_picked":["Wild Strike","Body Slam"],"picked":"Ghostly Armor","floor":3},{"not_picked":["True Grit","Pommel Strike"],"picked":"Entrench","floor":8},{"not_picked":["Clash","Hemokinesis"],"picked":"Flex+1","floor":11},{"not_picked":["Carnage","Thunderclap"],"picked":"Shockwave+1","floor":12},{"not_picked":["Clash","Wild Strike"],"picked":"Flex+1","floor":14}],"player_experience":132148,"relics_obtained":[{"floor":8,"key":"Toxic Egg 2"}],"event_choices":[{"damage_healed":0,"gold_gain":0,"player_choice":"Ignored","damage_taken":0,"max_hp_gain":0,"max_hp_loss":0,"event_name":"Golden Wing","floor":4,"gold_loss":0},{"cards_removed":["Bash"],"damage_healed":0,"gold_gain":0,"player_choice":"Offered Basic","damage_taken":0,"max_hp_gain":0,"max_hp_loss":0,"event_name":"Bonfire Elementals","floor":7,"gold_loss":0}],"is_beta":false,"boss_relics":[],"items_purged_floors":[],"is_endless":false,"potions_floor_spawned":[12,14],"killed_by":"Hexaghost","ascension_level":1}