{"gold_per_floor":[114,189,139,139,157,184,184,210,210,210,210],"floor_reached":11,"playtime":343,"items_purged":[],"score":95,"play_id":"34f88425-9b01-4b99-9c61-273f024cd1e6","local_time":"20190206204751","is_ascension_mode":true,"campfire_choices":[{"floor":7,"key":"REST"}],"neow_cost":"NONE","seed_source_timestamp":2268551831435281,"circlet_count":0,"master_deck":["Strike_B","Strike_B","Defend_B","Defend_B","Defend_B","Defend_B","Zap","Dualcast","Dramatic Entrance","Barrage","Genetic Algorithm","Ball Lightning"],"relics":["Cracked Core","Mango","Potion Belt","Thread and Needle"],"potions_floor_usage":[8,8,11,11],"damage_taken":[{"damage":2,"enemies":"2 Louse","floor":1,"turns":3},{"damage":12,"enemies":"Jaw Worm","floor":5,"turns":2},{"damage":39,"enemies":"Gremlin Nob","floor":6,"turns":5},{"damage":48,"enemies":"Lagavulin","floor":8,"turns":8},{"damage":14,"enemies":"Gremlin Nob","floor":11,"turns":2}],"seed_played":"-3939836265786890637","potions_obtained":[{"floor":6,"key":"EntropicBrew"},{"floor":8,"key":"SteroidPotion"}],"is_trial":false,"path_per_floor":["M","?","?","?","M","E","R","E","T","?","E"],"character_chosen":"DEFECT","items_purchased":[],"campfire_rested":1,"item_purchase_floors":[],"current_hp_per_floor":[73,62,62,62,50,25,51,3,3,3,0],"gold":210,"neow_bonus":"RANDOM_COLORLESS","is_prod":false,"is_daily":false,"chose_seed":false,"campfire_upgraded":0,"win_rate":0,"timestamp":1549446471,"path_taken":["M","?","?","?","M","E","R","E","T","?","E"],"build_version":"2019-01-23","purchased_purges":0,"victory":false,"max_hp_per_floor":[75,75,75,75,75,89,89,89,89,89,89],"card_choices":[{"not_picked":["Hologram","Coolheaded"],"picked":"Barrage","floor":1},{"not_picked":["Steam","Reinforced Body","FTL"],"picked":"SKIP","floor":5},{"not_picked":["Compile Driver","Creative AI"],"picked":"Genetic Algorithm","floor":6},{"not_picked":["Aggregate","Rip and Tear"],"picked":"Ball Lightning","floor":8}],"player_experience":279748,"relics_obtained":[{"floor":6,"key":"Mango"},{"floor":8,"key":"Potion Belt"},{"floor":9,"key":"Thread and Needle"}],"event_choices":[{"damage_healed":0,"gold_gain":75,"player_choice":"Gather Gold","damage_taken":11,"max_hp_gain":0,"max_hp_loss":0,"event_name":"World of Goop","floor":2,"gold_loss":0},{"cards_removed":["Strike_B"],"damage_healed":0,"gold_gain":0,"player_choice":"Card Removal","damage_taken":0,"max_hp_gain":0,"max_hp_loss":0,"event_name":"The Cleric","floor":3,"gold_loss":50},{"cards_removed":["Strike_B"],"damage_healed":0,"gold_gain":0,"player_choice":"Forget","damage_taken":0,"max_hp_gain":0,"max_hp_loss":0,"event_name":"Living Wall","floor":4,"gold_loss":0},{"damage_healed":0,"gold_gain":0,"player_choice":"Ignored","damage_taken":0,"max_hp_gain":0,"max_hp_loss":0,"event_name":"Golden Wing","floor":10,"gold_loss":0}],"is_beta":false,"boss_relics":[],"items_purged_floors":[],"is_endless":false,"potions_floor_spawned":[6,8],"killed_by":"Gremlin Nob","ascension_level":4}