{"gold_per_floor":[217,233,233,198,215,249,249,275,300,280,297,330,341,351,351,451,451,469,486,505,505],"floor_reached":21,"playtime":765,"items_purged":[],"score":325,"play_id":"cd5be32b-ed61-4e4f-9589-0088b844836e","local_time":"20181215084427","is_ascension_mode":true,"campfire_choices":[{"floor":7,"key":"REST"},{"data":"Zap","floor":15,"key":"SMITH"}],"neow_cost":"NONE","seed_source_timestamp":34260785834936,"circlet_count":0,"master_deck":["AscendersBane","Strike_B","Strike_B","Strike_B","Strike_B","Defend_B","Defend_B","Defend_B","Defend_B","Zap+1","Dualcast","Skim","Machine Learning","Self Repair","Rainbow","Chill","FTL","Aggregate","Barrage","Echo Form","Sweeping Beam","Defragment+1","Hologram"],"relics":["Cracked Core","Mercury Hourglass","Pen Nib","Emotion Chip","DataDisk","Happy Flower","Philosopher\u0027s Stone"],"potions_floor_usage":[2,2,6,6,11,12,18],"damage_taken":[{"damage":6,"enemies":"Cultist","floor":1,"turns":3},{"damage":7,"enemies":"Jaw Worm","floor":2,"turns":4},{"damage":10,"enemies":"2 Louse","floor":5,"turns":3},{"damage":31,"enemies":"Gremlin Nob","floor":6,"turns":4},{"damage":26,"enemies":"Lagavulin","floor":8,"turns":5},{"damage":11,"enemies":"Red Slaver","floor":11,"turns":2},{"damage":17,"enemies":"Gremlin Nob","floor":12,"turns":3},{"damage":0,"enemies":"Lots of Slimes","floor":13,"turns":3},{"damage":0,"enemies":"Blue Slaver","floor":14,"turns":3},{"damage":28,"enemies":"Hexaghost","floor":16,"turns":8},{"damage":15,"enemies":"2 Thieves","floor":18,"turns":4},{"damage":15,"enemies":"Spheric Guardian","floor":19,"turns":4},{"damage":15,"enemies":"Snecko","floor":20,"turns":4},{"damage":46,"enemies":"Snake Plant","floor":21,"turns":2}],"seed_played":"3515628281546942959","potions_obtained":[{"floor":1,"key":"EntropicBrew"},{"floor":5,"key":"FearPotion"},{"floor":6,"key":"SteroidPotion"},{"floor":10,"key":"Poison Potion"},{"floor":13,"key":"Swift Potion"},{"floor":14,"key":"Ancient Potion"},{"floor":16,"key":"Energy Potion"}],"is_trial":false,"path_per_floor":["M","M","T","?","M","E","R","E","T","?","M","E","M","M","R","B",null,"M","M","M","M"],"character_chosen":"DEFECT","items_purchased":[],"campfire_rested":1,"item_purchase_floors":[],"current_hp_per_floor":[62,55,55,73,63,39,61,42,42,42,38,28,35,42,42,21,62,61,53,45,0],"gold":505,"neow_bonus":"HUNDRED_GOLD","is_prod":false,"is_daily":false,"chose_seed":false,"campfire_upgraded":1,"win_rate":0,"timestamp":1544888667,"path_taken":["M","?","?","?","M","E","R","E","T","?","M","E","?","M","R","BOSS","M","M","M","?"],"build_version":"2018-12-13","purchased_purges":0,"victory":false,"max_hp_per_floor":[75,75,75,75,75,75,75,75,75,75,75,75,75,75,75,75,75,75,75,75,75],"card_choices":[{"not_picked":["Steam","Rebound"],"picked":"Skim","floor":1},{"not_picked":["Leap","Rebound"],"picked":"Machine Learning","floor":2},{"not_picked":["Steam Power","Steam"],"picked":"Self Repair","floor":5},{"not_picked":["Machine Learning","Hologram"],"picked":"Rainbow","floor":6},{"not_picked":["Fusion","Stack"],"picked":"Chill","floor":8},{"not_picked":["Barrage","Chill","Consume"],"picked":"SKIP","floor":11},{"not_picked":["Beam Cell","Sweeping Beam"],"picked":"FTL","floor":12},{"not_picked":["FTL","Streamline"],"picked":"Aggregate","floor":13},{"not_picked":["Sweeping Beam","Stack"],"picked":"Barrage","floor":14},{"not_picked":["Electrodynamics","Thunder Strike"],"picked":"Echo Form","floor":16},{"not_picked":["Doom and Gloom","Gash"],"picked":"Sweeping Beam","floor":18},{"not_picked":["Darkness+1","Ball Lightning"],"picked":"Defragment+1","floor":19},{"not_picked":["Streamline","Redo"],"picked":"Hologram","floor":20}],"player_experience":700319,"relics_obtained":[{"floor":3,"key":"Mercury Hourglass"},{"floor":6,"key":"Pen Nib"},{"floor":8,"key":"Emotion Chip"},{"floor":9,"key":"DataDisk"},{"floor":12,"key":"Happy Flower"}],"event_choices":[{"damage_healed":18,"gold_gain":0,"player_choice":"Healed","damage_taken":0,"max_hp_gain":0,"max_hp_loss":0,"event_name":"The Cleric","floor":4,"gold_loss":35},{"damage_healed":0,"gold_gain":0,"player_choice":"Bought 1 Potion","damage_taken":0,"max_hp_gain":0,"max_hp_loss":0,"event_name":"The Woman in Blue","floor":10,"gold_loss":0}],"is_beta":false,"boss_relics":[{"not_picked":["Empty Cage","Sozu"],"picked":"Philosopher\u0027s Stone"}],"items_purged_floors":[],"is_endless":false,"potions_floor_spawned":[1,5,6,13,14,16],"killed_by":"Snake Plant","ascension_level":12}