{"gold_per_floor":[118,118,88,98,109,143,162,182,208,358,358,383,403,122,122,199,199,215,227,227,243,243,277,291,291,291,309,328,13,48,48,48,48],"floor_reached":33,"playtime":988,"items_purged":["Strike_R"],"score":748,"play_id":"3ed12b7d-0320-424c-808a-52c57ec77931","local_time":"20181220010140","is_ascension_mode":true,"campfire_choices":[{"data":"Flex","floor":11.0,"key":"SMITH"},{"data":"Heavy Blade","floor":15.0,"key":"SMITH"},{"floor":25,"key":"REST"},{"floor":32,"key":"REST"}],"neow_cost":"NONE","seed_source_timestamp":438166717805864,"circlet_count":0,"master_deck":["AscendersBane","Strike_R","Strike_R","Strike_R","Strike_R","Defend_R","Defend_R","Defend_R","Bash","Headbutt","Shockwave","Heavy Blade+1","Offering","Flex+1","Intimidate","Doubt","Clothesline","Fiend Fire","Immolate","Havoc","Metallicize","Writhe","Flame Barrier","Armaments+1","Infernal Blade+1","Twin Strike","Double Tap","Pummel","Anger"],"special_seed":0,"relics":["Burning Blood","NeowsBlessing","Du-Vu Doll","Ancient Tea Set","Dream Catcher","Orichalcum","Pear","Mark of Pain","Shovel","Matryoshka","Pen Nib","PreservedInsect"],"potions_floor_usage":[16,21,24],"damage_taken":[{"damage":0.0,"enemies":"2 Louse","floor":1.0,"turns":1.0},{"damage":0.0,"enemies":"Small Slimes","floor":4.0,"turns":1.0},{"damage":0.0,"enemies":"Cultist","floor":5.0,"turns":1.0},{"damage":35.0,"enemies":"Lagavulin","floor":6.0,"turns":5.0},{"damage":5.0,"enemies":"2 Fungi Beasts","floor":7.0,"turns":3.0},{"damage":2.0,"enemies":"Large Slime","floor":8.0,"turns":4.0},{"damage":8.0,"enemies":"Gremlin Nob","floor":12.0,"turns":2.0},{"damage":9.0,"enemies":"Gremlin Gang","floor":13.0,"turns":3.0},{"damage":9,"enemies":"Slime Boss","floor":16,"turns":5},{"damage":10,"enemies":"Chosen","floor":18,"turns":3},{"damage":6,"enemies":"Spheric Guardian","floor":19,"turns":2},{"damage":6,"enemies":"Centurion and Healer","floor":21,"turns":3},{"damage":61,"enemies":"Book of Stabbing","floor":23,"turns":5},{"damage":21,"enemies":"Snake Plant","floor":24,"turns":3},{"damage":6,"enemies":"3 Cultists","floor":27,"turns":2},{"damage":21,"enemies":"Centurion and Healer","floor":28,"turns":3},{"damage":28,"enemies":"Gremlin Leader","floor":30,"turns":6},{"damage":58,"enemies":"Champ","floor":33,"turns":7}],"seed_played":"-6030720192749167770","potions_obtained":[{"floor":3.0,"key":"Swift Potion"},{"floor":3.0,"key":"Energy Potion"},{"floor":7.0,"key":"Swift Potion"},{"floor":8.0,"key":"PowerPotion"},{"floor":13.0,"key":"Regen Potion"},{"floor":18,"key":"Regen Potion"},{"floor":24,"key":"Ancient Potion"}],"is_trial":false,"path_per_floor":["M","?","?","M","M","E","M","M","T","?","R","E","M","$","R","B",null,"M","M","?","M","?","E","M","R","T","M","M","$","E","?","R","B"],"character_chosen":"IRONCLAD","items_purchased":["Pear","Pen Nib","Pummel"],"campfire_rested":2,"item_purchase_floors":[14,29,29],"current_hp_per_floor":[74,74,74,75,75,46,47,51,51,51,51,49,46,56,56,53,77,73,73,73,82,82,27,21,46,46,46,31,31,9,9,34,0],"gold":48,"neow_bonus":"THREE_ENEMY_KILL","is_prod":false,"is_daily":false,"chose_seed":false,"campfire_upgraded":2,"win_rate":0,"timestamp":1545292900,"path_taken":["M","?","?","M","M","E","?","M","T","?","R","E","M","$","R","BOSS","M","M","?","M","?","E","M","R","T","M","?","$","E","?","R","BOSS"],"build_version":"2018-12-13","purchased_purges":1,"victory":false,"max_hp_per_floor":[75,75,75,75,75,75,75,75,75,75,75,75,75,85,85,85,85,85,85,85,85,85,85,85,85,85,85,85,85,85,85,85,85],"card_choices":[{"not_picked":["Heavy Blade","Seeing Red"],"picked":"Headbutt","floor":1.0},{"not_picked":["Sever Soul","Entrench"],"picked":"Shockwave","floor":4.0},{"not_picked":["Wild Strike","Body Slam"],"picked":"Heavy Blade","floor":5.0},{"not_picked":["Blood for Blood","Thunderclap"],"picked":"Offering","floor":6.0},{"not_picked":["Anger","Sword Boomerang"],"picked":"Flex","floor":7.0},{"not_picked":["Wild Strike","Flex"],"picked":"Intimidate","floor":8.0},{"not_picked":["Wild Strike","Perfected Strike"],"picked":"Clothesline","floor":12.0},{"not_picked":["Clothesline","Headbutt"],"picked":"Fiend Fire","floor":13.0},{"not_picked":["Fiend Fire","Impervious"],"picked":"Immolate","floor":16},{"not_picked":["Wild Strike","Rupture"],"picked":"Havoc","floor":18},{"not_picked":["Wild Strike","Rage"],"picked":"Metallicize","floor":19},{"not_picked":["Battle Trance","Immolate"],"picked":"Armaments","floor":21},{"not_picked":["Rage","Warcry"],"picked":"Infernal Blade+1","floor":23},{"not_picked":["Clash","Sword Boomerang"],"picked":"Twin Strike","floor":24},{"not_picked":["Twin Strike","Clash","Flex+1"],"picked":"SKIP","floor":27},{"not_picked":["Pommel Strike","Body Slam"],"picked":"Double Tap","floor":28},{"not_picked":["Body Slam","Searing Blow"],"picked":"Anger","floor":30}],"player_experience":717208,"relics_obtained":[{"floor":6.0,"key":"Ancient Tea Set"},{"floor":9.0,"key":"Dream Catcher"},{"floor":12.0,"key":"Orichalcum"},{"floor":23,"key":"Shovel"},{"floor":26,"key":"Matryoshka"},{"floor":30,"key":"PreservedInsect"}],"event_choices":[{"damage_healed":0.0,"max_hp_gain":0.0,"max_hp_loss":0.0,"gold_gain":0.0,"event_name":"Big Fish","player_choice":"Box","floor":2.0,"gold_loss":0.0,"damage_taken":0.0,"relics_obtained":["Du-Vu Doll"],"cards_obtained":["Regret"]},{"damage_healed":0.0,"max_hp_gain":0.0,"max_hp_loss":0.0,"gold_gain":0.0,"event_name":"The Woman in Blue","player_choice":"Bought 2 Potions","floor":3.0,"gold_loss":0.0,"damage_taken":0.0},{"damage_healed":0.0,"max_hp_gain":0.0,"max_hp_loss":0.0,"gold_gain":150.0,"event_name":"Liars Game","player_choice":"AGREE","floor":10.0,"gold_loss":0.0,"damage_taken":0.0,"cards_obtained":["Doubt"]},{"damage_healed":0,"gold_gain":0,"cards_transformed":["Regret","Defend_R"],"player_choice":"Became Test Subject","damage_taken":0,"max_hp_gain":0,"max_hp_loss":0,"event_name":"Drug Dealer","floor":20,"gold_loss":0,"cards_obtained":["Writhe","Flame Barrier"]},{"damage_healed":0,"gold_gain":0,"player_choice":"Forge","damage_taken":0,"max_hp_gain":0,"max_hp_loss":0,"event_name":"Accursed Blacksmith","floor":22,"gold_loss":0,"cards_upgraded":["Armaments"]},{"damage_healed":0,"gold_gain":0,"player_choice":"Ignored","damage_taken":0,"max_hp_gain":0,"max_hp_loss":0,"event_name":"Ghosts","floor":31,"gold_loss":0}],"is_beta":false,"boss_relics":[{"not_picked":["Lizard Tail","Runic Dome"],"picked":"Mark of Pain"}],"items_purged_floors":[29],"is_endless":false,"potions_floor_spawned":[7,8,12,13,18,19,24],"killed_by":"Champ","ascension_level":20}