{"gold_per_floor":[116,116,130,155,176,176,176,176,200,225,146,75,113,128,128,248,248,273,200,200,200,103,103,116,116,116,116,132,132,145,168,168,287,287,308,321,377,377,140,140,159,10,10,0,0,0,0,19,19,19],"floor_reached":51,"playtime":5550,"items_purged":["Writhe"],"score":714,"play_id":"5ccfe47b-f38b-420e-a696-b617158eab3d","local_time":"20180830130210","is_ascension_mode":true,"campfire_choices":[{"floor":6.0,"key":"REST"},{"data":"Defragment","floor":8.0,"key":"SMITH"},{"floor":15.0,"key":"REST"},{"data":"Defragment","floor":23.0,"key":"SMITH"},{"data":"Hologram","floor":25.0,"key":"SMITH"},{"data":"Capacitor","floor":29.0,"key":"SMITH"},{"floor":32.0,"key":"REST"},{"floor":40,"key":"DIG"},{"floor":45,"key":"DIG"},{"floor":47,"key":"DIG"},{"floor":49,"key":"REST"}],"neow_cost":"NONE","seed_source_timestamp":0,"circlet_count":0,"master_deck":["Strike_B","Strike_B","Strike_B","Strike_B","Defend_B","Defend_B","Defend_B","Defend_B+1","Zap+1","Dualcast","Ball Lightning","Hologram+1","Defragment+1","Cold Snap","Capacitor+1","Defragment+1","Core Surge","Conserve Battery","Biased Cognition","Stack+1","Glacier+1","Coolheaded","Go for the Eyes","Steam+1","Skim","Electrodynamics","Compile Driver+1","Undo","Glacier","Streamline+1","Beam Cell+1"],"special_seed":0,"relics":["Cracked Core","Golden Idol","Bag of Preparation","Strawberry","Busted Crown","Art of War","Dodecahedron","Ornamental Fan","Orrery","Shovel","ClockworkSouvenir","Ginger","War Paint","Shuriken","Red Mask","Gremlin Horn","Blood Vial"],"potions_floor_usage":[50,50],"damage_taken":[{"damage":2.0,"enemies":"Small Slimes","floor":1.0,"turns":3.0},{"damage":7.0,"enemies":"Jaw Worm","floor":3.0,"turns":3.0},{"damage":0.0,"enemies":"2 Louse","floor":4.0,"turns":2.0},{"damage":11.0,"enemies":"Exordium Wildlife","floor":5.0,"turns":4.0},{"damage":12.0,"enemies":"Lots of Slimes","floor":10.0,"turns":3.0},{"damage":32.0,"enemies":"Gremlin Nob","floor":13.0,"turns":4.0},{"damage":9.0,"enemies":"Looter","floor":14.0,"turns":3.0},{"damage":6.0,"enemies":"Hexaghost","floor":16.0,"turns":9.0},{"damage":5.0,"enemies":"3 Byrds","floor":18.0,"turns":4.0},{"damage":0.0,"enemies":"Spheric Guardian","floor":24.0,"turns":3.0},{"damage":0.0,"enemies":"Cultist and Chosen","floor":28.0,"turns":8.0},{"damage":4.0,"enemies":"3 Cultists","floor":30.0,"turns":6.0},{"damage":12.0,"enemies":"Chosen and Byrds","floor":31.0,"turns":5.0},{"damage":9.0,"enemies":"Collector","floor":33.0,"turns":12.0},{"damage":5.0,"enemies":"Orb Walker","floor":35.0,"turns":3.0},{"damage":4,"enemies":"Flame Bruiser 1 Orb","floor":36,"turns":6},{"damage":24,"enemies":"Mysterious Sphere","floor":37,"turns":3},{"damage":6,"enemies":"3 Darklings","floor":41,"turns":3},{"damage":4,"enemies":"Spire Growth","floor":48,"turns":7},{"damage":60,"enemies":"Awakened One","floor":50,"turns":17}],"seed_played":"-4724996281584865065","potions_obtained":[{"floor":4.0,"key":"Energy Potion"},{"floor":5.0,"key":"Energy Potion"},{"floor":13.0,"key":"Swift Potion"},{"floor":14.0,"key":"LiquidBronze"},{"floor":16.0,"key":"Strength Potion"},{"floor":24.0,"key":"Dexterity Potion"}],"is_trial":false,"path_per_floor":["M","?","M","M","M","R","?","R","T","M","$","$","E","M","R","B",null,"M","$","$","?","$","R","M","R","T","T","M","R","M","M","R","B",null,"M","M","?","?","$","R","M","$","T","?","R","$","R","M","R","B"],"character_chosen":"DEFECT","items_purchased":["Capacitor","Defragment","Glacier","Coolheaded","ClockworkSouvenir","Glacier","War Paint"],"campfire_rested":4,"item_purchase_floors":[11,12,19,22,39,39,42],"current_hp_per_floor":[73,55,48,48,37,59,59,59,59,47,47,47,22,13,37,31,82,77,77,77,77,77,77,77,77,77,77,77,77,73,61,82,73,82,77,73,49,49,49,49,43,43,43,43,43,43,43,41,65,7],"gold":19,"neow_bonus":"UPGRADE_CARD","is_prod":false,"is_daily":false,"chose_seed":false,"campfire_upgraded":4,"win_rate":0,"timestamp":1535659330,"path_taken":["M","?","M","M","M","R","?","R","T","M","?","$","E","M","R","BOSS","M","?","$","?","$","R","M","R","T","?","M","R","M","M","R","BOSS","M","?","?","?","$","R","M","$","T","?","R","?","R","M","R","BOSS"],"build_version":"2018-08-23v2","purchased_purges":1,"victory":true,"max_hp_per_floor":[75,75,75,75,75,75,75,75,75,75,75,75,82,82,82,82,82,82,82,82,82,82,82,82,82,82,82,82,82,82,82,82,82,82,82,82,82,82,82,82,82,82,82,82,82,82,82,82,82,82],"card_choices":[{"not_picked":["Compile Driver","Heatsinks","Reprogram"],"picked":"SKIP","floor":1.0},{"not_picked":["Storm","Leap"],"picked":"Ball Lightning","floor":3.0},{"not_picked":["Streamline","Blizzard"],"picked":"Hologram","floor":4.0},{"not_picked":["Streamline","Melter"],"picked":"Defragment","floor":5.0},{"not_picked":["Auto Shields","Hologram"],"picked":"Cold Snap","floor":10.0},{"not_picked":["Hello World","Leap"],"picked":"Core Surge","floor":13.0},{"not_picked":["Ball Lightning","Hello World"],"picked":"Conserve Battery","floor":14.0},{"not_picked":["Hyperbeam","Core Surge"],"picked":"Biased Cognition","floor":16.0},{"not_picked":[],"picked":"Stack+1","floor":18.0},{"not_picked":[],"picked":"Go for the Eyes","floor":24.0},{"not_picked":["Ball Lightning"],"picked":"SKIP","floor":28.0},{"not_picked":[],"picked":"Steam+1","floor":30.0},{"not_picked":[],"picked":"Skim","floor":31.0},{"not_picked":[],"picked":"Electrodynamics","floor":33.0},{"not_picked":[],"picked":"Compile Driver+1","floor":34.0},{"not_picked":[],"picked":"Undo","floor":35.0},{"not_picked":["White Noise"],"picked":"SKIP","floor":36},{"not_picked":[],"picked":"Streamline+1","floor":41},{"not_picked":[],"picked":"Beam Cell+1","floor":48}],"player_experience":987107,"relics_obtained":[{"floor":9.0,"key":"Bag of Preparation"},{"floor":13.0,"key":"Strawberry"},{"floor":26.0,"key":"Dodecahedron"},{"floor":27.0,"key":"Ornamental Fan"},{"floor":37,"key":"Shovel"},{"floor":40,"key":"Ginger"},{"floor":43,"key":"Shuriken"},{"floor":45,"key":"Gremlin Horn"},{"floor":47,"key":"Blood Vial"}],"event_choices":[{"event_name":"Golden Idol","player_choice":"Take Damage","floor":2.0,"damage_taken":0.0},{"event_name":"Shining Light","player_choice":"Ignored","floor":7.0,"damage_taken":0.0},{"event_name":"The Mausoleum","player_choice":"Yes","floor":21.0,"damage_taken":0.0},{"event_name":"Mysterious Sphere","player_choice":"Fight","floor":37,"damage_taken":0},{"event_name":"SensoryStone","player_choice":"Memory 1","floor":38,"damage_taken":0},{"event_name":"Tomb of Lord Red Mask","player_choice":"Paid","floor":44,"damage_taken":0}],"is_beta":false,"boss_relics":[{"not_picked":["Ectoplasm","Sozu"],"picked":"Busted Crown"},{"not_picked":["Coffee Dripper","Tiny House"],"picked":"Orrery"}],"items_purged_floors":[22],"is_endless":false,"potions_floor_spawned":[4,5,13,14,16,18,24,31,35,41],"ascension_level":4}