{"gold_per_floor":[114,179,190,190,203,203,215,215,215,215],"floor_reached":10,"playtime":262,"items_purged":[],"score":113,"play_id":"304b1f6f-defc-45ef-8456-48c39c5044e2","local_time":"20190124081348","is_ascension_mode":true,"campfire_choices":[{"data":"Neutralize","floor":6,"key":"SMITH"},{"data":"Dagger Throw","floor":8,"key":"SMITH"}],"neow_cost":"NONE","seed_source_timestamp":662668536174714,"circlet_count":0,"master_deck":["AscendersBane","Defend_G","Defend_G","Defend_G","Defend_G","Defend_G","Strike_G","Strike_G","Strike_G","Strike_G","Survivor","Neutralize+1","Backstab","Cloak And Dagger","Dagger Throw+1","Dodge and Roll"],"relics":["Ring of the Snake","NeowsBlessing","Sundial"],"potions_floor_usage":[],"damage_taken":[{"damage":0,"enemies":"2 Louse","floor":1,"turns":1},{"damage":0,"enemies":"Cultist","floor":3,"turns":1},{"damage":0,"enemies":"Small Slimes","floor":5,"turns":1},{"damage":4,"enemies":"Exordium Thugs","floor":7,"turns":6},{"damage":64,"enemies":"Lagavulin","floor":10,"turns":9}],"seed_played":"-8252076092861765736","potions_obtained":[{"floor":1,"key":"GamblersBrew"}],"is_trial":false,"path_per_floor":["?","?","M"],"character_chosen":"THE_SILENT","items_purchased":[],"campfire_rested":0,"item_purchase_floors":[],"current_hp_per_floor":[59,59,59,59,59,59,55,55,55,0],"gold":215,"neow_bonus":"THREE_ENEMY_KILL","is_prod":false,"is_daily":false,"chose_seed":false,"campfire_upgraded":2,"win_rate":0,"timestamp":1548346428,"path_taken":["M","?","M","?","?","R","M","R","T","E"],"build_version":"2019-01-23","purchased_purges":0,"victory":false,"max_hp_per_floor":[66,66,66,66,66,66,66,66,66,66],"card_choices":[{"not_picked":["Escape Plan","PiercingWail"],"picked":"Backstab","floor":1},{"not_picked":["PiercingWail","Slice"],"picked":"Cloak And Dagger","floor":3},{"not_picked":["Catalyst","Acrobatics"],"picked":"Dagger Throw","floor":5},{"not_picked":["Acrobatics","Heel Hook"],"picked":"Dodge and Roll","floor":7}],"player_experience":1740431,"relics_obtained":[{"floor":9,"key":"Sundial"}],"event_choices":[{"damage_healed":0,"gold_gain":65,"player_choice":"Gained Gold","damage_taken":0,"max_hp_gain":0,"max_hp_loss":0,"event_name":"Golden Wing","floor":2,"gold_loss":0},{"cards_removed":["Strike_G"],"damage_healed":0,"gold_gain":0,"player_choice":"Offered Basic","damage_taken":0,"max_hp_gain":0,"max_hp_loss":0,"event_name":"Bonfire Elementals","floor":4,"gold_loss":0}],"is_beta":false,"boss_relics":[],"items_purged_floors":[],"is_endless":false,"potions_floor_spawned":[1],"killed_by":"Lagavulin","ascension_level":19}