{"gold_per_floor":[144,189,189,238,118,216,265,314,314,314],"floor_reached":10,"playtime":500,"items_purged":[],"score":95,"play_id":"3949165a-48c6-4bf7-b150-1eb578a6c38c","local_time":"20180923103537","daily_mods":["Specialized","Midas","Night Terrors"],"is_ascension_mode":false,"campfire_choices":[],"neow_cost":"","seed_source_timestamp":0,"circlet_count":0,"master_deck":["Strike_R","Strike_R","Strike_R","Strike_R","Strike_R","Defend_R","Defend_R","Defend_R","Defend_R","Bash","Fiend Fire","Fiend Fire","Fiend Fire","Fiend Fire","Fiend Fire","Wild Strike","Infernal Blade","Rage","Reckless Charge","Battle Trance","Shrug It Off"],"special_seed":17797,"relics":["Burning Blood","Golden Idol","Tiny Chest","Du-Vu Doll","Omamori"],"potions_floor_usage":[],"damage_taken":[{"damage":8,"enemies":"Jaw Worm","floor":1,"turns":3},{"damage":0,"enemies":"Small Slimes","floor":2,"turns":2},{"damage":0,"enemies":"Cultist","floor":4,"turns":2},{"damage":15,"enemies":"Gremlin Nob","floor":6,"turns":4},{"damage":10,"enemies":"Looter","floor":7,"turns":3},{"damage":32,"enemies":"Lots of Slimes","floor":8,"turns":5},{"damage":30,"enemies":"Gremlin Gang","floor":10,"turns":2}],"seed_played":"-3341318107676815907","potions_obtained":[{"floor":1,"key":"SpeedPotion"},{"floor":6,"key":"EssenceOfSteel"}],"is_trial":false,"path_per_floor":["M","M","?","M","$","E","M","M","T"],"character_chosen":"IRONCLAD","items_purchased":["Tiny Chest"],"campfire_rested":0,"item_purchase_floors":[5],"current_hp_per_floor":[78,80,60,66,66,57,53,27,27,0],"gold":314,"neow_bonus":"","is_prod":false,"is_daily":true,"chose_seed":false,"campfire_upgraded":0,"win_rate":0.0,"timestamp":1537716937,"path_taken":["M","M","?","M","$","E","M","?","T","M"],"build_version":"2018-09-20","purchased_purges":0,"victory":false,"max_hp_per_floor":[80,80,80,80,80,80,80,80,80,80],"card_choices":[{"not_picked":["Anger","Shrug It Off"],"picked":"Wild Strike","floor":1},{"not_picked":["Havoc","Rage"],"picked":"Infernal Blade","floor":2},{"not_picked":["True Grit","Twin Strike"],"picked":"Rage","floor":4},{"not_picked":["Twin Strike","Spot Weakness"],"picked":"Reckless Charge","floor":6},{"not_picked":["Havoc","Headbutt"],"picked":"Battle Trance","floor":7},{"not_picked":["Warcry","Clothesline"],"picked":"Shrug It Off","floor":8}],"player_experience":77693,"relics_obtained":[{"floor":6,"key":"Du-Vu Doll"},{"floor":9,"key":"Omamori"}],"event_choices":[{"event_name":"Golden Idol","player_choice":"Take Damage","floor":3,"damage_taken":0}],"is_beta":false,"boss_relics":[],"items_purged_floors":[],"is_endless":false,"potions_floor_spawned":[1,6],"killed_by":"Gremlin Gang","ascension_level":0}