{"gold_per_floor":[118,133,133,133,149,149,30,30,30,30,47,47,62,80,80,177,177,188,138,158,11,11],"floor_reached":22,"playtime":1140,"items_purged":[],"score":294,"play_id":"e32574ba-14aa-40ef-91f5-fd075e5268c0","local_time":"20180910110638","is_ascension_mode":true,"campfire_choices":[{"data":"Defragment","floor":6,"key":"SMITH"},{"data":"Zap","floor":10,"key":"SMITH"},{"data":"Redo","floor":12,"key":"SMITH"},{"data":"Barrage","floor":15,"key":"SMITH"}],"neow_cost":"NONE","seed_source_timestamp":2222055684412266,"circlet_count":0,"master_deck":["Strike_B","Strike_B","Defend_B","Defend_B","Defend_B","Defend_B","Zap+1","Dualcast","Defragment+1","BootSequence","Redo+1","Leap","Capacitor","Coolheaded","Barrage+1","Ball Lightning","Cold Snap","Creative AI","Compile Driver"],"relics":["Cracked Core","Lantern","Blue Candle","Meat on the Bone","Busted Crown","DataDisk"],"potions_floor_usage":[16,16,22,22],"damage_taken":[{"damage":3,"enemies":"Small Slimes","floor":1,"turns":3},{"damage":6,"enemies":"Cultist","floor":2,"turns":4},{"damage":0,"enemies":"2 Louse","floor":5,"turns":2},{"damage":8,"enemies":"Blue Slaver","floor":11,"turns":4},{"damage":0,"enemies":"Red Slaver","floor":13,"turns":3},{"damage":11,"enemies":"Exordium Wildlife","floor":14,"turns":4},{"damage":0,"enemies":"Slime Boss","floor":16,"turns":5},{"damage":18,"enemies":"Shell Parasite","floor":18,"turns":5},{"damage":15,"enemies":"2 Thieves","floor":20,"turns":4},{"damage":11,"enemies":"Colosseum Slavers","floor":22,"turns":5},{"damage":53,"enemies":"Colosseum Nobs","floor":22,"turns":3}],"seed_played":"3079988740196980997","potions_obtained":[{"floor":1,"key":"SkillPotion"},{"floor":11,"key":"SkillPotion"},{"floor":13,"key":"PowerPotion"},{"floor":18,"key":"Weak Potion"}],"is_trial":false,"path_per_floor":["M","M","?","?","M","R","$","T","T","R","M","R","M","M","R","B",null,"M","?","M","$"],"character_chosen":"DEFECT","items_purchased":["Capacitor","Coolheaded","DataDisk"],"campfire_rested":0,"item_purchase_floors":[7,7,21],"current_hp_per_floor":[65,59,59,59,59,59,59,59,59,59,51,51,51,40,40,40,66,48,48,45,45,0],"gold":11,"neow_bonus":"RANDOM_COMMON_RELIC","is_prod":false,"is_daily":false,"chose_seed":false,"campfire_upgraded":4,"win_rate":0,"timestamp":1536602798,"path_taken":["M","M","?","?","M","R","$","?","T","R","M","R","M","M","R","BOSS","M","?","M","$","?"],"build_version":"2018-09-06","purchased_purges":0,"victory":false,"max_hp_per_floor":[75,75,75,75,75,75,75,75,75,75,75,75,75,75,75,75,75,75,75,75,75,75],"card_choices":[{"not_picked":["Sweeping Beam","Cold Snap"],"picked":"Defragment","floor":1},{"not_picked":["Recycle","Heatsinks"],"picked":"BootSequence","floor":2},{"not_picked":["Sweeping Beam","Redo"],"picked":"Leap","floor":5},{"not_picked":["Compile Driver","Undo"],"picked":"Barrage","floor":11},{"not_picked":["Gash","Reinforced Body"],"picked":"Ball Lightning","floor":13},{"not_picked":["Leap","Turbo"],"picked":"Cold Snap","floor":14},{"not_picked":["Amplify","Meteor Strike"],"picked":"Creative AI","floor":16},{"not_picked":[],"picked":"Compile Driver","floor":18},{"not_picked":["Steam Power"],"picked":"SKIP","floor":20}],"player_experience":1021648,"relics_obtained":[{"floor":8,"key":"Blue Candle"},{"floor":9,"key":"Meat on the Bone"}],"event_choices":[{"event_name":"Transmorgrifier","player_choice":"Transform","floor":3,"damage_taken":0},{"event_name":"Purifier","player_choice":"One Purge","floor":4,"damage_taken":0},{"event_name":"The Joust","player_choice":"Bet on Owner","floor":19,"damage_taken":0},{"event_name":"Colosseum","player_choice":"Fight","floor":22,"damage_taken":0},{"event_name":"Colosseum","player_choice":"Fought Nobs","floor":22,"damage_taken":0}],"is_beta":false,"boss_relics":[{"not_picked":["Lizard Tail","Empty Cage"],"picked":"Busted Crown"}],"items_purged_floors":[],"is_endless":false,"potions_floor_spawned":[1,11,13,18],"killed_by":"Colosseum Nobs","ascension_level":6}