{"gold_per_floor":[116,41,41,57,77,77,89,119,145,177,327,327,327,351,351,351],"floor_reached":16,"playtime":517,"items_purged":[],"score":220,"play_id":"396daa56-3d9c-4132-9280-2588b6755de9","local_time":"20181208234044","is_ascension_mode":true,"campfire_choices":[{"data":"Barricade","floor":6,"key":"SMITH"},{"floor":13,"key":"REST"},{"data":"Flame Barrier","floor":15,"key":"SMITH"}],"neow_cost":"NONE","seed_source_timestamp":123391616354245,"circlet_count":0,"master_deck":["AscendersBane","Strike_R","Strike_R","Strike_R","Strike_R","Strike_R","Defend_R","Defend_R","Bash","Bludgeon","Flame Barrier+1","Barricade+1","Shrug It Off","Burning Pact","Pommel Strike","Juggernaut","Shrug It Off","Doubt","Iron Wave"],"relics":["Burning Blood","Happy Flower","Ancient Tea Set","Orichalcum","Golden Idol"],"potions_floor_usage":[10],"damage_taken":[{"damage":5,"enemies":"2 Louse","floor":1,"turns":3},{"damage":0,"enemies":"Cultist","floor":4,"turns":3},{"damage":0,"enemies":"Small Slimes","floor":5,"turns":2},{"damage":20,"enemies":"3 Louse","floor":7,"turns":5},{"damage":20,"enemies":"Lagavulin","floor":8,"turns":6},{"damage":32,"enemies":"3 Sentries","floor":10,"turns":12},{"damage":8,"enemies":"2 Fungi Beasts","floor":14,"turns":3},{"damage":43,"enemies":"Hexaghost","floor":16,"turns":9}],"seed_played":"-273097089443726228","potions_obtained":[{"floor":7,"key":"SpeedPotion"},{"floor":14,"key":"Fire Potion"}],"is_trial":false,"path_per_floor":["M","?","?","M","M","R","M","E","T","E","?","?","R","M","R","B"],"character_chosen":"IRONCLAD","items_purchased":[],"campfire_rested":1,"item_purchase_floors":[],"current_hp_per_floor":[69,69,69,75,75,75,61,47,47,21,21,21,41,39,39,0],"gold":351,"neow_bonus":"ONE_RANDOM_RARE_CARD","is_prod":false,"is_daily":false,"chose_seed":false,"campfire_upgraded":2,"win_rate":0,"timestamp":1544337644,"path_taken":["M","?","?","M","?","R","M","E","T","E","?","?","R","M","R","BOSS"],"build_version":"2018-12-06","purchased_purges":0,"victory":false,"max_hp_per_floor":[75,75,75,75,75,75,75,75,75,75,75,68,68,68,68,68],"card_choices":[{"not_picked":["Sword Boomerang","Body Slam"],"picked":"Flame Barrier","floor":1},{"not_picked":["Cleave","Clash"],"picked":"Shrug It Off","floor":4},{"not_picked":["Clothesline","Searing Blow"],"picked":"Burning Pact","floor":5},{"not_picked":["Pummel","Flex"],"picked":"Pommel Strike","floor":7},{"not_picked":["Perfected Strike","Dropkick"],"picked":"Juggernaut","floor":8},{"not_picked":["Evolve","Flame Barrier"],"picked":"Shrug It Off","floor":10},{"not_picked":["Havoc","Wild Strike"],"picked":"Iron Wave","floor":14}],"player_experience":552412,"relics_obtained":[{"floor":8,"key":"Happy Flower"},{"floor":9,"key":"Ancient Tea Set"},{"floor":10,"key":"Orichalcum"}],"event_choices":[{"cards_removed":["Defend_R"],"damage_healed":0,"gold_gain":0,"player_choice":"Card Removal","damage_taken":0,"max_hp_gain":0,"max_hp_loss":0,"event_name":"The Cleric","floor":2,"gold_loss":75},{"damage_healed":0,"gold_gain":0,"cards_transformed":["Defend_R"],"player_choice":"Transformed","damage_taken":0,"max_hp_gain":0,"max_hp_loss":0,"event_name":"Transmorgrifier","floor":3,"gold_loss":0,"cards_obtained":["Barricade"]},{"damage_healed":0,"gold_gain":150,"player_choice":"AGREE","damage_taken":0,"max_hp_gain":0,"max_hp_loss":0,"event_name":"Liars Game","floor":11,"gold_loss":0,"cards_obtained":["Doubt"]},{"damage_healed":0,"gold_gain":0,"player_choice":"Lose Max HP","damage_taken":0,"relics_obtained":["Golden Idol"],"max_hp_gain":0,"max_hp_loss":7,"event_name":"Golden Idol","floor":12,"gold_loss":0}],"is_beta":false,"boss_relics":[],"items_purged_floors":[],"is_endless":false,"potions_floor_spawned":[7,14],"killed_by":"Hexaghost","ascension_level":20}