{"gold_per_floor":[112,130,147,160,160,160,185,185,261,261],"floor_reached":10,"playtime":587,"items_purged":[],"score":116,"play_id":"eec34b87-11e7-45df-bcaf-585a2c51f13e","local_time":"20181024133919","is_ascension_mode":true,"campfire_choices":[{"data":"Uppercut","floor":6,"key":"SMITH"},{"floor":8,"key":"REST"}],"neow_cost":"TEN_PERCENT_HP_LOSS","seed_source_timestamp":1281055305790241,"circlet_count":0,"master_deck":["Strike_R","Strike_R","Strike_R","Strike_R+1","Strike_R+1","Defend_R","Defend_R","Defend_R","Defend_R","Bash","AscendersBane","Limit Break","Clothesline","Sword Boomerang","Uppercut+1","Flex","Armaments"],"relics":["Burning Blood","Girya","Blue Candle"],"potions_floor_usage":[],"damage_taken":[{"damage":10,"enemies":"2 Louse","floor":1,"turns":3},{"damage":8,"enemies":"Small Slimes","floor":2,"turns":6},{"damage":6,"enemies":"Cultist","floor":3,"turns":3},{"damage":9,"enemies":"Blue Slaver","floor":4,"turns":4},{"damage":26,"enemies":"Gremlin Nob","floor":7,"turns":4},{"damage":45,"enemies":"Lagavulin","floor":10,"turns":5}],"seed_played":"-2154087111095962234","potions_obtained":[{"floor":4,"key":"Dexterity Potion"},{"floor":7,"key":"PowerPotion"}],"is_trial":false,"path_per_floor":["M","M","M","M","?","R","E","R","T"],"character_chosen":"IRONCLAD","items_purchased":[],"campfire_rested":1,"item_purchase_floors":[],"current_hp_per_floor":[64,62,62,59,45,45,25,45,45,0],"gold":261,"neow_bonus":"THREE_RARE_CARDS","is_prod":false,"is_daily":false,"chose_seed":false,"campfire_upgraded":1,"win_rate":0,"timestamp":1540413559,"path_taken":["M","M","M","M","?","R","E","R","T","E"],"build_version":"2018-10-18","purchased_purges":0,"victory":false,"max_hp_per_floor":[68,68,68,68,68,68,68,68,68,68],"card_choices":[{"not_picked":["Exhume","Offering"],"picked":"Limit Break","floor":0},{"not_picked":["Pommel Strike","Entrench"],"picked":"Clothesline","floor":1},{"not_picked":["Infernal Blade","Twin Strike"],"picked":"Sword Boomerang","floor":2},{"not_picked":["Anger","Cleave"],"picked":"Uppercut","floor":3},{"not_picked":["Whirlwind","Pommel Strike"],"picked":"Flex","floor":4},{"not_picked":["Body Slam","Headbutt"],"picked":"Armaments","floor":7}],"player_experience":1196173,"relics_obtained":[{"floor":7,"key":"Girya"},{"floor":9,"key":"Blue Candle"}],"event_choices":[{"damage_healed":0,"gold_gain":0,"player_choice":"Entered Light","damage_taken":14,"max_hp_gain":0,"max_hp_loss":0,"event_name":"Shining Light","floor":5,"gold_loss":0,"cards_upgraded":["Strike_R","Strike_R"]}],"is_beta":false,"boss_relics":[],"items_purged_floors":[],"is_endless":false,"potions_floor_spawned":[4,7],"killed_by":"Lagavulin","ascension_level":14}