{"gold_per_floor":[110,33,33,208,225,250,278,278,330,346,381,381,400,416,416,515,515,532,551,551,551,86,86,86],"floor_reached":24,"playtime":1159,"items_purged":["Writhe"],"score":288,"play_id":"65a4d87d-9b5a-47c4-a91e-21c792a0ec0a","local_time":"20181225014119","is_ascension_mode":true,"campfire_choices":[{"data":"Accuracy","floor":8.0,"key":"SMITH"},{"floor":12.0,"key":"REST"},{"floor":15.0,"key":"REST"},{"floor":23,"key":"REST"}],"neow_cost":"NONE","seed_source_timestamp":538468961510335,"circlet_count":0,"master_deck":["Defend_G","Defend_G","Defend_G","Defend_G","Defend_G","Strike_G","Strike_G","Strike_G","Strike_G","Strike_G","Survivor","Neutralize","Cloak And Dagger","Accuracy+1","Doubt","Deflect","Flying Knee","Cloak And Dagger","Finisher","Noxious Fumes","Leg Sweep","Slice","Glass Knife","Cloak And Dagger","Cloak And Dagger","Infinite Blades","Flash of Steel"],"special_seed":0,"relics":["Ring of the Snake","NeowsBlessing","Strawberry","Pocketwatch","Odd Mushroom","Bronze Scales","Paper Crane","Black Star","Smiling Mask","Bottled Flame"],"potions_floor_usage":[24],"damage_taken":[{"damage":0.0,"enemies":"2 Louse","floor":1.0,"turns":1.0},{"damage":0.0,"enemies":"Small Slimes","floor":5.0,"turns":1.0},{"damage":0.0,"enemies":"3 Sentries","floor":6.0,"turns":1.0},{"damage":12.0,"enemies":"The Mushroom Lair","floor":7.0,"turns":4.0},{"damage":0.0,"enemies":"Cultist","floor":10.0,"turns":3.0},{"damage":32.0,"enemies":"Lagavulin","floor":11.0,"turns":7.0},{"damage":20.0,"enemies":"Large Slime","floor":13.0,"turns":6.0},{"damage":12.0,"enemies":"Lots of Slimes","floor":14.0,"turns":4.0},{"damage":16.0,"enemies":"Slime Boss","floor":16.0,"turns":11.0},{"damage":19.0,"enemies":"3 Byrds","floor":18.0,"turns":5.0},{"damage":26.0,"enemies":"Spheric Guardian","floor":19.0,"turns":7.0},{"damage":65,"enemies":"Gremlin Leader","floor":24,"turns":7}],"seed_played":"8077026513122295059","potions_obtained":[{"floor":1.0,"key":"SkillPotion"},{"floor":6.0,"key":"Explosive Potion"},{"floor":10.0,"key":"FearPotion"},{"floor":13.0,"key":"Weak Potion"},{"floor":18.0,"key":"EssenceOfSteel"}],"is_trial":false,"path_per_floor":["M","$","?","?","M","E","?","R","T","M","E","R","M","M","R","B",null,"M","M","?","?","$","R","E"],"character_chosen":"THE_SILENT","items_purchased":["Accuracy","Bottled Flame","Infinite Blades","Flash of Steel"],"campfire_rested":3,"item_purchase_floors":[2,22,22,22],"current_hp_per_floor":[70,70,77,77,77,77,65,65,65,65,33,56,36,24,47,31,77,58,32,32,32,32,55,0],"gold":86,"neow_bonus":"THREE_ENEMY_KILL","is_prod":false,"is_daily":false,"chose_seed":false,"campfire_upgraded":1,"win_rate":0,"timestamp":1545720079,"path_taken":["M","$","?","?","M","E","?","R","T","M","E","R","M","M","R","BOSS","M","M","?","?","$","R","E"],"build_version":"2018-12-20","purchased_purges":1,"victory":false,"max_hp_per_floor":[70,70,77,77,77,77,77,77,77,77,77,77,77,77,77,77,77,77,77,77,77,77,77,77],"card_choices":[{"not_picked":["Blur","Caltrops"],"picked":"Cloak And Dagger","floor":1.0},{"not_picked":["Setup","Deadly Poison"],"picked":"Deflect","floor":5.0},{"not_picked":["Bane","Acrobatics"],"picked":"Flying Knee","floor":6.0},{"not_picked":["Slice","Heel Hook"],"picked":"Cloak And Dagger","floor":7.0},{"not_picked":["All Out Attack","Crippling Poison"],"picked":"Finisher","floor":10.0},{"not_picked":["Sucker Punch","Concentrate"],"picked":"Noxious Fumes","floor":11.0},{"not_picked":["Reflex","Underhanded Strike"],"picked":"Leg Sweep","floor":13.0},{"not_picked":["Deflect","Poisoned Stab"],"picked":"Slice","floor":14.0},{"not_picked":["Adrenaline","A Thousand Cuts"],"picked":"Glass Knife","floor":16.0},{"not_picked":["Prepared+1","Acrobatics"],"picked":"Cloak And Dagger","floor":18.0},{"not_picked":["Deadly Poison","Caltrops+1"],"picked":"Cloak And Dagger","floor":19.0}],"player_experience":250949,"relics_obtained":[{"floor":6.0,"key":"Pocketwatch"},{"floor":7.0,"key":"Odd Mushroom"},{"floor":9.0,"key":"Bronze Scales"},{"floor":11.0,"key":"Paper Crane"}],"event_choices":[{"damage_healed":0.0,"max_hp_gain":0.0,"max_hp_loss":0.0,"gold_gain":0.0,"event_name":"Big Fish","player_choice":"Box","floor":3.0,"gold_loss":0.0,"damage_taken":0.0,"relics_obtained":["Strawberry"],"cards_obtained":["Regret"]},{"damage_healed":0.0,"max_hp_gain":0.0,"max_hp_loss":0.0,"gold_gain":175.0,"event_name":"Liars Game","player_choice":"AGREE","floor":4.0,"gold_loss":0.0,"damage_taken":0.0,"cards_obtained":["Doubt"]},{"damage_healed":0.0,"max_hp_gain":0.0,"max_hp_loss":0.0,"gold_gain":0.0,"event_name":"Mushrooms","player_choice":"Fought Mushrooms","floor":7.0,"gold_loss":0.0,"damage_taken":0.0},{"damage_healed":0.0,"max_hp_gain":0.0,"max_hp_loss":0.0,"gold_gain":0.0,"event_name":"The Mausoleum","player_choice":"Opened","floor":20.0,"gold_loss":0.0,"damage_taken":0.0,"relics_obtained":["Smiling Mask"],"cards_obtained":["Writhe"]},{"cards_removed":["Regret"],"damage_healed":0.0,"max_hp_gain":0.0,"max_hp_loss":0.0,"gold_gain":0.0,"event_name":"Back to Basics","player_choice":"Elegance","floor":21.0,"gold_loss":0.0,"damage_taken":0.0}],"is_beta":false,"boss_relics":[{"not_picked":["Cursed Key","Orrery"],"picked":"Black Star"}],"items_purged_floors":[22],"is_endless":false,"potions_floor_spawned":[1,6,10,13,18],"killed_by":"Gremlin Leader","ascension_level":3}