{"gold_per_floor":[112,112,129,141,160,160,174,189,212,223,178,178,7,22,22,122,122,137,147,147,164,164,164,183,195,195,208,208,223,238,163,163,163],"floor_reached":33,"playtime":4835,"items_purged":["Strike_R"],"score":408,"play_id":"7c6d30f0-af5f-4075-a25a-d6c491311f90","local_time":"20180704181143","is_ascension_mode":true,"campfire_choices":[{"floor":6.0,"key":"REST"},{"floor":12.0,"key":"REST"},{"data":"Uppercut","floor":15.0,"key":"SMITH"},{"data":"Inflame","floor":23.0,"key":"SMITH"},{"floor":28.0,"key":"REST"},{"floor":32,"key":"REST"}],"neow_cost":"","seed_source_timestamp":0,"circlet_count":0,"master_deck":["Strike_R","Strike_R","Defend_R","Defend_R","Defend_R","Defend_R","Bash","AscendersBane","Inflame+1","Uppercut+1","True Grit","Metallicize","Cleave","Feed","Shrug It Off","Clothesline","Carnage","Feed","Shrug It Off","Fire Breathing","Decay","Anger","Whirlwind","Bludgeon"],"special_seed":0,"relics":["Burning Blood","Unceasing Top","Regal Pillow","Cursed Key","Omamori"],"potions_floor_usage":[33],"damage_taken":[{"damage":0.0,"enemies":"2 Louse","floor":1.0,"turns":3.0},{"damage":6.0,"enemies":"Cultist","floor":3.0,"turns":4.0},{"damage":18.0,"enemies":"Jaw Worm","floor":4.0,"turns":4.0},{"damage":14.0,"enemies":"Looter","floor":5.0,"turns":3.0},{"damage":23.0,"enemies":"Gremlin Gang","floor":7.0,"turns":7.0},{"damage":6.0,"enemies":"Blue Slaver","floor":8.0,"turns":4.0},{"damage":15.0,"enemies":"3 Louse","floor":10.0,"turns":3.0},{"damage":11.0,"enemies":"Red Slaver","floor":14.0,"turns":4.0},{"damage":21.0,"enemies":"The Guardian","floor":16.0,"turns":14.0},{"damage":1.0,"enemies":"2 Thieves","floor":18.0,"turns":4.0},{"damage":3.0,"enemies":"Chosen","floor":19.0,"turns":5.0},{"damage":19.0,"enemies":"Centurion and Healer","floor":21.0,"turns":10.0},{"damage":8.0,"enemies":"Snecko","floor":24.0,"turns":5.0},{"damage":27.0,"enemies":"Snake Plant","floor":25.0,"turns":5.0},{"damage":37.0,"enemies":"3 Cultists","floor":27.0,"turns":6.0},{"damage":41.0,"enemies":"Chosen and Byrds","floor":29.0,"turns":7.0},{"damage":26,"enemies":"Cultist and Chosen","floor":30,"turns":7},{"damage":101,"enemies":"Collector","floor":33,"turns":7}],"seed_played":"-4903061948776628485","potions_obtained":[{"floor":1.0,"key":"EssenceOfSteel"},{"floor":5.0,"key":"Poison Potion"},{"floor":14.0,"key":"EntropicBrew"},{"floor":16.0,"key":"Fire Potion"},{"floor":21.0,"key":"GamblersBrew"},{"floor":24.0,"key":"SkillPotion"},{"floor":29,"key":"Swift Potion"},{"floor":30,"key":"Explosive Potion"}],"is_trial":false,"path_per_floor":["M","?","M","M","M","R","M","M","T","M","?","R","$","M","R","B",null,"M","M","?","M","?","R","M","M","T","M","R","M","M","$","R"],"character_chosen":"IRONCLAD","items_purchased":["Shrug It Off","Clothesline","Bludgeon"],"campfire_rested":4,"item_purchase_floors":[],"current_hp_per_floor":[42,42,42,30,22,46,29,29,29,20,20,59,59,54,54,39,70,78,84,84,77,77,77,75,57,57,29,73,41,21,21,66,0],"gold":163,"neow_bonus":"","is_prod":false,"is_daily":false,"chose_seed":false,"campfire_upgraded":2,"win_rate":0,"timestamp":1530753103,"path_taken":["M","?","M","M","M","R","M","M","T","M","?","R","?","M","R","BOSS","M","M","?","M","?","R","M","M","T","M","R","M","M","$","R","BOSS"],"build_version":"2018-06-28","purchased_purges":1,"victory":false,"max_hp_per_floor":[80,80,80,80,80,80,80,80,80,80,80,80,80,80,80,80,80,83,86,86,92,92,92,92,95,95,98,98,101,101,101,101,101],"card_choices":[{"not_picked":["Bloodletting","Battle Trance"],"picked":"Inflame","floor":1.0},{"not_picked":["Heavy Blade","Flex"],"picked":"Uppercut","floor":3.0},{"not_picked":["Sword Boomerang","Iron Wave"],"picked":"True Grit","floor":4.0},{"not_picked":["Warcry","True Grit"],"picked":"Metallicize","floor":5.0},{"not_picked":["Second Wind","Twin Strike","Flex"],"picked":"SKIP","floor":7.0},{"not_picked":["Battle Trance","Anger"],"picked":"Cleave","floor":8.0},{"not_picked":["Evolve","Clash"],"picked":"Feed","floor":10.0},{"not_picked":["Iron Wave","Warcry"],"picked":"Carnage","floor":14.0},{"not_picked":["Impervious","Brutality"],"picked":"Feed","floor":16.0},{"not_picked":["Havoc","Intimidate","Body Slam+1"],"picked":"SKIP","floor":18.0},{"not_picked":["True Grit","Rupture"],"picked":"Shrug It Off","floor":19.0},{"not_picked":["Sword Boomerang","Body Slam+1","Heavy Blade"],"picked":"SKIP","floor":21.0},{"not_picked":["Reckless Charge","Corruption","Clothesline+1"],"picked":"SKIP","floor":24.0},{"not_picked":["Dual Wield","Reckless Charge","Perfected Strike+1"],"picked":"SKIP","floor":25.0},{"not_picked":["Armaments","Clothesline+1"],"picked":"Anger","floor":27.0},{"not_picked":["Bloodletting","Pommel Strike"],"picked":"Whirlwind","floor":29},{"not_picked":["Sever Soul","Clothesline","Twin Strike"],"picked":"SKIP","floor":30}],"player_experience":931410,"relics_obtained":[{"floor":9.0,"key":"Regal Pillow"},{"floor":26.0,"key":"Omamori"}],"event_choices":[{"event_name":"Purifier","player_choice":"One Purge","floor":2.0,"damage_taken":0.0},{"event_name":"World of Goop","player_choice":"Left","floor":11.0,"damage_taken":0.0},{"event_name":"Transmorgrifier","player_choice":"Transform","floor":20.0,"damage_taken":0.0},{"event_name":"Match and Keep!","player_choice":"0 cards matched","floor":22.0,"damage_taken":0.0}],"boss_relics":[{"not_picked":["White Beast Statue","Coffee Dripper"],"picked":"Cursed Key"}],"items_purged_floors":[],"is_endless":false,"potions_floor_spawned":[1,5,7,10,14,16,21,24,27,29,30],"killed_by":"Collector","ascension_level":11}