{"path_per_floor":["M","M","M","$","?","R","E","M","T","M","R","E","M","?","R","B",null,"M","M","?","$","?","R","?","R","T","R","M","R","$","M","R","B",null,"M","?","M","M","?","R","M","R","T","R","E","?","R","E","R","B"],"character_chosen":"THE_SILENT","items_purchased":["Bane","Ancient Tea Set","Catalyst","Paper Crane"],"gold_per_floor":[117,136,156,58,58,58,87,105,151,164,164,199,209,284,284,363,363,377,390,390,97,97,97,247,247,247,247,264,264,24,35,35,110,110,121,121,133,152,152,152,169,169,169,169,194,194,194,220,220,220],"floor_reached":51,"campfire_rested":2,"playtime":4517,"item_purchase_floors":[],"current_hp_per_floor":[61,61,53,53,35,56,53,53,53,45,45,43,41,30,30,9,60,42,42,42,42,28,28,28,28,38,38,31,31,31,26,53,35,78,78,71,59,59,102,102,77,77,77,77,76,76,76,63,63,23],"items_purged":["Strike_G","Decay"],"gold":220,"score":1474,"play_id":"7036ede6-0029-408e-ae1b-38e77d373239","local_time":"20180611084850","is_prod":false,"is_daily":false,"chose_seed":false,"is_ascension_mode":true,"campfire_upgraded":11,"win_rate":0,"timestamp":1528732130,"campfire_choices":[{"floor":6.0,"key":"REST"},{"data":"Glass Knife","floor":11.0,"key":"SMITH"},{"data":"Bane","floor":15.0,"key":"SMITH"},{"data":"Noxious Fumes","floor":23.0,"key":"SMITH"},{"data":"Neutralize","floor":25.0,"key":"SMITH"},{"data":"A Thousand Cuts","floor":27.0,"key":"SMITH"},{"data":"Catalyst","floor":29.0,"key":"SMITH"},{"floor":32.0,"key":"REST"},{"data":"A Thousand Cuts","floor":40.0,"key":"SMITH"},{"data":"Cloak And Dagger","floor":42.0,"key":"SMITH"},{"data":"Cloak And Dagger","floor":44.0,"key":"SMITH"},{"data":"Leg Sweep","floor":47.0,"key":"SMITH"},{"data":"After Image","floor":49.0,"key":"SMITH"}],"path_taken":["M","M","M","$","?","R","E","M","T","M","R","E","M","?","R","BOSS","M","M","?","$","?","R","?","R","T","R","M","R","$","M","R","BOSS","M","?","M","M","?","R","M","R","T","R","E","?","R","E","R","BOSS"],"build_version":"2018-06-07v3","seed_source_timestamp":1793416971198445,"purchased_purges":2,"victory":true,"master_deck":["Defend_G+1","Defend_G","Defend_G+1","Defend_G","Defend_G","Strike_G","Strike_G","Strike_G","Strike_G","Survivor","Neutralize+1","AscendersBane","Noxious Fumes+1","Leg Sweep+1","Deflect","Bane+1","Glass Knife+1","Caltrops","Cloak And Dagger+1","Cloak And Dagger+1","A Thousand Cuts+1","Dagger Spray","Backflip","A Thousand Cuts+1","Dodge and Roll+1","Catalyst+1","Sucker Punch","After Image+1","Acrobatics+1","Accuracy+1","After Image","Footwork+1","Cloak And Dagger+1","Endless Agony+1"],"max_hp_per_floor":[70,70,70,70,70,70,77,77,77,77,77,77,77,77,77,77,77,77,77,77,77,82,82,82,82,92,92,92,92,92,92,92,92,92,92,92,92,92,102,102,102,102,102,102,102,102,102,102,102,102],"relics":["Ring of the Snake","Mummified Hand","Strawberry","Anchor","Prayer Wheel","Orrery","Ancient Tea Set","Pear","Paper Crane","Runic Dome","Tingsha","Smiling Mask","Meat on the Bone","War Paint"],"card_choices":[{"not_picked":["Dagger Spray","Flying Knee"],"picked":"Noxious Fumes","floor":1.0},{"not_picked":["All Out Attack","Outmaneuver"],"picked":"Leg Sweep","floor":2.0},{"not_picked":["Heel Hook","Flying Knee"],"picked":"Deflect","floor":3.0},{"not_picked":["Underhanded Strike","Deadly Poison"],"picked":"Glass Knife","floor":7.0},{"not_picked":["Deadly Poison","Calculated Gamble","PiercingWail"],"picked":"SKIP","floor":8.0},{"not_picked":["Dagger Spray","Prepared"],"picked":"Caltrops","floor":10.0},{"not_picked":["Accuracy","Prepared"],"picked":"Cloak And Dagger","floor":12.0},{"not_picked":["PiercingWail","Outmaneuver"],"picked":"Cloak And Dagger","floor":13.0},{"not_picked":["Deflect","Prepared","PiercingWail"],"picked":"SKIP","floor":13.0},{"not_picked":["Phantasmal Killer","Burst"],"picked":"A Thousand Cuts","floor":16.0},{"not_picked":["Prepared","All Out Attack"],"picked":"Dagger Spray","floor":17.0},{"not_picked":["Slice","Eviscerate"],"picked":"Backflip","floor":17.0},{"not_picked":["Quick Slash","Deflect"],"picked":"A Thousand Cuts","floor":17.0},{"not_picked":["Sucker Punch","Cloak And Dagger"],"picked":"Dodge and Roll+1","floor":18.0},{"not_picked":["Outmaneuver","Slice+1","Dagger Throw"],"picked":"SKIP","floor":18.0},{"not_picked":["Night Terror","Deadly Poison","Leg Sweep"],"picked":"SKIP","floor":19.0},{"not_picked":["Prepared","Backflip","Dagger Throw"],"picked":"SKIP","floor":19.0},{"not_picked":["Quick Slash","Deadly Poison","Outmaneuver"],"picked":"SKIP","floor":28.0},{"not_picked":["Predator","Quick Slash","Flying Knee+1"],"picked":"SKIP","floor":28.0},{"not_picked":["Dodge and Roll","Flying Knee"],"picked":"Sucker Punch","floor":31.0},{"not_picked":["Poisoned Stab","Quick Slash","Distraction"],"picked":"SKIP","floor":31.0},{"not_picked":["Storm of Steel","A Thousand Cuts"],"picked":"After Image","floor":33.0},{"not_picked":["Dodge and Roll","Dagger Spray","Acrobatics"],"picked":"SKIP","floor":35.0},{"not_picked":["Prepared","Quick Slash","Concentrate"],"picked":"SKIP","floor":35.0},{"not_picked":["Backflip","Dagger Throw"],"picked":"Acrobatics+1","floor":36.0},{"not_picked":["Sucker Punch","Poisoned Stab"],"picked":"Accuracy+1","floor":37.0},{"not_picked":["Dagger Throw","Backflip"],"picked":"After Image","floor":37.0},{"not_picked":["Prepared","Slice"],"picked":"Footwork+1","floor":38.0},{"not_picked":["Backflip","Cloak And Dagger","Underhanded Strike"],"picked":"SKIP","floor":38.0},{"not_picked":["Prepared","Deadly Poison","Dagger Throw"],"picked":"SKIP","floor":41.0},{"not_picked":["Quick Slash","Phantasmal Killer","Poisoned Stab"],"picked":"SKIP","floor":41.0},{"not_picked":["Outmaneuver","Prepared","Setup"],"picked":"SKIP","floor":45.0},{"not_picked":["Leg Sweep","Dash"],"picked":"Endless Agony+1","floor":48.0}],"player_experience":825849,"potions_floor_usage":[50,50],"damage_taken":[{"damage":2.0,"enemies":"Jaw Worm","floor":1.0,"turns":7.0},{"damage":0.0,"enemies":"2 Louse","floor":2.0,"turns":4.0},{"damage":8.0,"enemies":"Cultist","floor":3.0,"turns":7.0},{"damage":25.0,"enemies":"Lagavulin","floor":7.0,"turns":9.0},{"damage":0.0,"enemies":"Blue Slaver","floor":8.0,"turns":4.0},{"damage":8.0,"enemies":"Large Slime","floor":10.0,"turns":7.0},{"damage":14.0,"enemies":"3 Sentries","floor":12.0,"turns":6.0},{"damage":2.0,"enemies":"3 Louse","floor":13.0,"turns":4.0},{"damage":21.0,"enemies":"Slime Boss","floor":16.0,"turns":11.0},{"damage":18.0,"enemies":"Chosen","floor":18.0,"turns":7.0},{"damage":0.0,"enemies":"Shell Parasite","floor":19.0,"turns":7.0},{"damage":7.0,"enemies":"Centurion and Healer","floor":28.0,"turns":5.0},{"damage":5.0,"enemies":"Slaver and Parasite","floor":31.0,"turns":4.0},{"damage":18.0,"enemies":"Automaton","floor":33.0,"turns":10.0},{"damage":0.0,"enemies":"3 Shapes","floor":35.0,"turns":4.0},{"damage":7.0,"floor":36.0,"turns":9.0},{"damage":12.0,"enemies":"Orb Walker","floor":37.0,"turns":6.0},{"damage":0.0,"enemies":"Maw","floor":38.0,"turns":8.0},{"damage":25.0,"enemies":"Sphere and 2 Shapes","floor":41.0,"turns":4.0},{"damage":1.0,"enemies":"Giant Head","floor":45.0,"turns":8.0},{"damage":13.0,"enemies":"2 Orb Walkers","floor":48.0,"turns":4.0},{"damage":52,"enemies":"Time Eater","floor":50,"turns":15}],"relics_obtained":[{"floor":7.0,"key":"Strawberry"},{"floor":9.0,"key":"Anchor"},{"floor":12.0,"key":"Prayer Wheel"},{"floor":26.0,"key":"Pear"},{"floor":36.0,"key":"Tingsha"},{"floor":43.0,"key":"Smiling Mask"},{"floor":45.0,"key":"Meat on the Bone"},{"floor":48.0,"key":"War Paint"}],"event_choices":[{"event_name":"Scrap Ooze","player_choice":"success","floor":5.0,"damage_taken":18.0},{"event_name":"World of Goop","player_choice":"Gather Gold","floor":14.0,"damage_taken":0.0},{"event_name":"Wheel of Change","player_choice":"Curse","floor":20.0,"damage_taken":0.0},{"event_name":"Forgotten Altar","player_choice":"Shed Blood","floor":22.0,"damage_taken":0.0},{"event_name":"Nest","player_choice":"Stole From Cult","floor":24.0,"damage_taken":0.0},{"event_name":"MindBloom","player_choice":"Fight","floor":36.0,"damage_taken":0.0},{"event_name":"Bonfire Elementals","player_choice":"RARE","floor":39.0,"damage_taken":0.0},{"event_name":"Duplicator","player_choice":"One dupe","floor":46.0,"damage_taken":0.0}],"boss_relics":[{"not_picked":["Eternal Feather","Tiny House"],"picked":"Orrery"},{"not_picked":["Philosopher\u0027s Stone","Lizard Tail"],"picked":"Runic Dome"}],"items_purged_floors":[],"potions_floor_spawned":[1,7,8,16,28,31,35,45],"seed_played":"-3130040943347042198","ascension_level":13,"potions_obtained":[{"floor":1.0,"key":"PowerPotion"},{"floor":7.0,"key":"PowerPotion"},{"floor":8.0,"key":"Explosive Potion"},{"floor":16.0,"key":"Fire Potion"},{"floor":28.0,"key":"GhostInAJar"},{"floor":31.0,"key":"SkillPotion"},{"floor":35.0,"key":"AttackPotion"}],"is_trial":false}