{"gold_per_floor":[109,126,126,76,96,96,128,128,128,128,162,173,173,173],"floor_reached":14,"playtime":471,"items_purged":[],"score":181,"play_id":"84ff79ef-4c5f-4a80-9e9f-c4897636e5a8","local_time":"20181022143802","is_ascension_mode":true,"campfire_choices":[{"data":"Noxious Fumes","floor":6,"key":"SMITH"},{"data":"Well Laid Plans","floor":8,"key":"SMITH"},{"floor":10,"key":"REST"},{"floor":13,"key":"REST"}],"neow_cost":"NONE","seed_source_timestamp":1111890595671388,"circlet_count":0,"master_deck":["Defend_G","Defend_G","Defend_G","Defend_G","Defend_G","Strike_G","Strike_G","Strike_G","Strike_G","Strike_G","Survivor","Neutralize","AscendersBane","Noxious Fumes+1","Noxious Fumes+1","Dodge and Roll","Flying Knee","Well Laid Plans+1"],"relics":["Ring of the Snake","NeowsBlessing","WingedGreaves","Shuriken","Frozen Egg 2"],"potions_floor_usage":[],"damage_taken":[{"damage":0,"enemies":"Small Slimes","floor":1,"turns":1},{"damage":0,"enemies":"2 Louse","floor":2,"turns":1},{"damage":0,"enemies":"Jaw Worm","floor":5,"turns":1},{"damage":34,"enemies":"Gremlin Nob","floor":7,"turns":5},{"damage":14,"enemies":"3 Sentries","floor":11,"turns":6},{"damage":25,"enemies":"Gremlin Gang","floor":12,"turns":4},{"damage":26,"enemies":"Lots of Slimes","floor":14,"turns":2}],"seed_played":"554690407553766197","potions_obtained":[{"floor":2,"key":"Weak Potion"},{"floor":7,"key":"Swift Potion"}],"is_trial":false,"path_per_floor":["M","M","?","$","M","R","E","R","T","R","E","M","R"],"character_chosen":"THE_SILENT","items_purchased":["Dodge and Roll"],"campfire_rested":2,"item_purchase_floors":[4],"current_hp_per_floor":[59,59,59,59,59,59,25,25,25,44,30,5,24,0],"gold":173,"neow_bonus":"THREE_ENEMY_KILL","is_prod":false,"is_daily":false,"chose_seed":false,"campfire_upgraded":2,"win_rate":0,"timestamp":1540244282,"path_taken":["M","M","?","$","M","R","E","R","T","R","E","?","R","M"],"build_version":"2018-10-18","purchased_purges":0,"victory":false,"max_hp_per_floor":[66,66,66,66,66,66,66,66,66,66,66,66,66,66],"card_choices":[{"not_picked":["Flying Knee","Footwork","Noxious Fumes"],"picked":"SKIP","floor":1},{"not_picked":["Flying Knee","Footwork"],"picked":"Noxious Fumes","floor":1},{"not_picked":["Backflip","Backstab"],"picked":"Noxious Fumes","floor":2},{"not_picked":["PiercingWail","Tactician"],"picked":"Flying Knee","floor":5},{"not_picked":["Expertise","Venomology"],"picked":"Well Laid Plans","floor":7},{"not_picked":["Tactician","Flying Knee","Choke"],"picked":"SKIP","floor":11},{"not_picked":["Underhanded Strike","Acrobatics","Heel Hook"],"picked":"SKIP","floor":12}],"player_experience":1180353,"relics_obtained":[{"floor":7,"key":"WingedGreaves"},{"floor":9,"key":"Shuriken"},{"floor":11,"key":"Frozen Egg 2"}],"event_choices":[{"damage_healed":0,"gold_gain":0,"player_choice":"Grow","damage_taken":0,"max_hp_gain":0,"max_hp_loss":0,"event_name":"Living Wall","floor":3,"gold_loss":0,"cards_upgraded":["Noxious Fumes"]}],"is_beta":false,"boss_relics":[],"items_purged_floors":[],"is_endless":false,"potions_floor_spawned":[2,7],"killed_by":"Lots of Slimes","ascension_level":17}