{"gold_per_floor":[118,118,22,40,17,43,43,73,73,88,88,108,126,144,144,240,240,260,3,20,40,58,58,86,86,86,86,86,101,134,150,150,150],"floor_reached":33,"playtime":1615,"items_purged":[],"score":408,"play_id":"94b7750a-9399-416e-a357-e1c93f6868a0","local_time":"20181227032653","is_ascension_mode":true,"campfire_choices":[{"data":"Armaments","floor":7,"key":"SMITH"},{"data":"Pummel","floor":15,"key":"SMITH"},{"floor":23,"key":"REST"},{"floor":25,"key":"REST"},{"floor":27,"key":"REST"},{"floor":32,"key":"REST"}],"neow_cost":"NONE","seed_source_timestamp":717202506088929,"circlet_count":0,"master_deck":["Strike_R","Strike_R","Strike_R","Strike_R","Strike_R","Defend_R","Defend_R","Defend_R","Defend_R","Bash+1","Anger","Metallicize","Pommel Strike","Feel No Pain","Armaments+1","Pummel+1","Shrug It Off","Carnage","Regret","Shrug It Off","Battle Trance","Pummel","Double Tap","Power Through","Wild Strike+1","Flex","Pummel+1","Iron Wave","Fire Breathing","Blood for Blood","Sentinel+1"],"relics":["Burning Blood","NeowsBlessing","Blue Candle","Odd Mushroom","Sundial","Boot","Black Star","Kunai","Lantern","Bottled Flame","Nilry\u0027s Codex","Ancient Tea Set","Potion Belt"],"potions_floor_usage":[8,10,14,16,24,30,31,33],"damage_taken":[{"damage":0,"enemies":"2 Louse","floor":1,"turns":1},{"damage":0,"enemies":"Cultist","floor":4,"turns":1},{"damage":0,"enemies":"3 Sentries","floor":6,"turns":1},{"damage":29,"enemies":"The Mushroom Lair","floor":8,"turns":5},{"damage":0,"enemies":"Jaw Worm","floor":10,"turns":2},{"damage":0,"enemies":"2 Fungi Beasts","floor":12,"turns":2},{"damage":5,"enemies":"Exordium Wildlife","floor":13,"turns":4},{"damage":8,"enemies":"3 Louse","floor":14,"turns":4},{"damage":35,"enemies":"Hexaghost","floor":16,"turns":9},{"damage":15,"enemies":"Spheric Guardian","floor":18,"turns":3},{"damage":30,"enemies":"2 Thieves","floor":20,"turns":4},{"damage":6,"enemies":"Chosen and Byrds","floor":21,"turns":7},{"damage":15,"enemies":"Centurion and Healer","floor":22,"turns":6},{"damage":46,"enemies":"Book of Stabbing","floor":24,"turns":4},{"damage":34,"enemies":"Shelled Parasite and Fungi","floor":29,"turns":5},{"damage":23,"enemies":"Slavers","floor":30,"turns":6},{"damage":0,"enemies":"Cultist and Chosen","floor":31,"turns":4},{"damage":57,"enemies":"Automaton","floor":33,"turns":6}],"seed_played":"-8980908205935842182","potions_obtained":[{"floor":4,"key":"Block Potion"},{"floor":6,"key":"Dexterity Potion"},{"floor":8,"key":"AttackPotion"},{"floor":12,"key":"Strength Potion"},{"floor":16,"key":"Dexterity Potion"},{"floor":22,"key":"Regen Potion"},{"floor":30,"key":"SkillPotion"},{"floor":31,"key":"LiquidBronze"}],"is_trial":false,"path_per_floor":["M","?","$","M","$","E","R","?","T","M","?","M","M","M","R","B",null,"M","$","M","M","M","R","E","R","T","R","?","M","E","M","R","B"],"character_chosen":"IRONCLAD","items_purchased":["Metallicize","Pommel Strike","Armaments","Kunai"],"campfire_rested":4,"item_purchase_floors":[3,3,5,19],"current_hp_per_floor":[78,78,78,80,80,80,80,57,57,63,63,69,70,68,68,39,70,61,61,37,37,28,52,24,48,48,72,56,28,11,17,41,0],"gold":150,"neow_bonus":"THREE_ENEMY_KILL","is_prod":false,"is_daily":false,"chose_seed":false,"campfire_upgraded":2,"win_rate":0,"timestamp":1545899213,"path_taken":["M","?","$","?","$","E","R","?","T","M","?","?","M","M","R","BOSS","M","$","M","M","M","R","E","R","T","R","?","M","E","M","R","BOSS"],"build_version":"2018-12-20","purchased_purges":0,"victory":false,"max_hp_per_floor":[80,80,80,80,80,80,80,80,80,80,80,80,80,80,80,80,80,80,80,80,80,80,80,80,80,80,80,80,80,80,80,80,80],"card_choices":[{"not_picked":["Headbutt","Spot Weakness"],"picked":"Anger","floor":1},{"not_picked":["Clash","Second Wind"],"picked":"Feel No Pain","floor":4},{"not_picked":["Perfected Strike","Headbutt"],"picked":"Pummel","floor":6},{"not_picked":["Corruption","Clothesline"],"picked":"Shrug It Off","floor":8},{"not_picked":["Demon Form","Body Slam"],"picked":"Carnage","floor":10},{"not_picked":["Perfected Strike","Havoc"],"picked":"Shrug It Off","floor":12},{"not_picked":["Shrug It Off","True Grit"],"picked":"Battle Trance","floor":13},{"not_picked":["Headbutt","Intimidate"],"picked":"Pummel","floor":14},{"not_picked":["Demon Form","Offering"],"picked":"Double Tap","floor":16},{"not_picked":["Clothesline","Cleave"],"picked":"Power Through","floor":18},{"not_picked":["Perfected Strike","Havoc+1"],"picked":"Wild Strike+1","floor":20},{"not_picked":["Sword Boomerang","Heavy Blade"],"picked":"Flex","floor":21},{"not_picked":["Sword Boomerang","Thunderclap"],"picked":"Pummel+1","floor":22},{"not_picked":["Warcry","Battle Trance"],"picked":"Iron Wave","floor":24},{"not_picked":["Sword Boomerang","Demon Form"],"picked":"Fire Breathing","floor":29},{"not_picked":["Sever Soul","Cleave"],"picked":"Blood for Blood","floor":30},{"not_picked":["Cleave","Infernal Blade"],"picked":"Sentinel+1","floor":31}],"player_experience":266032,"relics_obtained":[{"floor":6,"key":"Blue Candle"},{"floor":8,"key":"Odd Mushroom"},{"floor":9,"key":"Sundial"},{"floor":24,"key":"Lantern"},{"floor":24,"key":"Bottled Flame"},{"floor":28,"key":"Nilry\u0027s Codex"},{"floor":30,"key":"Ancient Tea Set"},{"floor":30,"key":"Potion Belt"}],"event_choices":[{"damage_healed":0,"gold_gain":0,"player_choice":"Upgraded","damage_taken":0,"max_hp_gain":0,"max_hp_loss":0,"event_name":"Upgrade Shrine","floor":2,"gold_loss":0,"cards_upgraded":["Bash"]},{"damage_healed":0,"gold_gain":0,"player_choice":"Fought Mushrooms","damage_taken":0,"max_hp_gain":0,"max_hp_loss":0,"event_name":"Mushrooms","floor":8,"gold_loss":0},{"damage_healed":0,"gold_gain":0,"player_choice":"Box","damage_taken":0,"relics_obtained":["Boot"],"max_hp_gain":0,"max_hp_loss":0,"event_name":"Big Fish","floor":11,"gold_loss":0,"cards_obtained":["Regret"]},{"damage_healed":0,"gold_gain":0,"player_choice":"Obtained Book","damage_taken":16,"max_hp_gain":0,"max_hp_loss":0,"event_name":"Cursed Tome","floor":28,"gold_loss":0}],"is_beta":false,"boss_relics":[{"not_picked":["Runic Cube","Astrolabe"],"picked":"Black Star"}],"items_purged_floors":[],"is_endless":false,"potions_floor_spawned":[4,6,8,12,16,22,30,31],"killed_by":"Automaton","ascension_level":6}