{"path_per_floor":["M","?","M","$","M","E","M","M","T","M","R","$","R","M","R","B",null,"M","?","$","M","M"],"character_chosen":"IRONCLAD","items_purchased":["Finesse","Metallicize","Spot Weakness"],"gold_per_floor":[210,210,221,37,55,83,93,106,129,149,149,6,6,22,22,119,119,129,129,29,45,60],"floor_reached":23,"campfire_rested":2,"playtime":7302,"current_hp_per_floor":[80,80,65,65,68,26,10,16,16,12,12,12,36,27,51,28,80,54,39,39,25,8],"items_purged":["Strike_R","Strike_R"],"gold":60,"play_id":"3cd0d4cf-2ad0-450b-b5d8-e830ae568813","is_prod":false,"is_daily":false,"campfire_rituals":0,"campfire_upgraded":1,"is_hardmode":false,"path_taken":["M","?","M","$","M","E","M","M","T","M","R","$","R","M","R","BOSS","M","?","$","M","M","E"],"build_version":"2018-01-18-PROD4","purchased_purges":3,"victory":false,"master_deck":["Strike_R","Strike_R","Defend_R","Defend_R","Defend_R","Defend_R","Bash","True Grit","Body Slam","Finesse","Metallicize","Spot Weakness","Demon Form","Limit Break","Shrug It Off","Inflame"],"max_hp_per_floor":[80,80,80,80,80,80,80,80,80,80,80,80,80,80,80,80,80,80,85,85,85,85],"relics":["Burning Blood","Pen Nib","Whetstone","White Beast Statue"],"campfire_meditates":0,"card_choices":[{"not_picked":["Havoc","Clash"],"picked":"True Grit"},{"not_picked":["Hemokinesis","Sword Boomerang"],"picked":"Body Slam"},{"not_picked":["Flex","Sword Boomerang"],"picked":"Demon Form"},{"not_picked":["Immolate","Double Tap"],"picked":"Limit Break"},{"not_picked":["Havoc","Twin Strike"],"picked":"Shrug It Off"},{"not_picked":["Heavy Blade","Fire Breathing"],"picked":"Inflame"}],"player_experience":170120,"potions_floor_usage":[21,23,23],"damage_taken":[{"damage":0.0,"enemies":"Small Slimes","floor":1.0,"turns":3.0},{"damage":21.0,"enemies":"Blue Slaver","floor":3.0,"turns":4.0},{"damage":3.0,"enemies":"2 Louse","floor":5.0,"turns":3.0},{"damage":48.0,"enemies":"Lagavulin","floor":6.0,"turns":9.0},{"damage":22.0,"enemies":"Exordium Wildlife","floor":7.0,"turns":7.0},{"damage":0.0,"enemies":"2 Fungi Beasts","floor":8.0,"turns":7.0},{"damage":10.0,"enemies":"3 Louse","floor":10.0,"turns":3.0},{"damage":15.0,"enemies":"Large Slime","floor":14.0,"turns":6.0},{"damage":29.0,"enemies":"The Guardian","floor":16.0,"turns":9.0},{"damage":32.0,"enemies":"Spheric Guardian","floor":18.0,"turns":6.0},{"damage":35,"enemies":"3 Byrds","floor":21,"turns":8},{"damage":23,"enemies":"Sentry and Sphere","floor":22,"turns":9},{"damage":19,"enemies":"Slavers","floor":23,"turns":1}],"event_choices":[{"event_name":"Purifier","player_choice":"One Purge","floor":2.0,"damage_taken":0.0},{"event_name":"Forgotten Altar","player_choice":"Shed Blood","floor":19.0,"damage_taken":0.0}],"boss_relics":[],"potions_floor_spawned":[3,5,6,14,18,21,22],"seed_played":"-398321549739985812","killed_by":"Slavers","is_trial":false}