{"path_per_floor":["M","M","M","M","$","R","E","?","T","M","M"],"character_chosen":"DEFECT","items_purchased":["Lockon"],"gold_per_floor":[114,129,144,159,17,17,47,122,147,162,177,177],"floor_reached":12,"campfire_rested":0,"playtime":425,"item_purchase_floors":[5],"current_hp_per_floor":[74,66,55,43,43,43,21,10,10,2,2,0],"items_purged":["Strike_B"],"gold":177,"score":107,"play_id":"3d7a0adc-2e82-43e1-8b2b-bc77ecdff92b","local_time":"20180610122927","daily_mods":["Specialized","Uncertain Future","Night Terrors"],"is_prod":false,"is_daily":true,"chose_seed":false,"is_ascension_mode":false,"campfire_upgraded":1,"win_rate":0.0,"timestamp":1528597767,"campfire_choices":[{"data":"Storm","floor":6,"key":"SMITH"}],"path_taken":["M","?","M","M","$","R","E","?","T","M","M","M"],"build_version":"2018-06-07v3","seed_source_timestamp":0,"purchased_purges":1,"victory":false,"master_deck":["Strike_B","Strike_B","Strike_B","Defend_B","Defend_B","Defend_B","Defend_B","Zap","Dualcast","Seek","Seek","Seek","Seek","Seek","Capacitor","Scrape","Redo","Storm+1","Lockon","FTL","Conserve Battery","Conserve Battery"],"max_hp_per_floor":[75,75,75,75,75,75,75,75,75,75,75,75],"relics":["Cracked Core","Mercury Hourglass","Art of War"],"card_choices":[{"not_picked":["Compile Driver","Conserve Battery"],"picked":"Capacitor","floor":1},{"not_picked":["Barrage","Coolheaded"],"picked":"Scrape","floor":2},{"not_picked":["Go for the Eyes","Compile Driver"],"picked":"Redo","floor":3},{"not_picked":["Coolheaded","Go for the Eyes"],"picked":"Storm","floor":4},{"not_picked":["Barrage","Ball Lightning"],"picked":"FTL","floor":7},{"not_picked":["Lockon","Chill"],"picked":"Conserve Battery","floor":10},{"not_picked":["Leap","Sweeping Beam"],"picked":"Conserve Battery","floor":11}],"player_experience":339127,"potions_floor_usage":[7],"damage_taken":[{"damage":1,"enemies":"Cultist","floor":1,"turns":4},{"damage":8,"enemies":"2 Louse","floor":2,"turns":2},{"damage":11,"enemies":"Jaw Worm","floor":3,"turns":3},{"damage":12,"enemies":"2 Fungi Beasts","floor":4,"turns":3},{"damage":22,"enemies":"3 Sentries","floor":7,"turns":5},{"damage":8,"enemies":"Exordium Thugs","floor":10,"turns":4},{"damage":0,"enemies":"Looter","floor":11,"turns":4},{"damage":2,"enemies":"3 Louse","floor":12,"turns":2}],"relics_obtained":[{"floor":7,"key":"Mercury Hourglass"},{"floor":9,"key":"Art of War"}],"event_choices":[{"event_name":"World of Goop","player_choice":"Gather Gold","floor":8,"damage_taken":0}],"boss_relics":[],"items_purged_floors":[5],"potions_floor_spawned":[2,3,11],"seed_played":"3483754520663097572","killed_by":"3 Louse","ascension_level":0,"potions_obtained":[{"floor":2,"key":"PowerPotion"},{"floor":3,"key":"Ancient Potion"},{"floor":11,"key":"SpeedPotion"}],"is_trial":false}