{"gold_per_floor":[114,124,124,124,124,124,150,150,150,150,126,142,167,185,185,264,264,274,298,40,40,57,57,57,57,83,114,114,130,145,174,174,174],"floor_reached":33,"playtime":2181,"items_purged":[],"score":562,"play_id":"7a90da45-079d-4454-b25a-89014688290b","local_time":"20181024142117","is_ascension_mode":true,"campfire_choices":[{"data":"Armaments","floor":6.0,"key":"SMITH"},{"data":"Havoc","floor":8.0,"key":"SMITH"},{"data":"Defend_R","floor":15.0,"key":"PURGE"},{"data":"Defend_R","floor":23.0,"key":"PURGE"},{"data":"Rampage","floor":25.0,"key":"SMITH"},{"data":"Fiend Fire","floor":28.0,"key":"SMITH"},{"floor":32.0,"key":"REST"}],"neow_cost":"NONE","seed_source_timestamp":1281657036276893,"circlet_count":0,"master_deck":["Strike_R","Strike_R","Strike_R","Strike_R","Strike_R","Defend_R","Defend_R","Bash","AscendersBane","Armaments+1","Havoc+1","Finesse","Clothesline","Shrug It Off","Shrug It Off","Shockwave","Shrug It Off","Fiend Fire+1","Rampage+1","Disarm","Thunderclap+1","Dual Wield"],"special_seed":0,"relics":["Burning Blood","NeowsBlessing","Nunchaku","Peace Pipe","Meat on the Bone","Pear","Velvet Choker","PreservedInsect","Paper Frog","Molten Egg 2","Centennial Puzzle","Shovel","Boot"],"potions_floor_usage":[33],"damage_taken":[{"damage":0.0,"enemies":"Small Slimes","floor":1.0,"turns":1.0},{"damage":0.0,"enemies":"Cultist","floor":2.0,"turns":1.0},{"damage":0.0,"enemies":"Gremlin Nob","floor":7.0,"turns":1.0},{"damage":5.0,"enemies":"Jaw Worm","floor":12.0,"turns":4.0},{"damage":20.0,"enemies":"3 Sentries","floor":13.0,"turns":13.0},{"damage":13.0,"enemies":"Exordium Wildlife","floor":14.0,"turns":5.0},{"damage":58.0,"enemies":"Hexaghost","floor":16.0,"turns":15.0},{"damage":21.0,"enemies":"Spheric Guardian","floor":18.0,"turns":6.0},{"damage":6.0,"enemies":"3 Byrds","floor":22.0,"turns":7.0},{"damage":29.0,"enemies":"Colosseum Slavers","floor":24.0,"turns":5.0},{"damage":35.0,"enemies":"Gremlin Leader","floor":27.0,"turns":4.0},{"damage":7.0,"enemies":"Snecko","floor":29.0,"turns":3.0},{"damage":14.0,"enemies":"Centurion and Healer","floor":30.0,"turns":8.0},{"damage":28.0,"enemies":"Slavers","floor":31.0,"turns":4.0},{"damage":83,"enemies":"Automaton","floor":33,"turns":10}],"seed_played":"5744559901383309854","potions_obtained":[{"floor":2.0,"key":"Regen Potion"},{"floor":3.0,"key":"Fruit Juice"},{"floor":3.0,"key":"SkillPotion"},{"floor":14.0,"key":"PowerPotion"},{"floor":16.0,"key":"SteroidPotion"},{"floor":18.0,"key":"Fruit Juice"},{"floor":22.0,"key":"Weak Potion"},{"floor":31.0,"key":"SneckoOil"}],"is_trial":false,"path_per_floor":["M","M","?","?","?","R","E","R","T","T","$","M","E","M","R","B",null,"M","T","$","?","M","R","?","R","T","E","R","M","M","E","R"],"character_chosen":"IRONCLAD","items_purchased":["Shrug It Off","Paper Frog"],"campfire_rested":1,"item_purchase_floors":[11,20],"current_hp_per_floor":[74,75,80,85,85,85,85,85,85,85,85,85,81,74,74,49,84,69,69,69,69,74,74,63,63,63,46,46,57,61,51,81,0],"gold":174,"neow_bonus":"THREE_ENEMY_KILL","is_prod":false,"is_daily":false,"chose_seed":false,"campfire_upgraded":4,"win_rate":0,"timestamp":1540416077,"path_taken":["M","M","?","?","?","R","E","R","T","?","$","?","E","M","R","BOSS","M","?","$","?","?","R","?","R","T","E","R","M","?","E","R","BOSS"],"build_version":"2018-10-18","purchased_purges":0,"victory":false,"max_hp_per_floor":[75,75,80,85,85,85,85,85,85,85,85,85,95,95,95,95,95,95,95,95,95,100,100,100,100,100,100,100,100,100,100,100,100],"card_choices":[{"not_picked":["Anger","Clash"],"picked":"Armaments","floor":1.0},{"not_picked":["Rage","Fire Breathing"],"picked":"Havoc","floor":2.0},{"not_picked":["Anger","Perfected Strike"],"picked":"Clothesline","floor":7.0},{"not_picked":["Fire Breathing","Anger"],"picked":"Shrug It Off","floor":12.0},{"not_picked":["Headbutt","Warcry"],"picked":"Shockwave","floor":13.0},{"not_picked":["Armaments","Clash"],"picked":"Shrug It Off","floor":14.0},{"not_picked":["Brutality","Limit Break"],"picked":"Fiend Fire","floor":16.0},{"not_picked":["Sword Boomerang","Sever Soul+1"],"picked":"Rampage","floor":18.0},{"not_picked":["Pommel Strike+1","Metallicize"],"picked":"Disarm","floor":22.0},{"not_picked":["Flame Barrier+1","Second Wind+1"],"picked":"Thunderclap+1","floor":27.0},{"not_picked":["Cleave+1","Clash+1","Perfected Strike+1"],"picked":"SKIP","floor":29.0},{"not_picked":["Perfected Strike+1","Clash+1"],"picked":"Dual Wield","floor":30.0},{"not_picked":["Rupture","Clothesline+1","True Grit"],"picked":"SKIP","floor":31.0}],"player_experience":1196760,"relics_obtained":[{"floor":7.0,"key":"Nunchaku"},{"floor":9.0,"key":"Peace Pipe"},{"floor":10.0,"key":"Meat on the Bone"},{"floor":13.0,"key":"Pear"},{"floor":19.0,"key":"PreservedInsect"},{"floor":26.0,"key":"Centennial Puzzle"},{"floor":27.0,"key":"Shovel"},{"floor":31.0,"key":"Boot"}],"event_choices":[{"damage_healed":0.0,"max_hp_gain":0.0,"max_hp_loss":0.0,"gold_gain":0.0,"event_name":"The Lab","player_choice":"Got Potions","floor":3.0,"gold_loss":0.0,"damage_taken":0.0},{"damage_healed":0.0,"max_hp_gain":5.0,"max_hp_loss":0.0,"gold_gain":0.0,"event_name":"Big Fish","player_choice":"Donut","floor":4.0,"gold_loss":0.0,"damage_taken":0.0},{"damage_healed":0.0,"max_hp_gain":0.0,"max_hp_loss":0.0,"gold_gain":0.0,"event_name":"Match and Keep!","player_choice":"1 cards matched","floor":5.0,"gold_loss":0.0,"damage_taken":0.0,"cards_obtained":["Finesse"]},{"damage_healed":0.0,"max_hp_gain":0.0,"max_hp_loss":0.0,"gold_gain":0.0,"event_name":"The Mausoleum","player_choice":"Opened","floor":21.0,"gold_loss":0.0,"damage_taken":0.0,"relics_obtained":["Molten Egg 2"]},{"damage_healed":0.0,"max_hp_gain":0.0,"max_hp_loss":0.0,"gold_gain":0.0,"event_name":"Colosseum","player_choice":"Fight","floor":24.0,"gold_loss":0.0,"damage_taken":0.0},{"damage_healed":0.0,"max_hp_gain":0.0,"max_hp_loss":0.0,"gold_gain":0.0,"event_name":"Colosseum","player_choice":"Fled From Nobs","floor":24.0,"gold_loss":0.0,"damage_taken":0.0}],"is_beta":false,"boss_relics":[{"not_picked":["Runic Dome","Philosopher\u0027s Stone"],"picked":"Velvet Choker"}],"items_purged_floors":[],"is_endless":false,"potions_floor_spawned":[2,14,16,18,22,31],"killed_by":"Automaton","ascension_level":14}