{"gold_per_floor":[109,127,141,13,33,33,50,50,50,50,50,50,50,64,64,139,139,152,152,152,152],"floor_reached":21,"playtime":2803,"items_purged":[],"score":330,"play_id":"2f13d113-79e3-4e4a-a86e-e6c1735aaf5a","local_time":"20190125134130","is_ascension_mode":true,"campfire_choices":[{"data":"Envenom","floor":6.0,"key":"SMITH"},{"data":"Bane","floor":8.0,"key":"SMITH"},{"data":"Neutralize","floor":10.0,"key":"SMITH"},{"data":"Crippling Poison","floor":12.0,"key":"SMITH"},{"data":"Cloak And Dagger","floor":15.0,"key":"SMITH"}],"neow_cost":"NONE","seed_source_timestamp":766154134880381,"circlet_count":0,"master_deck":["AscendersBane","Defend_G","Defend_G","Defend_G","Defend_G","Defend_G","Strike_G","Strike_G","Strike_G","Strike_G","Strike_G","Survivor","Neutralize+1","Envenom+1","Bane+1","Well Laid Plans","Well Laid Plans","Deadly Poison+1","Backstab","Crippling Poison+1","Cloak And Dagger+1","Burst","Bouncing Flask"],"special_seed":0,"relics":["Ring of the Snake","Calipers","Snecko Eye"],"potions_floor_usage":[18],"damage_taken":[{"damage":6.0,"enemies":"Cultist","floor":1.0,"turns":5.0},{"damage":2.0,"enemies":"Jaw Worm","floor":2.0,"turns":4.0},{"damage":3.0,"enemies":"2 Louse","floor":3.0,"turns":3.0},{"damage":9.0,"enemies":"Looter","floor":5.0,"turns":3.0},{"damage":6.0,"enemies":"Exordium Wildlife","floor":7.0,"turns":3.0},{"damage":6.0,"enemies":"Large Slime","floor":14.0,"turns":5.0},{"damage":14.0,"enemies":"The Guardian","floor":16.0,"turns":9.0},{"damage":29,"enemies":"Spheric Guardian","floor":18,"turns":6},{"damage":6,"enemies":"3 Byrds","floor":21,"turns":2}],"seed_played":"1544291409773489209","potions_obtained":[{"floor":5.0,"key":"SpeedPotion"},{"floor":7.0,"key":"GhostInAJar"},{"floor":16.0,"key":"Block Potion"}],"is_trial":false,"path_per_floor":["M","M","M","$","M","R","M","R","T","R","$","R","?","M","R","B",null,"M","?","?","M"],"character_chosen":"THE_SILENT","items_purchased":["Deadly Poison","Backstab"],"campfire_rested":0,"item_purchase_floors":[4,4],"current_hp_per_floor":[53,51,48,48,39,39,33,33,33,33,33,33,33,27,27,13,53,24,6,6,0],"gold":152,"neow_bonus":"ONE_RANDOM_RARE_CARD","is_prod":false,"is_daily":false,"chose_seed":false,"campfire_upgraded":5,"win_rate":0,"timestamp":1548452490,"path_taken":["M","?","?","$","M","R","M","R","T","R","$","R","?","M","R","BOSS","M","?","?","M"],"build_version":"2019-01-23","purchased_purges":0,"victory":false,"max_hp_per_floor":[66,66,66,66,66,66,66,66,66,66,66,66,66,66,66,66,66,66,71,71,71],"card_choices":[{"not_picked":["Acrobatics","Tactician"],"picked":"Bane","floor":1.0},{"not_picked":["Dagger Throw","Leg Sweep"],"picked":"Well Laid Plans","floor":2.0},{"not_picked":["Setup","Prepared"],"picked":"Well Laid Plans","floor":3.0},{"not_picked":["Expertise","Reflex","Slice"],"picked":"SKIP","floor":5.0},{"not_picked":["Infinite Blades","Endless Agony"],"picked":"Crippling Poison","floor":7.0},{"not_picked":["PiercingWail","Underhanded Strike"],"picked":"Cloak And Dagger","floor":14.0},{"not_picked":["Bullet Time","Venomology"],"picked":"Burst","floor":16.0},{"not_picked":["Prepared","Underhanded Strike"],"picked":"Bouncing Flask","floor":18}],"player_experience":1763508,"relics_obtained":[{"floor":9.0,"key":"Calipers"}],"event_choices":[{"damage_healed":0.0,"max_hp_gain":0.0,"max_hp_loss":0.0,"gold_gain":0.0,"event_name":"Living Wall","player_choice":"Grow","floor":13.0,"gold_loss":0.0,"damage_taken":0.0,"cards_upgraded":["Deadly Poison"]},{"damage_healed":0,"gold_gain":0,"player_choice":"Shed Blood","damage_taken":23,"max_hp_gain":5,"max_hp_loss":0,"event_name":"Forgotten Altar","floor":19,"gold_loss":0},{"damage_healed":0,"gold_gain":0,"player_choice":"Ignored","damage_taken":0,"max_hp_gain":0,"max_hp_loss":0,"event_name":"Cursed Tome","floor":20,"gold_loss":0}],"is_beta":false,"boss_relics":[{"not_picked":["White Beast Statue","Lizard Tail"],"picked":"Snecko Eye"}],"items_purged_floors":[],"is_endless":false,"potions_floor_spawned":[5,7,14,16],"killed_by":"3 Byrds","ascension_level":19}