{"gold_per_floor":[111,286,286,301,56,56,56,76,122,136,136,167,167,179,179,253,253,263,139,163,179,198,198,226,226,226,226,238,238,39,50,50,121,121,140,140,159,175,49,49],"floor_reached":40,"playtime":1501,"items_purged":["Doubt","Lockon","Aggregate","Doom and Gloom"],"score":670,"play_id":"df651098-8e5a-41c3-961d-34765131e932","local_time":"20181219234032","is_ascension_mode":true,"campfire_choices":[{"floor":7.0,"key":"REST"},{"data":"Zap","floor":11.0,"key":"SMITH"},{"floor":15.0,"key":"REST"},{"floor":23,"key":"REST"},{"floor":25,"key":"REST"},{"data":"Defragment","floor":27,"key":"SMITH"},{"floor":32,"key":"REST"}],"neow_cost":"NONE","seed_source_timestamp":432826919784862,"circlet_count":0,"master_deck":["AscendersBane","Zap+1","Dualcast","Capacitor","Cold Snap","Conserve Battery","Capacitor","Defragment+1","Steam","Hologram","Reboot","Sweeping Beam","Skim","Skim","Buffer","Glacier","Zap","Self Repair","Blizzard","Seek","BootSequence"],"special_seed":0,"relics":["FrozenCore","NeowsBlessing","Smiling Mask","TheAbacus","Anchor","Omamori","Pandora\u0027s Box","Blood Vial","Art of War","Bottled Tornado"],"potions_floor_usage":[21,24,35,38],"damage_taken":[{"damage":0.0,"enemies":"Jaw Worm","floor":1.0,"turns":1.0},{"damage":0.0,"enemies":"Small Slimes","floor":4.0,"turns":1.0},{"damage":0.0,"enemies":"Cultist","floor":8.0,"turns":1.0},{"damage":2.0,"enemies":"Looter","floor":10.0,"turns":4.0},{"damage":17.0,"enemies":"3 Sentries","floor":12.0,"turns":7.0},{"damage":0.0,"enemies":"Exordium Thugs","floor":14.0,"turns":6.0},{"damage":38.0,"enemies":"Hexaghost","floor":16.0,"turns":11.0},{"damage":8.0,"enemies":"Spheric Guardian","floor":18.0,"turns":6.0},{"damage":17,"enemies":"2 Thieves","floor":21,"turns":4},{"damage":11,"enemies":"Chosen and Byrds","floor":22,"turns":6},{"damage":44,"enemies":"Slavers","floor":24,"turns":7},{"damage":21,"enemies":"Cultist and Chosen","floor":28,"turns":5},{"damage":18,"enemies":"Snake Plant","floor":31,"turns":5},{"damage":54,"enemies":"Automaton","floor":33,"turns":12},{"damage":33,"enemies":"3 Shapes","floor":35,"turns":6},{"damage":0,"enemies":"Orb Walker","floor":37,"turns":5},{"damage":7,"enemies":"Spire Growth","floor":38,"turns":8},{"damage":68,"enemies":"Reptomancer","floor":40,"turns":2}],"seed_played":"5161764608491647146","potions_obtained":[{"floor":1.0,"key":"SkillPotion"},{"floor":12.0,"key":"FocusPotion"},{"floor":14.0,"key":"AttackPotion"},{"floor":16.0,"key":"Poison Potion"},{"floor":21,"key":"FairyPotion"},{"floor":33,"key":"Fire Potion"},{"floor":37,"key":"SpeedPotion"}],"is_trial":false,"path_per_floor":["M","?","?","M","$","?","R","M","T","M","R","E","?","M","R","B",null,"M","$","T","M","M","R","E","R","T","R","M","?","$","M","R","B",null,"M","?","M","M","$","E"],"character_chosen":"DEFECT","items_purchased":["TheAbacus","Regen Potion","Self Repair","Blizzard","BootSequence"],"campfire_rested":5,"item_purchase_floors":[5,19,30,30,39],"current_hp_per_floor":[68,68,43,43,43,36,58,58,58,56,56,39,39,39,61,23,62,54,54,54,39,30,52,25,47,47,47,28,28,28,19,41,14,60,36,36,45,47,47,0],"gold":49,"neow_bonus":"THREE_ENEMY_KILL","is_prod":false,"is_daily":false,"chose_seed":false,"campfire_upgraded":2,"win_rate":0,"timestamp":1545288032,"path_taken":["M","?","?","?","$","?","R","M","T","M","R","E","?","M","R","BOSS","M","$","?","M","M","R","E","R","T","R","M","?","$","M","R","BOSS","M","?","?","M","$","E"],"build_version":"2018-12-13","purchased_purges":4,"victory":false,"max_hp_per_floor":[75,75,75,75,75,75,75,75,75,75,75,75,75,75,75,75,75,75,75,75,75,75,75,75,75,75,75,75,75,75,75,75,75,75,75,75,75,75,75,75],"card_choices":[{"not_picked":["Gash","Darkness"],"picked":"Capacitor","floor":1.0},{"not_picked":["Consume","Storm"],"picked":"Cold Snap","floor":4.0},{"not_picked":["Sweeping Beam","Rebound"],"picked":"Conserve Battery","floor":8.0},{"not_picked":["Force Field","Reprogram"],"picked":"Capacitor","floor":10.0},{"not_picked":["Stack","White Noise"],"picked":"Defragment","floor":12.0},{"not_picked":["Conserve Battery","Force Field"],"picked":"Hologram","floor":14.0},{"not_picked":["Meteor Strike","All For One"],"picked":"Reboot","floor":16.0},{"not_picked":["Compile Driver","Streamline+1","Steam Power"],"picked":"SKIP","floor":18.0},{"not_picked":["Rip and Tear","Go for the Eyes","Stack"],"picked":"SKIP","floor":21},{"not_picked":["Compile Driver","Scrape"],"picked":"Buffer","floor":22},{"not_picked":["Aggregate","Auto Shields","Hologram"],"picked":"SKIP","floor":24},{"not_picked":["Lockon+1","Compile Driver"],"picked":"Glacier","floor":28},{"not_picked":["Conserve Battery","Rebound","Redo"],"picked":"SKIP","floor":31},{"not_picked":["Reboot","Amplify"],"picked":"Seek","floor":33},{"not_picked":["Tempest+1","Ball Lightning","Hello World+1"],"picked":"SKIP","floor":35},{"not_picked":["Barrage+1","Coolheaded","Stack"],"picked":"SKIP","floor":37},{"not_picked":["Sweeping Beam","Rebound","Steam"],"picked":"SKIP","floor":38}],"player_experience":714228,"relics_obtained":[{"floor":9.0,"key":"Anchor"},{"floor":12.0,"key":"Omamori"},{"floor":20,"key":"Blood Vial"},{"floor":24,"key":"Art of War"},{"floor":26,"key":"Bottled Tornado"}],"event_choices":[{"damage_healed":0.0,"max_hp_gain":0.0,"max_hp_loss":0.0,"gold_gain":175.0,"event_name":"Liars Game","player_choice":"AGREE","floor":2.0,"gold_loss":0.0,"damage_taken":0.0,"cards_obtained":["Doubt"]},{"damage_healed":0.0,"max_hp_gain":0.0,"max_hp_loss":0.0,"gold_gain":0.0,"event_name":"Scrap Ooze","player_choice":"Success","floor":3.0,"gold_loss":0.0,"damage_taken":25.0,"relics_obtained":["Smiling Mask"]},{"cards_removed":["Strike_B"],"damage_healed":0.0,"max_hp_gain":0.0,"max_hp_loss":0.0,"gold_gain":0.0,"event_name":"Golden Wing","player_choice":"Card Removal","floor":6.0,"gold_loss":0.0,"damage_taken":7.0},{"damage_healed":0.0,"max_hp_gain":0.0,"max_hp_loss":0.0,"gold_gain":0.0,"cards_transformed":["Strike_B"],"event_name":"Transmorgrifier","player_choice":"Transformed","floor":13.0,"gold_loss":0.0,"damage_taken":0.0,"cards_obtained":["Steam"]},{"damage_healed":0,"gold_gain":0,"player_choice":"1 cards matched","damage_taken":0,"max_hp_gain":0,"max_hp_loss":0,"event_name":"Match and Keep!","floor":29,"gold_loss":0,"cards_obtained":["Zap"]},{"damage_healed":0,"gold_gain":0,"player_choice":"Ignored","damage_taken":0,"max_hp_gain":0,"max_hp_loss":0,"event_name":"SecretPortal","floor":36,"gold_loss":0}],"is_beta":false,"boss_relics":[{"not_picked":["Orrery","Coffee Dripper"],"picked":"Pandora\u0027s Box"},{"not_picked":["Lizard Tail","Fusion Hammer"],"picked":"FrozenCore"}],"items_purged_floors":[5,19,30,39],"is_endless":false,"potions_floor_spawned":[1,12,14,16,21,22,33,37],"killed_by":"Reptomancer","ascension_level":13}