{"gold_per_floor":[110,30,205,205,205,205,240,250,250,260,260,292,292,323,323,425,425,444,444,462,472,78,78,107,32,32,57,57,57,57,103,103,103],"floor_reached":33,"playtime":1422,"items_purged":["Strike_R"],"score":403,"play_id":"af12b013-bde9-4676-9e9d-5432104e4544","local_time":"20190205212114","is_ascension_mode":true,"campfire_choices":[{"data":"Carnage","floor":6,"key":"SMITH"},{"data":"Doubt","floor":11,"key":"PURGE"},{"data":"Whirlwind","floor":13,"key":"SMITH"},{"data":"Shockwave","floor":15,"key":"SMITH"},{"data":"True Grit","floor":23,"key":"SMITH"},{"floor":28,"key":"REST"},{"data":"Body Slam","floor":32,"key":"SMITH"}],"neow_cost":"NONE","seed_source_timestamp":203952236550161,"circlet_count":0,"master_deck":["Strike_R","Strike_R","Defend_R","Defend_R","Defend_R+1","Defend_R","Bash","True Grit+1","Carnage+1","Flame Barrier","Shockwave+1","Whirlwind+1","Feed","Inflame","True Grit+1","Sentinel","Chrysalis","Dark Shackles","Feel No Pain","Body Slam+1","Sentinel+1"],"relics":["Burning Blood","NeowsBlessing","Gambling Chip","Peace Pipe","Smiling Mask","Dream Catcher","Mark of Pain","Shuriken","Omamori","Ornamental Fan","Thread and Needle","Anchor","Lantern"],"potions_floor_usage":[12,19,27,33,33],"damage_taken":[{"damage":0,"enemies":"Small Slimes","floor":1,"turns":1},{"damage":0,"enemies":"Gremlin Nob","floor":7,"turns":1},{"damage":0,"enemies":"2 Louse","floor":8,"turns":1},{"damage":4,"enemies":"Cultist","floor":10,"turns":3},{"damage":23,"enemies":"Lagavulin","floor":12,"turns":5},{"damage":30,"enemies":"3 Sentries","floor":14,"turns":5},{"damage":28,"enemies":"The Guardian","floor":16,"turns":12},{"damage":16,"enemies":"Spheric Guardian","floor":18,"turns":5},{"damage":6,"enemies":"Shell Parasite","floor":20,"turns":4},{"damage":9,"enemies":"3 Cultists","floor":21,"turns":4},{"damage":25,"enemies":"Book of Stabbing","floor":24,"turns":8},{"damage":38,"enemies":"Gremlin Leader","floor":27,"turns":6},{"damage":52,"enemies":"Collector","floor":33,"turns":16}],"seed_played":"-3932704540856165388","potions_obtained":[{"floor":8,"key":"Ancient Potion"},{"floor":12,"key":"Fruit Juice"},{"floor":14,"key":"BloodPotion"},{"floor":16,"key":"Dexterity Potion"},{"floor":19,"key":"Fruit Juice"},{"floor":19,"key":"Regen Potion"},{"floor":19,"key":"SpeedPotion"}],"is_trial":false,"path_per_floor":["M","$","?","?","?","R","E","M","T","M","R","E","R","E","R","B",null,"M","?","M","M","$","R","E","?","T","E","R","?","?","T","R","B"],"character_chosen":"IRONCLAD","items_purchased":["Carnage","Sentinel","Chrysalis","Dark Shackles"],"campfire_rested":1,"item_purchase_floors":[2,22,22,22],"current_hp_per_floor":[80,80,80,64,64,64,70,76,76,78,78,66,66,42,42,20,69,59,64,64,64,64,64,45,45,45,25,52,52,52,52,52,0],"gold":103,"neow_bonus":"THREE_ENEMY_KILL","is_prod":false,"is_daily":false,"chose_seed":false,"campfire_upgraded":5,"win_rate":0,"timestamp":1549369274,"path_taken":["M","$","?","?","?","R","E","?","T","M","R","E","R","E","R","BOSS","M","?","M","?","$","R","E","?","T","E","R","?","?","?","R","BOSS"],"build_version":"2019-01-23","purchased_purges":1,"victory":false,"max_hp_per_floor":[80,80,80,80,80,80,80,80,80,80,80,85,85,85,85,85,85,85,90,90,93,93,93,93,93,93,93,93,93,93,93,93,93],"card_choices":[{"not_picked":["Armaments","Dual Wield"],"picked":"True Grit","floor":1},{"not_picked":["Blood for Blood","Spot Weakness"],"picked":"Flame Barrier","floor":7},{"not_picked":["Armaments","Infernal Blade"],"picked":"Shockwave","floor":8},{"not_picked":["Blood for Blood","Rampage","Warcry"],"picked":"SKIP","floor":10},{"not_picked":["Twin Strike","Hemokinesis"],"picked":"Whirlwind","floor":12},{"not_picked":["Second Wind","Iron Wave","Armaments"],"picked":"SKIP","floor":14},{"not_picked":["Dark Embrace","Limit Break"],"picked":"Feed","floor":16},{"not_picked":["Warcry","Reckless Charge+1"],"picked":"Inflame","floor":18},{"not_picked":["Heavy Blade","Bloodletting"],"picked":"True Grit","floor":20},{"not_picked":["Whirlwind+1","Shockwave+1","Perfected Strike+1"],"picked":"SKIP","floor":21},{"not_picked":["Spot Weakness","Clothesline+1"],"picked":"Feel No Pain","floor":24},{"not_picked":["Warcry","Seeing Red"],"picked":"Body Slam","floor":27},{"not_picked":["Headbutt","Intimidate"],"picked":"Sentinel+1","floor":28}],"player_experience":807805,"relics_obtained":[{"floor":7,"key":"Gambling Chip"},{"floor":9,"key":"Peace Pipe"},{"floor":12,"key":"Smiling Mask"},{"floor":14,"key":"Dream Catcher"},{"floor":24,"key":"Shuriken"},{"floor":26,"key":"Omamori"},{"floor":27,"key":"Ornamental Fan"},{"floor":31,"key":"Lantern"}],"event_choices":[{"damage_healed":0,"gold_gain":175,"player_choice":"AGREE","damage_taken":0,"max_hp_gain":0,"max_hp_loss":0,"event_name":"Liars Game","floor":3,"gold_loss":0,"cards_obtained":["Doubt"]},{"damage_healed":0,"gold_gain":0,"player_choice":"Entered Light","damage_taken":16,"max_hp_gain":0,"max_hp_loss":0,"event_name":"Shining Light","floor":4,"gold_loss":0,"cards_upgraded":["Defend_R","True Grit"]},{"cards_removed":["Strike_R"],"damage_healed":0,"gold_gain":0,"player_choice":"Offered Basic","damage_taken":0,"max_hp_gain":0,"max_hp_loss":0,"event_name":"Bonfire Elementals","floor":5,"gold_loss":0},{"damage_healed":0,"gold_gain":0,"player_choice":"Got Potions","damage_taken":0,"max_hp_gain":0,"max_hp_loss":0,"event_name":"Lab","floor":19,"gold_loss":0},{"cards_removed":["Strike_R"],"damage_healed":0,"gold_gain":0,"player_choice":"Gave Gold","damage_taken":0,"max_hp_gain":0,"max_hp_loss":0,"event_name":"Beggar","floor":25,"gold_loss":75},{"damage_healed":0,"gold_gain":0,"player_choice":"Opened","damage_taken":0,"relics_obtained":["Thread and Needle"],"max_hp_gain":0,"max_hp_loss":0,"event_name":"The Mausoleum","floor":29,"gold_loss":0},{"damage_healed":0,"gold_gain":0,"player_choice":"Stole Relic","damage_taken":0,"relics_obtained":["Anchor"],"max_hp_gain":0,"max_hp_loss":0,"event_name":"Addict","floor":30,"gold_loss":0,"cards_obtained":["Shame"]}],"is_beta":false,"boss_relics":[{"not_picked":["Runic Cube","Pandora\u0027s Box"],"picked":"Mark of Pain"}],"items_purged_floors":[22],"is_endless":false,"potions_floor_spawned":[8,12,14,16,24],"killed_by":"Collector","ascension_level":5}