{"gold_per_floor":[114,129,129,148,323,361,380,380,380,418,418,418,418,17,17,142,142,161,161,180,199,218,256,275,294,294,313,93,112,131,169,169,294,294,313,313,332,351,370,408,408,427,427,427],"floor_reached":44,"playtime":2290,"items_purged":[],"score":571,"play_id":"272861a9-257c-4ff5-9528-b31aef782280","local_time":"20180919080632","daily_mods":["Insanity","Binary","Night Terrors"],"is_ascension_mode":false,"campfire_choices":[{"data":"Storm of Steel","floor":8,"key":"SMITH"},{"data":"Blade Dance","floor":11,"key":"SMITH"},{"floor":15,"key":"REST"},{"floor":32,"key":"REST"}],"neow_cost":"","seed_source_timestamp":0,"circlet_count":0,"master_deck":["Eviscerate","Sucker Punch","Sucker Punch","Defend_G","Endless Agony","Dodge and Roll","Blur","Quick Slash","Survivor","Eviscerate","Caltrops","Bouncing Flask","Masterful Stab","Leg Sweep","Bane","Endless Agony","Reflex","Glass Knife","Expertise","Skewer","Dagger Throw","Storm of Steel+1","Doppelganger","Grand Finale","Predator","Distraction","Riddle With Holes","Neutralize","Doppelganger","Prepared","Slice","Corpse Explosion","Tactician","Dodge and Roll","Doppelganger","Quick Slash","Concentrate","Heel Hook","Malaise","Crippling Poison","Neutralize","Masterful Stab","Strike_G","Masterful Stab","Poisoned Stab","Leg Sweep","Blade Dance+1","Dash","Skewer","Predator","Poisoned Stab","Calculated Gamble","Injury","Distraction","Doubt","Distraction","Blur","Prepared","Terror","Dagger Spray","Die Die Die","Catalyst+1","Poisoned Stab","Cloak And Dagger","Eviscerate","Predator+1","Blade Dance","Tactician","All Out Attack","Mind Blast","Bouncing Flask","Slice","Backflip","Backflip+1","Dagger Spray+1","After Image","Blade Dance+1","After Image","Deflect+1","Quick Slash+1","PiercingWail+1","Terror+1","Slice"],"special_seed":17793,"relics":["Ring of the Snake","Golden Idol","The Specimen","Pocketwatch","Bronze Scales","Anchor","Bottled Flame","Fusion Hammer","Gambling Chip","Blue Candle","Smiling Mask","Dream Catcher","WristBlade","Darkstone Periapt","Shuriken"],"potions_floor_usage":[7,16,16,18,22,38],"damage_taken":[{"damage":0,"enemies":"Small Slimes","floor":1,"turns":2},{"damage":3,"enemies":"Jaw Worm","floor":2,"turns":3},{"damage":0,"enemies":"2 Louse","floor":4,"turns":1},{"damage":27,"enemies":"3 Sentries","floor":6,"turns":8},{"damage":0,"enemies":"Looter","floor":7,"turns":2},{"damage":12,"enemies":"Lagavulin","floor":10,"turns":5},{"damage":34,"enemies":"Hexaghost","floor":16,"turns":7},{"damage":0,"enemies":"Shell Parasite","floor":18,"turns":3},{"damage":0,"enemies":"Chosen","floor":20,"turns":3},{"damage":3,"enemies":"Snake Plant","floor":21,"turns":3},{"damage":31,"enemies":"Shelled Parasite and Fungi","floor":22,"turns":4},{"damage":10,"enemies":"Slavers","floor":23,"turns":3},{"damage":0,"enemies":"Centurion and Healer","floor":24,"turns":3},{"damage":0,"enemies":"3 Cultists","floor":25,"turns":2},{"damage":0,"enemies":"Chosen and Byrds","floor":27,"turns":3},{"damage":0,"enemies":"Shelled Parasite and Fungi","floor":29,"turns":3},{"damage":0,"enemies":"Centurion and Healer","floor":30,"turns":2},{"damage":0,"enemies":"Gremlin Leader","floor":31,"turns":2},{"damage":36,"enemies":"Champ","floor":33,"turns":11},{"damage":0,"enemies":"Orb Walker","floor":35,"turns":1},{"damage":0,"enemies":"3 Shapes","floor":37,"turns":2},{"damage":0,"enemies":"Jaw Worm Horde","floor":38,"turns":2},{"damage":0,"enemies":"Reptomancer","floor":39,"turns":2},{"damage":18,"enemies":"2 Orb Walkers","floor":40,"turns":4},{"damage":12,"enemies":"3 Darklings","floor":42,"turns":5},{"damage":34,"enemies":"Transient","floor":44,"turns":4}],"seed_played":"-8098322800958760619","potions_obtained":[{"floor":4,"key":"Dexterity Potion"},{"floor":6,"key":"Explosive Potion"},{"floor":10,"key":"Poison Potion"},{"floor":16,"key":"Block Potion"},{"floor":20,"key":"LiquidBronze"},{"floor":23,"key":"SpeedPotion"},{"floor":25,"key":"Fire Potion"},{"floor":35,"key":"SteroidPotion"},{"floor":42,"key":"SpeedPotion"}],"is_trial":false,"path_per_floor":["M","M","?","M","?","E","M","R","T","E","R","?","T","$","R","B",null,"M","T","M","M","M","E","M","M","T","M","$","M","M","E","R","B",null,"M","?","M","M","M","E","?","M","T"],"character_chosen":"THE_SILENT","items_purchased":["Bottled Flame","Terror","Dagger Spray","PowerPotion","Mind Blast","Bouncing Flask","Slice","Backflip"],"campfire_rested":2,"item_purchase_floors":[14,14,14,14,28,28,28,28],"current_hp_per_floor":[70,67,67,67,67,40,40,40,40,28,28,10,10,10,65,31,65,65,65,65,62,31,21,21,21,21,21,21,21,21,21,60,24,60,60,60,60,60,60,42,42,30,30,0],"gold":427,"neow_bonus":"","is_prod":false,"is_daily":true,"chose_seed":false,"campfire_upgraded":2,"win_rate":0,"timestamp":1537337192,"path_taken":["M","M","?","M","?","E","M","R","T","E","R","?","?","$","R","BOSS","M","?","?","M","M","E","M","M","T","M","$","M","?","E","R","BOSS","M","?","M","?","M","E","?","M","T","M"],"build_version":"2018-09-18v2","purchased_purges":0,"victory":false,"max_hp_per_floor":[70,70,70,70,70,70,70,70,70,70,70,70,70,70,65,65,65,65,65,65,65,65,65,65,65,65,65,65,65,65,65,60,60,60,60,60,60,60,60,60,60,60,60,60],"card_choices":[{"not_picked":["Outmaneuver"],"picked":"Poisoned Stab","floor":1},{"not_picked":["Underhanded Strike"],"picked":"Calculated Gamble","floor":2},{"not_picked":["Setup"],"picked":"Distraction","floor":4},{"not_picked":["Calculated Gamble"],"picked":"Distraction","floor":6},{"not_picked":["Outmaneuver"],"picked":"Blur","floor":7},{"not_picked":["Acrobatics"],"picked":"Prepared","floor":10},{"not_picked":["Corpse Explosion"],"picked":"Die Die Die","floor":16},{"not_picked":["Backflip"],"picked":"Catalyst+1","floor":18},{"not_picked":["Flechettes+1"],"picked":"Poisoned Stab","floor":20},{"not_picked":["Noxious Fumes"],"picked":"Cloak And Dagger","floor":21},{"not_picked":["Prepared"],"picked":"Eviscerate","floor":22},{"not_picked":["Calculated Gamble"],"picked":"Predator+1","floor":23},{"not_picked":["Tools of the Trade"],"picked":"Blade Dance","floor":24},{"not_picked":["Bane"],"picked":"Tactician","floor":25},{"not_picked":["PiercingWail+1"],"picked":"All Out Attack","floor":27},{"not_picked":["Dagger Spray+1"],"picked":"Backflip+1","floor":29},{"not_picked":["Underhanded Strike"],"picked":"Dagger Spray+1","floor":30},{"not_picked":["Backflip"],"picked":"After Image","floor":31},{"not_picked":["Bane"],"picked":"Blade Dance+1","floor":32},{"not_picked":["Unload"],"picked":"After Image","floor":33},{"not_picked":["Dagger Throw+1"],"picked":"Bouncing Flask+1","floor":35},{"not_picked":["Dagger Throw+1"],"picked":"Deflect+1","floor":37},{"not_picked":["Dagger Throw"],"picked":"Quick Slash+1","floor":38},{"not_picked":["Skewer+1"],"picked":"PiercingWail+1","floor":39},{"not_picked":["Outmaneuver"],"picked":"Terror+1","floor":40},{"not_picked":["Tactician"],"picked":"Slice","floor":42}],"player_experience":137389,"relics_obtained":[{"floor":6,"key":"The Specimen"},{"floor":9,"key":"Pocketwatch"},{"floor":10,"key":"Bronze Scales"},{"floor":13,"key":"Anchor"},{"floor":19,"key":"Gambling Chip"},{"floor":23,"key":"Blue Candle"},{"floor":26,"key":"Smiling Mask"},{"floor":31,"key":"Dream Catcher"},{"floor":40,"key":"Darkstone Periapt"},{"floor":43,"key":"Shuriken"}],"event_choices":[{"event_name":"Golden Idol","player_choice":"Take Wound","floor":3,"damage_taken":0},{"event_name":"Liars Game","player_choice":"agreed","floor":5,"damage_taken":0},{"event_name":"Scrap Ooze","player_choice":"unsuccessful","floor":12,"damage_taken":18},{"event_name":"Tomb of Lord Red Mask","player_choice":"Ignored","floor":36,"damage_taken":0},{"event_name":"Falling","player_choice":"Removed Skill","floor":41,"damage_taken":0}],"is_beta":true,"boss_relics":[{"not_picked":["Cursed Key","Ectoplasm"],"picked":"Fusion Hammer"},{"not_picked":["Runic Pyramid","HoveringKite"],"picked":"WristBlade"}],"items_purged_floors":[],"is_endless":false,"potions_floor_spawned":[4,6,10,16,20,23,25,31,35,42],"killed_by":"Transient","ascension_level":0}