{"gold_per_floor":[109,122,122,47,47,47,64,92,92,110,260,260],"floor_reached":12,"playtime":408,"items_purged":[],"score":156,"play_id":"931f1688-b085-4521-b374-2e6d9ac16df8","local_time":"20190106203309","is_ascension_mode":true,"campfire_choices":[{"data":"Zap","floor":6,"key":"SMITH"}],"neow_cost":"NONE","seed_source_timestamp":67269538173286,"circlet_count":0,"master_deck":["AscendersBane","Strike_B","Strike_B","Defend_B","Defend_B","Defend_B+1","Defend_B","Zap+1","Dualcast","Conserve Battery+1","Ball Lightning","Doubt"],"relics":["Cracked Core","Blue Candle","The Courier"],"potions_floor_usage":[8],"damage_taken":[{"damage":6,"enemies":"Jaw Worm","floor":1,"turns":4},{"damage":1,"enemies":"Small Slimes","floor":2,"turns":4},{"damage":1,"enemies":"2 Louse","floor":7,"turns":3},{"damage":18,"enemies":"3 Sentries","floor":8,"turns":8},{"damage":12,"enemies":"Exordium Wildlife","floor":10,"turns":5},{"damage":1,"enemies":"Gremlin Nob","floor":12,"turns":3}],"seed_played":"3242522323546813233","potions_obtained":[{"floor":1,"key":"EssenceOfSteel"},{"floor":10,"key":"Ancient Potion"}],"is_trial":false,"path_per_floor":["M","M","?","?","$","R","M","E","T","M","?","E"],"character_chosen":"DEFECT","items_purchased":[],"campfire_rested":0,"item_purchase_floors":[],"current_hp_per_floor":[58,57,36,36,36,36,35,17,17,5,5,4],"gold":260,"neow_bonus":"REMOVE_CARD","is_prod":false,"is_daily":false,"chose_seed":false,"campfire_upgraded":1,"win_rate":0,"timestamp":1546767189,"path_taken":["M","M","?","?","?","R","M","E","T","?","?","E"],"build_version":"2018-11-15","purchased_purges":0,"victory":false,"max_hp_per_floor":[71,71,71,71,71,71,71,71,71,71,71,71],"card_choices":[{"not_picked":["Steam","Sweeping Beam"],"picked":"Conserve Battery","floor":1},{"not_picked":["Hello World","Recycle","Skim"],"picked":"SKIP","floor":2},{"not_picked":["Coolheaded","Compile Driver"],"picked":"Ball Lightning","floor":7},{"not_picked":["Sweeping Beam","Genetic Algorithm","Recycle"],"picked":"SKIP","floor":8},{"not_picked":["Hello World","Sweeping Beam","Redo"],"picked":"SKIP","floor":10}],"player_experience":997139,"relics_obtained":[{"floor":8,"key":"Blue Candle"},{"floor":9,"key":"The Courier"}],"event_choices":[{"damage_healed":0,"gold_gain":0,"player_choice":"Entered Light","damage_taken":21,"max_hp_gain":0,"max_hp_loss":0,"event_name":"Shining Light","floor":3,"gold_loss":0,"cards_upgraded":["Defend_B","Conserve Battery"]},{"cards_removed":["Strike_B"],"damage_healed":0,"gold_gain":0,"player_choice":"Card Removal","damage_taken":0,"max_hp_gain":0,"max_hp_loss":0,"event_name":"The Cleric","floor":4,"gold_loss":75},{"damage_healed":0,"gold_gain":150,"player_choice":"AGREE","damage_taken":0,"max_hp_gain":0,"max_hp_loss":0,"event_name":"Liars Game","floor":11,"gold_loss":0,"cards_obtained":["Doubt"]}],"is_beta":true,"boss_relics":[],"items_purged_floors":[],"is_endless":false,"potions_floor_spawned":[1,10],"killed_by":"Gremlin Nob","ascension_level":20}