{"path_per_floor":["M","M","?","$","?","E","R","E","T","E","M","?","T","M","R","B",null,"M","?","M","M","M","R"],"character_chosen":"IRONCLAD","items_purchased":[],"gold_per_floor":[110,126,126,51,126,158,158,189,242,267,278,278,327,346,346,442,442,453,453,471,489,501,501,501],"floor_reached":24,"campfire_rested":2,"playtime":928,"current_hp_per_floor":[80,80,80,80,69,20,44,30,30,37,43,35,37,30,30,9,64,65,65,63,39,11,37,0],"items_purged":["Defend_R"],"gold":501,"score":270,"play_id":"e2501d1e-ef38-40af-aa38-d6fcbf627519","local_time":"20180419211544","is_prod":false,"is_daily":false,"chose_seed":false,"is_ascension_mode":true,"campfire_upgraded":1,"timestamp":1524190544,"path_taken":["M","M","?","$","?","E","R","E","T","E","M","?","?","M","R","BOSS","M","?","?","M","M","R","E"],"build_version":"2018-04-19","seed_source_timestamp":2163881710698907,"purchased_purges":1,"victory":false,"master_deck":["Strike_R","Strike_R","Strike_R","Strike_R","Strike_R","Defend_R","Defend_R","Defend_R","Bash","Clash","Pommel Strike","Searing Blow+2","Pommel Strike","True Grit","Pommel Strike","Seeing Red","Berserk","Metallicize"],"max_hp_per_floor":[80,80,80,80,80,80,80,80,80,80,80,80,82,82,82,82,82,84,84,86,88,88,88,88],"relics":["Black Blood","Prayer Wheel","Centennial Puzzle","Vajra","Pen Nib","Singing Bowl"],"card_choices":[{"not_picked":["Feel No Pain","Headbutt"],"picked":"Clash","floor":2},{"not_picked":["Sword Boomerang","Immolate"],"picked":"Pommel Strike","floor":6},{"not_picked":["Rage","Anger"],"picked":"Searing Blow","floor":8},{"not_picked":["Power Through","Sword Boomerang"],"picked":"Pommel Strike","floor":9},{"not_picked":["Hemokinesis","Wild Strike"],"picked":"True Grit","floor":10},{"not_picked":["Rage","True Grit"],"picked":"Pommel Strike","floor":11},{"not_picked":["Shrug It Off","Entrench"],"picked":"Seeing Red","floor":14},{"not_picked":["Juggernaut","Bludgeon"],"picked":"Berserk","floor":16},{"not_picked":["Armaments","Combust"],"picked":"Metallicize","floor":22}],"player_experience":178066,"potions_floor_usage":[10,10,20,22,24,24],"damage_taken":[{"damage":2,"enemies":"Jaw Worm","floor":1,"turns":3},{"damage":6,"enemies":"Cultist","floor":2,"turns":4},{"damage":55,"enemies":"Lagavulin","floor":6,"turns":7},{"damage":20,"enemies":"3 Sentries","floor":8,"turns":9},{"damage":5,"enemies":"Gremlin Nob","floor":10,"turns":3},{"damage":0,"enemies":"Small Slimes","floor":11,"turns":2},{"damage":13,"enemies":"Exordium Wildlife","floor":14,"turns":3},{"damage":27,"enemies":"Slime Boss","floor":16,"turns":9},{"damage":11,"enemies":"Spheric Guardian","floor":18,"turns":3},{"damage":14,"enemies":"2 Thieves","floor":20,"turns":3},{"damage":36,"enemies":"Cultist and Chosen","floor":21,"turns":7},{"damage":38,"enemies":"Snake Plant","floor":22,"turns":4},{"damage":45,"enemies":"Slavers","floor":24,"turns":3}],"event_choices":[{"event_name":"The Lab","player_choice":"Got Potions","floor":3,"damage_taken":0},{"event_name":"World of Goop","player_choice":"Gather Gold","floor":5,"damage_taken":0},{"event_name":"Wheel of Change","player_choice":"Damage","floor":12,"damage_taken":0},{"event_name":"Upgrade Shrine","player_choice":"Upgraded","floor":19,"damage_taken":0}],"boss_relics":[{"not_picked":["Ectoplasm","Snecko Eye"],"picked":"Black Blood"}],"potions_floor_spawned":[2,8,10,11,21],"seed_played":"-8371066689264812796","killed_by":"Slavers","ascension_level":5,"is_trial":false}