{"gold_per_floor":[119,31,50,63,81,81,98,98,98,110,130,130,130,155,155,285,285,299,299,78,102,122,122,141,141,166,182,196,214,214,214,214,344,344,369,369,393,418,12,12],"floor_reached":40,"playtime":2364,"items_purged":["Defend_G"],"score":463,"play_id":"8badb361-d2b7-49a6-ab29-cc083b0e95b0","local_time":"20190119133404","is_ascension_mode":true,"campfire_choices":[{"data":"Cloak And Dagger","floor":6,"key":"SMITH"},{"data":"Endless Agony","floor":8,"key":"SMITH"},{"floor":15,"key":"REST"},{"floor":23,"key":"REST"},{"floor":25,"key":"REST"},{"floor":32,"key":"REST"}],"neow_cost":"NONE","seed_source_timestamp":6179618308255,"circlet_count":0,"master_deck":["Survivor","Neutralize+1","Endless Agony+1","PiercingWail","Footwork","Finisher","Cloak And Dagger+1","Dodge and Roll","Dodge and Roll","Caltrops","Corpse Explosion","Leg Sweep","Endless Agony","Footwork","Distraction+1","Distraction+1","Leg Sweep+1","Blur","Predator","Deflect","Poisoned Stab","Caltrops","Reflex","Masterful Stab","Setup","Finisher","Flying Knee","Infinite Blades+1","Caltrops"],"relics":["Ring of the Snake","Golden Idol","Busted Crown","Whetstone","Pandora\u0027s Box","Oddly Smooth Stone","Strange Spoon"],"potions_floor_usage":[13,16,29,33,33,33,38,40],"damage_taken":[{"damage":0,"enemies":"Cultist","floor":1,"turns":4},{"damage":0,"enemies":"2 Louse","floor":3,"turns":3},{"damage":0,"enemies":"Small Slimes","floor":4,"turns":4},{"damage":1,"enemies":"Looter","floor":5,"turns":3},{"damage":0,"enemies":"Large Slime","floor":7,"turns":7},{"damage":5,"enemies":"Exordium Wildlife","floor":10,"turns":5},{"damage":0,"enemies":"2 Fungi Beasts","floor":11,"turns":2},{"damage":9,"enemies":"Gremlin Nob","floor":13,"turns":4},{"damage":0,"enemies":"Blue Slaver","floor":14,"turns":5},{"damage":24,"enemies":"The Guardian","floor":16,"turns":18},{"damage":11,"enemies":"Spheric Guardian","floor":18,"turns":7},{"damage":22,"enemies":"Chosen","floor":21,"turns":8},{"damage":7,"enemies":"Snecko","floor":22,"turns":8},{"damage":24,"enemies":"Snake Plant","floor":24,"turns":5},{"damage":12,"enemies":"Chosen and Byrds","floor":27,"turns":10},{"damage":2,"enemies":"Centurion and Healer","floor":28,"turns":8},{"damage":9,"enemies":"Cultist and Chosen","floor":29,"turns":9},{"damage":7,"enemies":"Colosseum Slavers","floor":30,"turns":6},{"damage":25,"enemies":"Collector","floor":33,"turns":15},{"damage":32,"enemies":"3 Darklings","floor":35,"turns":4},{"damage":0,"enemies":"3 Shapes","floor":37,"turns":8},{"damage":19,"enemies":"Transient","floor":38,"turns":5},{"damage":12,"enemies":"Giant Head","floor":40,"turns":7}],"seed_played":"-5909764742214515559","potions_obtained":[{"floor":1,"key":"GamblersBrew"},{"floor":3,"key":"SmokeBomb"},{"floor":11,"key":"Energy Potion"},{"floor":14,"key":"PowerPotion"},{"floor":16,"key":"Strength Potion"},{"floor":24,"key":"Weak Potion"},{"floor":28,"key":"SteroidPotion"},{"floor":29,"key":"GamblersBrew"},{"floor":37,"key":"Fire Potion"}],"is_trial":false,"path_per_floor":["M","$","M","M","M","R","M","R","T","M","M","?","E","M","R","B",null,"M","?","$","M","M","R","M","R","T","M","M","M","?","?","R","B",null,"M","?","M","M","$","E"],"character_chosen":"THE_SILENT","items_purchased":["PiercingWail","Footwork","Endless Agony","Footwork","Oddly Smooth Stone","Strange Spoon","AttackPotion"],"campfire_rested":4,"item_purchase_floors":[2,2,20,20,39,39,39],"current_hp_per_floor":[70,70,70,70,69,69,69,69,69,64,64,47,38,38,59,35,70,59,59,59,37,30,51,27,48,48,36,34,25,18,18,39,14,70,38,38,38,19,19,7],"gold":12,"neow_bonus":"UPGRADE_CARD","is_prod":false,"is_daily":false,"chose_seed":false,"campfire_upgraded":2,"win_rate":0,"timestamp":1547901244,"path_taken":["M","$","M","M","M","R","M","R","T","M","M","?","E","M","R","BOSS","M","?","$","M","M","R","M","R","T","M","M","M","?","?","R","BOSS","M","?","M","M","$","E"],"build_version":"2019-01-17","purchased_purges":1,"victory":false,"max_hp_per_floor":[70,70,70,70,70,70,70,70,70,70,70,70,70,70,70,70,70,70,70,70,70,70,70,70,70,70,70,70,70,70,70,70,70,70,70,70,70,70,70,70],"card_choices":[{"not_picked":["Infinite Blades","Sucker Punch"],"picked":"Endless Agony","floor":1},{"not_picked":["Deadly Poison","Poisoned Stab"],"picked":"Finisher","floor":3},{"not_picked":["Choke","All Out Attack","Poisoned Stab"],"picked":"SKIP","floor":4},{"not_picked":["Dagger Throw","Bane"],"picked":"Cloak And Dagger","floor":5},{"not_picked":["Flying Knee","Prepared","Underhanded Strike"],"picked":"SKIP","floor":7},{"not_picked":["Flying Knee","Infinite Blades"],"picked":"Dodge and Roll","floor":10},{"not_picked":["Masterful Stab","Acrobatics"],"picked":"Dodge and Roll","floor":11},{"not_picked":["PiercingWail","Backstab"],"picked":"Caltrops","floor":14},{"not_picked":["Grand Finale","Doppelganger"],"picked":"Corpse Explosion","floor":16},{"not_picked":[],"picked":"Leg Sweep","floor":18},{"not_picked":[],"picked":"Distraction+1","floor":21},{"not_picked":[],"picked":"Distraction+1","floor":22},{"not_picked":[],"picked":"Leg Sweep+1","floor":24},{"not_picked":[],"picked":"Blur","floor":27},{"not_picked":["PiercingWail"],"picked":"SKIP","floor":28},{"not_picked":["Skewer"],"picked":"SKIP","floor":29},{"not_picked":["Prepared"],"picked":"SKIP","floor":35},{"not_picked":[],"picked":"Infinite Blades+1","floor":37},{"not_picked":[],"picked":"Caltrops","floor":38}],"player_experience":190236,"relics_obtained":[{"floor":26,"key":"Whetstone"}],"event_choices":[{"damage_healed":0,"gold_gain":0,"player_choice":"Take Damage","damage_taken":17,"relics_obtained":["Golden Idol"],"max_hp_gain":0,"max_hp_loss":0,"event_name":"Golden Idol","floor":12,"gold_loss":0},{"damage_healed":0,"gold_gain":0,"player_choice":"Ignored","damage_taken":0,"max_hp_gain":0,"max_hp_loss":0,"event_name":"Ghosts","floor":19,"gold_loss":0},{"damage_healed":0,"gold_gain":0,"player_choice":"Fight","damage_taken":0,"max_hp_gain":0,"max_hp_loss":0,"event_name":"Colosseum","floor":30,"gold_loss":0},{"damage_healed":0,"gold_gain":0,"player_choice":"Fled From Nobs","damage_taken":0,"max_hp_gain":0,"max_hp_loss":0,"event_name":"Colosseum","floor":30,"gold_loss":0},{"damage_healed":0,"gold_gain":0,"player_choice":"Simplicity","damage_taken":0,"max_hp_gain":0,"max_hp_loss":0,"event_name":"Back to Basics","floor":31,"gold_loss":0,"cards_upgraded":["Defend_G","Defend_G","Defend_G","Defend_G","Strike_G","Strike_G","Strike_G"]},{"damage_healed":0,"gold_gain":0,"player_choice":"Memory 1","damage_taken":0,"max_hp_gain":0,"max_hp_loss":0,"event_name":"SensoryStone","floor":36,"gold_loss":0}],"is_beta":true,"boss_relics":[{"not_picked":["Runic Dome","Ectoplasm"],"picked":"Busted Crown"},{"not_picked":["Coffee Dripper","Lizard Tail"],"picked":"Pandora\u0027s Box"}],"items_purged_floors":[20],"is_endless":false,"potions_floor_spawned":[1,3,11,13,14,16,24,27,28,29,37],"killed_by":"Giant Head","ascension_level":2}