{"gold_per_floor":[110,130,148,162,172,207,207,217,217,217,251,267,41,63,63,168,168,185,5,16,115,115,115,30,42,42,42,60,60,60,60,60,157,157,172,272,272,272,290,290,315,315,315,326,20,20,33,33,33,33],"floor_reached":51,"playtime":3228,"items_purged":["Strike_B","Strike_B"],"score":735,"play_id":"8d796e93-9527-48d1-8873-26aa1a3ba240","local_time":"20190207221828","is_ascension_mode":false,"campfire_choices":[{"data":"Sunder","floor":7,"key":"SMITH"},{"floor":10,"key":"REST"},{"data":"Loop","floor":15,"key":"SMITH"},{"data":"Consume","floor":23,"key":"SMITH"},{"data":"Defragment","floor":27,"key":"SMITH"},{"floor":32,"key":"REST"},{"data":"Defragment","floor":40,"key":"SMITH"},{"data":"Seek","floor":42,"key":"SMITH"},{"data":"Go for the Eyes","floor":49,"key":"SMITH"}],"neow_cost":"NONE","seed_source_timestamp":357787621156279,"circlet_count":0,"master_deck":["Defend_B","Defend_B","Defend_B","Zap","Dualcast","Sunder+1","Loop+1","Conserve Battery","Conserve Battery","Barrage","Steam","Ball Lightning","Rainbow","BootSequence","Streamline","Capacitor","Glacier","Consume+1","Defragment+1","Steam","Defragment+1","Glacier+1","Seek+1","Hello World+1","Sweeping Beam+1","Reinforced Body+1","Go for the Eyes+1","Coolheaded","Compile Driver+1"],"relics":["Cracked Core","Boot","Bottled Tornado","Bottled Flame","Omamori","Odd Mushroom","Orrery","Blue Candle","Letter Opener","Astrolabe","FossilizedHelix","Happy Flower","Meat on the Bone","Ice Cream"],"potions_floor_usage":[11,11,14,25,28,33,41,41,41,50],"damage_taken":[{"damage":0,"enemies":"2 Louse","floor":1,"turns":3},{"damage":3,"enemies":"Small Slimes","floor":2,"turns":3},{"damage":1,"enemies":"Jaw Worm","floor":3,"turns":3},{"damage":0,"enemies":"2 Fungi Beasts","floor":4,"turns":2},{"damage":6,"enemies":"Large Slime","floor":5,"turns":6},{"damage":53,"enemies":"Gremlin Nob","floor":6,"turns":6},{"damage":3,"enemies":"3 Louse","floor":8,"turns":4},{"damage":11,"enemies":"3 Sentries","floor":11,"turns":4},{"damage":0,"enemies":"2 Fungi Beasts","floor":12,"turns":2},{"damage":7,"enemies":"The Mushroom Lair","floor":14,"turns":4},{"damage":18,"enemies":"Slime Boss","floor":16,"turns":8},{"damage":22,"enemies":"3 Byrds","floor":18,"turns":3},{"damage":7,"enemies":"Chosen","floor":20,"turns":6},{"damage":20,"enemies":"Snake Plant","floor":25,"turns":4},{"damage":21,"enemies":"Chosen and Byrds","floor":28,"turns":9},{"damage":5,"enemies":"Champ","floor":33,"turns":8},{"damage":1,"enemies":"Orb Walker","floor":35,"turns":4},{"damage":0,"enemies":"Mind Bloom Boss Battle","floor":36,"turns":5},{"damage":0,"enemies":"3 Shapes","floor":39,"turns":4},{"damage":45,"enemies":"Giant Head","floor":41,"turns":15},{"damage":0,"enemies":"Maw","floor":44,"turns":8},{"damage":2,"enemies":"Sphere and 2 Shapes","floor":47,"turns":4},{"damage":0,"enemies":"Time Eater","floor":50,"turns":15}],"seed_played":"4041752928788161570","potions_obtained":[{"floor":3,"key":"SneckoOil"},{"floor":6,"key":"Poison Potion"},{"floor":8,"key":"Explosive Potion"},{"floor":12,"key":"Regen Potion"},{"floor":16,"key":"SpeedPotion"},{"floor":20,"key":"PowerPotion"},{"floor":25,"key":"SkillPotion"},{"floor":28,"key":"Weak Potion"},{"floor":33,"key":"Weak Potion"},{"floor":39,"key":"SkillPotion"},{"floor":44,"key":"FocusPotion"}],"is_trial":false,"path_per_floor":["M","M","M","M","M","E","R","M","T","R","E","M","$","?","R","B",null,"M","$","M","?","?","R","$","M","T","R","M","?","$","?","R","B",null,"M","?","?","?","M","R","E","R","T","M","$","?","M","$","R","B",null],"character_chosen":"DEFECT","items_purchased":["Omamori","Capacitor","Defragment","Steam","Ice Cream"],"campfire_rested":2,"item_purchase_floors":[13,19,24,24,45],"current_hp_per_floor":[82,79,78,78,72,19,19,16,16,40,29,29,29,34,34,16,82,60,60,53,53,53,53,53,33,33,33,12,12,12,12,36,31,82,81,81,81,81,81,81,36,36,36,48,48,69,67,67,67,67],"gold":33,"neow_bonus":"TEN_PERCENT_HP_BONUS","is_prod":false,"is_daily":false,"chose_seed":false,"campfire_upgraded":7,"win_rate":0,"timestamp":1549574308,"path_taken":["M","M","M","M","M","E","R","M","T","R","E","M","$","?","R","BOSS","M","$","M","?","?","R","?","M","T","R","M","?","$","?","R","BOSS","M","?","?","?","M","R","E","R","T","M","$","?","M","?","R","BOSS"],"build_version":"2019-01-23","purchased_purges":2,"victory":true,"max_hp_per_floor":[82,82,82,82,82,82,82,82,82,82,82,82,82,82,82,82,82,82,82,82,82,82,82,82,82,82,82,82,82,82,82,82,82,82,82,82,82,82,82,82,82,82,82,82,82,82,82,82,82,82],"card_choices":[{"not_picked":["Stack","Turbo"],"picked":"Sunder","floor":1},{"not_picked":["Lockon","Double Energy"],"picked":"Loop","floor":2},{"not_picked":["Compile Driver","Go for the Eyes"],"picked":"Conserve Battery","floor":3},{"not_picked":["Conserve Battery","Steam Power"],"picked":"Coolheaded","floor":4},{"not_picked":["Sunder","Sweeping Beam","Tempest"],"picked":"SKIP","floor":5},{"not_picked":["Sweeping Beam","Undo"],"picked":"Conserve Battery","floor":6},{"not_picked":["Steam Power","Amplify"],"picked":"Barrage","floor":8},{"not_picked":["Coolheaded","Meteor Strike","Rebound"],"picked":"SKIP","floor":11},{"not_picked":["Chaos","Barrage"],"picked":"Steam","floor":12},{"not_picked":["Stack","Gash"],"picked":"Ball Lightning","floor":14},{"not_picked":["Meteor Strike","Biased Cognition"],"picked":"Rainbow","floor":16},{"not_picked":["Leap","Sweeping Beam"],"picked":"BootSequence","floor":17},{"not_picked":["Beam Cell+1","Barrage+1"],"picked":"Streamline","floor":18},{"not_picked":["Redo","Storm"],"picked":"Glacier","floor":20},{"not_picked":["Cold Snap","Hologram+1"],"picked":"Defragment","floor":25},{"not_picked":["Sweeping Beam","Hologram"],"picked":"Glacier+1","floor":28},{"not_picked":["Creative AI","Reboot"],"picked":"Seek","floor":33},{"not_picked":["Hologram","Reinforced Body+1"],"picked":"Go for the Eyes","floor":35},{"not_picked":["Recycle+1","Consume","Turbo"],"picked":"SKIP","floor":39},{"not_picked":["Rebound+1","Chaos"],"picked":"Coolheaded","floor":41},{"not_picked":["Steam Power+1","Capacitor+1","Barrage"],"picked":"SKIP","floor":44},{"not_picked":["Cold Snap","Leap+1"],"picked":"Compile Driver+1","floor":47}],"player_experience":61746,"relics_obtained":[{"floor":6,"key":"Boot"},{"floor":9,"key":"Bottled Tornado"},{"floor":11,"key":"Bottled Flame"},{"floor":14,"key":"Odd Mushroom"},{"floor":26,"key":"Blue Candle"},{"floor":36,"key":"FossilizedHelix"},{"floor":41,"key":"Happy Flower"},{"floor":43,"key":"Meat on the Bone"}],"event_choices":[{"damage_healed":0,"gold_gain":0,"player_choice":"Fought Mushrooms","damage_taken":0,"max_hp_gain":0,"max_hp_loss":0,"event_name":"Mushrooms","floor":14,"gold_loss":0},{"damage_healed":0,"gold_gain":99,"player_choice":"Stole From Cult","damage_taken":0,"max_hp_gain":0,"max_hp_loss":0,"event_name":"Nest","floor":21,"gold_loss":0},{"damage_healed":0,"gold_gain":0,"player_choice":"Read","damage_taken":0,"max_hp_gain":0,"max_hp_loss":0,"event_name":"The Library","floor":22,"gold_loss":0,"cards_obtained":["Consume"]},{"damage_healed":0,"gold_gain":0,"player_choice":"Stole Relic","damage_taken":0,"relics_obtained":["Letter Opener"],"max_hp_gain":0,"max_hp_loss":0,"event_name":"Addict","floor":29,"gold_loss":0,"cards_obtained":["Shame"]},{"damage_healed":0,"gold_gain":0,"player_choice":"Ignored","damage_taken":0,"max_hp_gain":0,"max_hp_loss":0,"event_name":"Cursed Tome","floor":31,"gold_loss":0},{"damage_healed":0,"gold_gain":0,"player_choice":"Fight","damage_taken":0,"max_hp_gain":0,"max_hp_loss":0,"event_name":"MindBloom","floor":36,"gold_loss":0},{"damage_healed":0,"gold_gain":0,"player_choice":"Memory 1","damage_taken":0,"max_hp_gain":0,"max_hp_loss":0,"event_name":"SensoryStone","floor":37,"gold_loss":0},{"cards_removed":["Coolheaded"],"damage_healed":0,"gold_gain":0,"player_choice":"Removed Skill","damage_taken":0,"max_hp_gain":0,"max_hp_loss":0,"event_name":"Falling","floor":38,"gold_loss":0},{"damage_healed":21,"gold_gain":0,"player_choice":"Writhe","damage_taken":0,"max_hp_gain":0,"max_hp_loss":0,"event_name":"Winding Halls","floor":46,"gold_loss":0,"cards_obtained":["Writhe"]}],"is_beta":false,"boss_relics":[{"not_picked":["Nuclear Battery","Velvet Choker"],"picked":"Orrery"},{"not_picked":["Fusion Hammer","Runic Dome"],"picked":"Astrolabe"}],"items_purged_floors":[13,19],"is_endless":false,"potions_floor_spawned":[3,6,8,12,16,20,25,28,33,36,39,44],"ascension_level":0}