{"gold_per_floor":[109,109,109,187,187,187,231,231,299,323,323,170,206,225,225,351,351,366,366,385,125,224,268,288,288],"floor_reached":25,"playtime":782,"items_purged":["Strike_G","Strike_G"],"score":391,"play_id":"5069c160-6553-4962-b63b-7afe0f1511b0","local_time":"20190117221443","is_ascension_mode":true,"campfire_choices":[{"floor":6,"key":"REST"},{"data":"Neutralize","floor":8,"key":"SMITH"},{"data":"Bouncing Flask","floor":11,"key":"SMITH"},{"data":"Bouncing Flask","floor":15,"key":"SMITH"}],"neow_cost":"NONE","seed_source_timestamp":360862131190893,"circlet_count":0,"master_deck":["AscendersBane","Defend_G","Defend_G+1","Defend_G","Defend_G+1","Defend_G","Strike_G","Strike_G","Strike_G","Survivor","Neutralize+1","Bane","Bouncing Flask+1","Bouncing Flask+1","Bane","Backflip","Venomology","Backflip","Sucker Punch","Noxious Fumes","Outmaneuver+1","Underhanded Strike"],"relics":["Ring of the Snake","NeowsBlessing","Golden Idol","Calipers","Bag of Marbles","Letter Opener","The Courier","HoveringKite","Anchor","Sundial"],"potions_floor_usage":[23,24,25,25],"damage_taken":[{"damage":0,"enemies":"Small Slimes","floor":1,"turns":1},{"damage":0,"enemies":"Gremlin Nob","floor":7,"turns":1},{"damage":0,"enemies":"Jaw Worm","floor":10,"turns":1},{"damage":14,"enemies":"Lagavulin","floor":13,"turns":5},{"damage":0,"enemies":"2 Louse","floor":14,"turns":3},{"damage":15,"enemies":"Hexaghost","floor":16,"turns":8},{"damage":13,"enemies":"3 Byrds","floor":18,"turns":4},{"damage":4,"enemies":"Chosen","floor":20,"turns":3},{"damage":26,"enemies":"Book of Stabbing","floor":23,"turns":6},{"damage":7,"enemies":"Snake Plant","floor":24,"turns":4},{"damage":12,"enemies":"Gremlin Leader","floor":25,"turns":4}],"seed_played":"5528696118416312891","potions_obtained":[{"floor":7,"key":"FairyPotion"},{"floor":13,"key":"SpeedPotion"}],"is_trial":false,"path_per_floor":["M","?","?","?","?","R","E","R","T","M","R","$","E","M","R","B",null,"M","?","M","$","?","E","M","E"],"character_chosen":"THE_SILENT","items_purchased":["Bouncing Flask","Noxious Fumes","Anchor"],"campfire_rested":1,"item_purchase_floors":[12,21,21],"current_hp_per_floor":[63,46,32,32,32,53,53,53,53,53,53,53,39,39,39,24,59,46,39,35,35,35,9,2,0],"gold":288,"neow_bonus":"THREE_ENEMY_KILL","is_prod":false,"is_daily":false,"chose_seed":false,"campfire_upgraded":3,"win_rate":0,"timestamp":1547784883,"path_taken":["M","?","?","?","?","R","E","R","T","?","R","$","E","M","R","BOSS","M","?","M","?","?","E","M","E"],"build_version":"2019-01-17","purchased_purges":2,"victory":false,"max_hp_per_floor":[70,70,70,70,70,70,70,70,70,70,70,70,70,70,70,70,70,70,70,70,70,70,70,70,70],"card_choices":[{"not_picked":["Deadly Poison","Cloak And Dagger"],"picked":"All Out Attack","floor":1},{"not_picked":["Terror","Blade Dance"],"picked":"Bane","floor":7},{"not_picked":["Bouncing Flask","Distraction","Finisher"],"picked":"SKIP","floor":10},{"not_picked":["Distraction","Finisher"],"picked":"Bouncing Flask","floor":10},{"not_picked":["Quick Slash","Night Terror"],"picked":"Bane","floor":13},{"not_picked":["Bane","PiercingWail"],"picked":"Backflip","floor":14},{"not_picked":["Wraith Form v2","Tools of the Trade"],"picked":"Venomology","floor":16},{"not_picked":["Quick Slash+1","Deadly Poison+1"],"picked":"Backflip","floor":18},{"not_picked":["Caltrops","Flying Knee"],"picked":"Sucker Punch","floor":20},{"not_picked":["Caltrops","Deflect"],"picked":"Outmaneuver+1","floor":23},{"not_picked":["Outmaneuver","Choke+1"],"picked":"Underhanded Strike","floor":24}],"player_experience":462962,"relics_obtained":[{"floor":7,"key":"Bag of Marbles"},{"floor":9,"key":"Letter Opener"},{"floor":13,"key":"The Courier"},{"floor":23,"key":"Sundial"}],"event_choices":[{"damage_healed":0,"gold_gain":0,"player_choice":"Take Damage","damage_taken":17,"relics_obtained":["Golden Idol"],"max_hp_gain":0,"max_hp_loss":0,"event_name":"Golden Idol","floor":2,"gold_loss":0},{"damage_healed":0,"gold_gain":0,"player_choice":"Entered Light","damage_taken":14,"max_hp_gain":0,"max_hp_loss":0,"event_name":"Shining Light","floor":3,"gold_loss":0,"cards_upgraded":["Defend_G","Defend_G"]},{"damage_healed":0,"gold_gain":78,"player_choice":"Gained Gold","damage_taken":0,"max_hp_gain":0,"max_hp_loss":0,"event_name":"Golden Wing","floor":4,"gold_loss":0},{"cards_removed":["All Out Attack"],"damage_healed":0,"gold_gain":0,"player_choice":"Gave Card","damage_taken":0,"relics_obtained":["Calipers"],"max_hp_gain":0,"max_hp_loss":0,"event_name":"WeMeetAgain","floor":5,"gold_loss":0},{"damage_healed":0,"gold_gain":0,"player_choice":"Damaged","damage_taken":7,"max_hp_gain":0,"max_hp_loss":0,"event_name":"Wheel of Change","floor":19,"gold_loss":0},{"damage_healed":0,"gold_gain":99,"player_choice":"Stole From Cult","damage_taken":0,"max_hp_gain":0,"max_hp_loss":0,"event_name":"Nest","floor":22,"gold_loss":0}],"is_beta":false,"boss_relics":[{"not_picked":["Runic Pyramid","Calling Bell"],"picked":"HoveringKite"}],"items_purged_floors":[12,21],"is_endless":false,"potions_floor_spawned":[7,13,14,16,24],"killed_by":"Gremlin Leader","ascension_level":11}