{"path_per_floor":["M","?","?","?","M","E","R","E","T","M","E","M","$","M","R","B",null,"M","?","$"],"character_chosen":"DEFECT","items_purchased":["Art of War","Apotheosis","Consume","FairyPotion"],"gold_per_floor":[119,119,119,219,235,261,261,289,365,377,407,422,267,283,283,379,379,396,422,62,62],"floor_reached":21,"campfire_rested":2,"playtime":1254,"item_purchase_floors":[13,20,20,20],"current_hp_per_floor":[75,63,48,48,53,9,31,24,34,41,32,31,31,14,39,32,85,84,26,26,0],"items_purged":[],"gold":62,"score":217,"play_id":"1f77bc5a-65d4-4507-849e-271694e22fce","local_time":"20180609101719","is_prod":false,"is_daily":false,"chose_seed":false,"is_ascension_mode":true,"campfire_upgraded":0,"win_rate":0,"timestamp":1528557439,"campfire_choices":[{"floor":7,"key":"REST"},{"floor":15,"key":"REST"}],"path_taken":["M","?","?","?","M","E","R","E","T","M","E","M","$","M","R","BOSS","M","?","$","M"],"build_version":"2018-06-07v3","seed_source_timestamp":12901096711257,"purchased_purges":0,"victory":false,"master_deck":["Strike_B","Strike_B+1","Strike_B+1","Strike_B+1","Defend_B+1","Defend_B","Defend_B","Defend_B","Zap","Dualcast","Self Repair","Consume","Reprogram","Capacitor","Storm","Conserve Battery","Gash","Self Repair","Amplify","Ball Lightning","Barrage","Apotheosis","Consume"],"max_hp_per_floor":[75,75,75,75,75,75,75,75,85,85,85,85,85,85,85,85,85,85,85,85,85],"relics":["Cracked Core","Anchor","Ancient Tea Set","Bag of Marbles","Whetstone","Pear","Shuriken","Art of War","Inserter","Red Mask"],"card_choices":[{"not_picked":["Beam Cell","Sweeping Beam"],"picked":"Self Repair","floor":1},{"not_picked":["Go for the Eyes","Hologram"],"picked":"Consume","floor":5},{"not_picked":["Rainbow","Chill"],"picked":"Reprogram","floor":6},{"not_picked":["Turbo","Fusion"],"picked":"Capacitor","floor":8},{"not_picked":["Turbo","Hologram"],"picked":"Storm","floor":10},{"not_picked":["Consume","Scrape"],"picked":"Conserve Battery","floor":11},{"not_picked":["Scrape","Blizzard"],"picked":"Gash","floor":12},{"not_picked":["Stack","Sweeping Beam"],"picked":"Self Repair","floor":14},{"not_picked":["Rainbow","Core Surge"],"picked":"Amplify","floor":16},{"not_picked":["Coolheaded","Sweeping Beam"],"picked":"Ball Lightning","floor":18},{"not_picked":["Blizzard","Hologram+1"],"picked":"Barrage","floor":19}],"player_experience":237363,"potions_floor_usage":[11,16,16,19],"damage_taken":[{"damage":0,"enemies":"2 Louse","floor":1,"turns":2},{"damage":2,"enemies":"Jaw Worm","floor":5,"turns":3},{"damage":51,"enemies":"Gremlin Nob","floor":6,"turns":6},{"damage":14,"enemies":"3 Sentries","floor":8,"turns":8},{"damage":0,"enemies":"Small Slimes","floor":10,"turns":3},{"damage":16,"enemies":"Lagavulin","floor":11,"turns":6},{"damage":8,"enemies":"Blue Slaver","floor":12,"turns":3},{"damage":24,"enemies":"Exordium Wildlife","floor":14,"turns":4},{"damage":21,"enemies":"Slime Boss","floor":16,"turns":8},{"damage":15,"enemies":"Chosen","floor":18,"turns":4},{"damage":72,"floor":19,"turns":6},{"damage":51,"enemies":"3 Byrds","floor":21,"turns":3}],"relics_obtained":[{"floor":6,"key":"Bag of Marbles"},{"floor":8,"key":"Whetstone"},{"floor":9,"key":"Pear"},{"floor":11,"key":"Shuriken"},{"floor":19,"key":"Red Mask"}],"event_choices":[{"event_name":"Scrap Ooze","player_choice":"success","floor":2,"damage_taken":12},{"event_name":"Shining Light","player_choice":"Entered Light","floor":3,"damage_taken":0},{"event_name":"Golden Shrine","player_choice":"Pray","floor":4,"damage_taken":0},{"event_name":"Masked Bandits","player_choice":"Fought over 396 gold","floor":19,"damage_taken":0}],"boss_relics":[{"not_picked":["Velvet Choker","Runic Pyramid"],"picked":"Inserter"}],"items_purged_floors":[],"potions_floor_spawned":[6,8,11,16,19],"seed_played":"6577956282767754662","killed_by":"3 Byrds","ascension_level":2,"potions_obtained":[{"floor":6,"key":"Weak Potion"},{"floor":8,"key":"FearPotion"},{"floor":11,"key":"Strength Potion"},{"floor":16,"key":"Ancient Potion"},{"floor":19,"key":"FearPotion"}],"is_trial":false}