{"gold_per_floor":[115,135,153,166,182,197,222,42,68,68,88,113,133,144,144,239,239,194,123,123,73,73,73,73,73,73,73,73,73,73,73,73,73,73,73,73,73],"floor_reached":37,"playtime":2125,"items_purged":["Strike_G"],"score":534,"play_id":"c78b46e8-ae05-4fcc-aa32-bab4a0468ec3","local_time":"20190205191650","is_ascension_mode":true,"campfire_choices":[{"data":"Crippling Poison","floor":10,"key":"SMITH"},{"data":"Bane","floor":15,"key":"SMITH"},{"floor":24,"key":"REST"},{"data":"Noxious Fumes","floor":27,"key":"SMITH"},{"data":"Footwork","floor":32,"key":"SMITH"}],"neow_cost":"NONE","seed_source_timestamp":2174900648869673,"circlet_count":0,"master_deck":["Defend_G","Defend_G","Defend_G","Defend_G","Defend_G","Strike_G","Strike_G","Strike_G+1","Strike_G","Survivor","Neutralize+1","Cloak And Dagger","Dagger Spray","Crippling Poison+1","Dagger Throw+1","Poisoned Stab","Bouncing Flask","Caltrops","Bouncing Flask","Bane+1","All Out Attack","Footwork+1","After Image","Noxious Fumes+1","Leg Sweep","Deadly Poison","Deadly Poison","Bane+1","Distraction","Distraction+1","Corpse Explosion"],"relics":["Ring of the Snake","Regal Pillow","Lantern","Meat on the Bone","Ectoplasm","Bag of Preparation","Shuriken","Whetstone","Busted Crown"],"potions_floor_usage":[7,16,28,33,33,33,37,37],"damage_taken":[{"damage":0,"enemies":"Cultist","floor":1,"turns":3},{"damage":2,"enemies":"Jaw Worm","floor":2,"turns":7},{"damage":0,"enemies":"2 Louse","floor":3,"turns":3},{"damage":0,"enemies":"Lots of Slimes","floor":4,"turns":1},{"damage":0,"enemies":"2 Fungi Beasts","floor":5,"turns":4},{"damage":0,"enemies":"3 Louse","floor":6,"turns":3},{"damage":16,"enemies":"Gremlin Nob","floor":7,"turns":3},{"damage":0,"enemies":"Large Slime","floor":11,"turns":3},{"damage":6,"enemies":"Lagavulin","floor":12,"turns":7},{"damage":0,"enemies":"Exordium Wildlife","floor":13,"turns":3},{"damage":0,"enemies":"Looter","floor":14,"turns":2},{"damage":10,"enemies":"Hexaghost","floor":16,"turns":8},{"damage":15,"enemies":"2 Thieves","floor":18,"turns":4},{"damage":2,"enemies":"Shell Parasite","floor":20,"turns":4},{"damage":7,"enemies":"Centurion and Healer","floor":22,"turns":5},{"damage":23,"enemies":"Book of Stabbing","floor":23,"turns":6},{"damage":14,"enemies":"Slavers","floor":28,"turns":4},{"damage":14,"enemies":"Snake Plant","floor":29,"turns":4},{"damage":4,"enemies":"Shelled Parasite and Fungi","floor":30,"turns":5},{"damage":9,"enemies":"Centurion and Healer","floor":31,"turns":4},{"damage":43,"enemies":"Collector","floor":33,"turns":8},{"damage":20,"enemies":"3 Shapes","floor":35,"turns":6},{"damage":45,"enemies":"3 Darklings","floor":37,"turns":2}],"seed_played":"-6482830920866031676","potions_obtained":[{"floor":2,"key":"Dexterity Potion"},{"floor":3,"key":"Dexterity Potion"},{"floor":4,"key":"AttackPotion"},{"floor":7,"key":"GhostInAJar"},{"floor":23,"key":"Block Potion"},{"floor":29,"key":"Ancient Potion"},{"floor":30,"key":"PowerPotion"},{"floor":33,"key":"Energy Potion"},{"floor":35,"key":"Regen Potion"}],"is_trial":false,"path_per_floor":["M","M","M","M","M","M","E","$","T","R","M","E","M","M","R","B",null,"M","$","M","?","M","E","R","?","T","R","E","M","M","M","R","B",null,"M","?","M"],"character_chosen":"THE_SILENT","items_purchased":["Caltrops","Bouncing Flask","Leg Sweep"],"campfire_rested":1,"item_purchase_floors":[8,8,19],"current_hp_per_floor":[70,68,68,68,68,68,52,52,52,52,52,46,46,46,46,36,62,47,47,45,45,38,27,63,63,63,63,49,47,43,46,46,15,56,36,36,0],"gold":73,"neow_bonus":"UPGRADE_CARD","is_prod":false,"is_daily":false,"chose_seed":false,"campfire_upgraded":4,"win_rate":0,"timestamp":1549354610,"path_taken":["M","?","M","M","M","M","E","$","T","R","M","E","?","M","R","BOSS","M","$","?","?","?","E","R","?","T","R","E","M","?","M","R","BOSS","M","?","M"],"build_version":"2019-01-23","purchased_purges":1,"victory":false,"max_hp_per_floor":[70,70,70,70,70,70,70,70,70,70,70,70,70,70,70,70,70,70,70,70,70,70,70,70,70,70,70,70,70,70,70,70,70,70,70,70,70],"card_choices":[{"not_picked":["Prepared","Tactician"],"picked":"Cloak And Dagger","floor":1},{"not_picked":["Predator","Catalyst"],"picked":"Dagger Spray","floor":2},{"not_picked":["Acrobatics","Cloak And Dagger"],"picked":"Crippling Poison","floor":3},{"not_picked":["Dodge and Roll","Underhanded Strike"],"picked":"Dagger Throw","floor":4},{"not_picked":["Choke","Dodge and Roll"],"picked":"Poisoned Stab","floor":5},{"not_picked":["Crippling Poison","Dagger Spray"],"picked":"Bouncing Flask","floor":6},{"not_picked":["Flechettes","Slice","Dagger Spray"],"picked":"SKIP","floor":7},{"not_picked":["Doppelganger","Poisoned Stab"],"picked":"Bane","floor":11},{"not_picked":["Slice","Bane"],"picked":"All Out Attack","floor":12},{"not_picked":["Dagger Throw","Bane"],"picked":"Footwork","floor":13},{"not_picked":["Finisher","Doppelganger","Slice"],"picked":"SKIP","floor":14},{"not_picked":["Glass Knife","Malaise"],"picked":"After Image","floor":16},{"not_picked":["Blade Dance","Bane"],"picked":"Noxious Fumes","floor":18},{"not_picked":["Sucker Punch","Crippling Poison","Poisoned Stab"],"picked":"SKIP","floor":20},{"not_picked":["Prepared","Flechettes"],"picked":"Deadly Poison","floor":22},{"not_picked":["Grand Finale","Terror"],"picked":"Deadly Poison","floor":23},{"not_picked":["Acrobatics","Predator+1"],"picked":"Bane+1","floor":28},{"not_picked":["Blur","Crippling Poison"],"picked":"Distraction","floor":29},{"not_picked":["Dagger Throw+1","Blade Dance"],"picked":"Distraction+1","floor":30},{"not_picked":["Deflect","Underhanded Strike","Endless Agony"],"picked":"SKIP","floor":31},{"not_picked":["Die Die Die","Burst"],"picked":"Corpse Explosion","floor":33},{"not_picked":["Underhanded Strike+1"],"picked":"SKIP","floor":35}],"player_experience":260750,"relics_obtained":[{"floor":7,"key":"Regal Pillow"},{"floor":9,"key":"Lantern"},{"floor":12,"key":"Meat on the Bone"},{"floor":23,"key":"Bag of Preparation"},{"floor":26,"key":"Shuriken"},{"floor":28,"key":"Whetstone"}],"event_choices":[{"damage_healed":0,"gold_gain":0,"player_choice":"Bet on Murderer","damage_taken":0,"max_hp_gain":0,"max_hp_loss":0,"event_name":"The Joust","floor":21,"gold_loss":50},{"damage_healed":0,"gold_gain":0,"player_choice":"Bought 0 Potions","damage_taken":0,"max_hp_gain":0,"max_hp_loss":0,"event_name":"The Woman in Blue","floor":25,"gold_loss":0},{"damage_healed":0,"gold_gain":0,"player_choice":"Memory 1","damage_taken":0,"max_hp_gain":0,"max_hp_loss":0,"event_name":"SensoryStone","floor":36,"gold_loss":0}],"is_beta":false,"boss_relics":[{"not_picked":["Coffee Dripper","Calling Bell"],"picked":"Ectoplasm"},{"not_picked":["Lizard Tail","Pandora\u0027s Box"],"picked":"Busted Crown"}],"items_purged_floors":[8],"is_endless":false,"potions_floor_spawned":[2,3,4,5,7,13,23,29,30,31,33,35],"killed_by":"3 Darklings","ascension_level":5}