{"path_per_floor":["M","?","?","M","M","R","M","E","T","?","?","M","R","M","R","B",null],"character_chosen":"DEFECT","items_purchased":[],"gold_per_floor":[114,114,114,133,147,147,161,195,195,195,195,206,206,216,216,314,314,314],"floor_reached":18,"campfire_rested":3,"playtime":1702,"item_purchase_floors":[],"current_hp_per_floor":[64,66,48,38,38,64,58,16,16,16,16,16,42,29,55,16,89,77],"items_purged":[],"gold":314,"score":162,"play_id":"c22d932c-b3c9-468d-9e87-3fe1d94b9513","local_time":"20180605010003","is_prod":false,"is_daily":false,"chose_seed":false,"is_ascension_mode":false,"campfire_upgraded":0,"win_rate":0.0,"timestamp":1528124403,"campfire_choices":[{"floor":6,"key":"REST"},{"floor":13,"key":"REST"},{"floor":15,"key":"REST"}],"path_taken":["M","?","?","M","?","R","M","E","T","?","?","?","R","M","R","BOSS","M"],"build_version":"2018-05-31","seed_source_timestamp":45410318831819,"purchased_purges":0,"victory":false,"master_deck":["Strike_B","Strike_B+1","Strike_B","Defend_B","Defend_B","Defend_B","Defend_B","Zap+1","Dualcast","Seek","White Noise","Conserve Battery","Auto Shields","Normality","Leap","Genetic Algorithm","Multi-Cast"],"max_hp_per_floor":[75,89,89,89,89,89,89,89,89,89,89,89,89,89,89,89,89,89],"relics":["Cracked Core","Mango","Pantograph","The Courier","Turnip","Inserter"],"card_choices":[{"not_picked":["Coolheaded","Streamline","Doom and Gloom"],"picked":"SKIP","floor":1},{"not_picked":["Beam Cell","Coolheaded"],"picked":"White Noise","floor":4},{"not_picked":["Ball Lightning","Go for the Eyes"],"picked":"Conserve Battery","floor":5},{"not_picked":["Cold Snap","Hologram","Coolheaded"],"picked":"SKIP","floor":7},{"not_picked":["Skim","BootSequence","Double Energy"],"picked":"SKIP","floor":8},{"not_picked":["Coolheaded","Force Field"],"picked":"Leap","floor":12},{"not_picked":["Gash","Conserve Battery"],"picked":"Genetic Algorithm","floor":14},{"not_picked":["Hyperbeam","Biased Cognition"],"picked":"Multi-Cast","floor":16}],"player_experience":313629,"potions_floor_usage":[],"damage_taken":[{"damage":11,"enemies":"Jaw Worm","floor":1,"turns":2},{"damage":10,"enemies":"Small Slimes","floor":4,"turns":3},{"damage":0,"enemies":"2 Louse","floor":5,"turns":2},{"damage":6,"enemies":"2 Fungi Beasts","floor":7,"turns":3},{"damage":42,"enemies":"Gremlin Nob","floor":8,"turns":5},{"damage":0,"enemies":"Blue Slaver","floor":12,"turns":3},{"damage":13,"enemies":"Red Slaver","floor":14,"turns":4},{"damage":64,"enemies":"Hexaghost","floor":16,"turns":11},{"damage":12,"enemies":"3 Byrds","floor":18,"turns":2}],"relics_obtained":[{"floor":8,"key":"Pantograph"},{"floor":9,"key":"The Courier"}],"event_choices":[{"event_name":"Scrap Ooze","player_choice":"success","floor":2,"damage_taken":12},{"event_name":"Shining Light","player_choice":"Entered Light","floor":3,"damage_taken":0},{"event_name":"Transmorgrifier","player_choice":"Transform","floor":10,"damage_taken":0},{"event_name":"Accursed Blacksmith","player_choice":"Rummage","floor":11,"damage_taken":0}],"boss_relics":[{"not_picked":["Philosopher\u0027s Stone","Velvet Choker"],"picked":"Inserter"}],"items_purged_floors":[],"potions_floor_spawned":[4,5,14],"seed_played":"4603070717806731483","killed_by":"3 Byrds","ascension_level":0,"potions_obtained":[{"floor":4,"key":"EssenceOfSteel"},{"floor":5,"key":"LiquidBronze"},{"floor":14,"key":"Energy Potion"}],"is_trial":false}