{"gold_per_floor":[119,119,119,8,20,48,48,48,48,81,81,109,27,42,42,42],"floor_reached":16,"playtime":568,"items_purged":["Strike_R"],"score":133,"play_id":"2bd77242-9a3b-4cf2-ab2d-44655640af0c","local_time":"20190127085806","is_ascension_mode":true,"campfire_choices":[{"data":"Entrench","floor":8,"key":"SMITH"},{"floor":11,"key":"REST"},{"data":"True Grit","floor":15,"key":"SMITH"}],"neow_cost":"TEN_PERCENT_HP_LOSS","seed_source_timestamp":1434020733024873,"circlet_count":0,"master_deck":["Strike_R","Strike_R","Defend_R","Defend_R","Defend_R","Defend_R","Bash","Body Slam+1","Rampage","Entrench+1","Shrug It Off","True Grit+1","Whirlwind"],"relics":["Burning Blood","Regal Pillow","Centennial Puzzle","Smiling Mask","Anchor"],"potions_floor_usage":[10],"damage_taken":[{"damage":2,"enemies":"Jaw Worm","floor":1,"turns":3},{"damage":4,"enemies":"2 Louse","floor":5,"turns":3},{"damage":30,"enemies":"Lagavulin","floor":6,"turns":5},{"damage":20,"enemies":"3 Sentries","floor":10,"turns":11},{"damage":24,"enemies":"Gremlin Nob","floor":12,"turns":4},{"damage":0,"enemies":"Small Slimes","floor":14,"turns":3},{"damage":67,"enemies":"Slime Boss","floor":16,"turns":8}],"seed_played":"-467423265136041705","potions_obtained":[{"floor":5,"key":"LiquidBronze"},{"floor":6,"key":"BloodPotion"}],"is_trial":false,"path_per_floor":["M","?","?","$","M","E","?","R","T","E","R","E","$","M","R","B"],"character_chosen":"IRONCLAD","items_purchased":["Rampage","Whirlwind"],"campfire_rested":1,"item_purchase_floors":[4,13],"current_hp_per_floor":[72,72,72,72,72,48,41,41,41,34,70,52,52,58,58,0],"gold":42,"neow_bonus":"REMOVE_TWO","is_prod":false,"is_daily":false,"chose_seed":false,"campfire_upgraded":2,"win_rate":0,"timestamp":1548547086,"path_taken":["M","?","?","$","M","E","?","R","T","E","R","E","?","?","R","BOSS"],"build_version":"2019-01-23","purchased_purges":1,"victory":false,"max_hp_per_floor":[72,72,72,72,72,72,72,72,72,72,72,72,72,72,72,72],"card_choices":[{"not_picked":["Havoc","Seeing Red"],"picked":"Body Slam","floor":1},{"not_picked":["Flex","Twin Strike","Shockwave"],"picked":"SKIP","floor":5},{"not_picked":["Warcry","Spot Weakness"],"picked":"Entrench","floor":6},{"not_picked":["Wild Strike","Clash"],"picked":"Shrug It Off","floor":10},{"not_picked":["Pommel Strike","Warcry"],"picked":"True Grit","floor":12},{"not_picked":["Clash","Wild Strike","Infernal Blade"],"picked":"SKIP","floor":14}],"player_experience":702953,"relics_obtained":[{"floor":6,"key":"Regal Pillow"},{"floor":10,"key":"Smiling Mask"},{"floor":12,"key":"Anchor"}],"event_choices":[{"damage_healed":0,"gold_gain":0,"player_choice":"Grow","damage_taken":0,"max_hp_gain":0,"max_hp_loss":0,"event_name":"Living Wall","floor":2,"gold_loss":0,"cards_upgraded":["Body Slam"]},{"damage_healed":0,"gold_gain":0,"player_choice":"Ignored","damage_taken":0,"max_hp_gain":0,"max_hp_loss":0,"event_name":"Golden Idol","floor":3,"gold_loss":0},{"damage_healed":0,"gold_gain":0,"player_choice":"Success","damage_taken":7,"relics_obtained":["Centennial Puzzle"],"max_hp_gain":0,"max_hp_loss":0,"event_name":"Scrap Ooze","floor":7,"gold_loss":0}],"is_beta":false,"boss_relics":[],"items_purged_floors":[4],"is_endless":false,"potions_floor_spawned":[5,6],"killed_by":"Slime Boss","ascension_level":3}