{"gold_per_floor":[115,115,115,134,146,146,146,181,230,230,256,256,256,284,284,385,385,402,372,382,127,140,140,159,159,159,159],"floor_reached":27,"playtime":889,"items_purged":["Strike_B"],"score":377,"play_id":"b59b490d-9a48-4e9c-8b3a-1be803252b85","local_time":"20190104202136","is_ascension_mode":true,"campfire_choices":[{"data":"Zap","floor":6,"key":"SMITH"},{"data":"Consume","floor":10,"key":"SMITH"},{"floor":13,"key":"REST"},{"floor":15,"key":"REST"},{"floor":23,"key":"REST"},{"floor":25,"key":"REST"}],"neow_cost":"NONE","seed_source_timestamp":1259633345673963,"circlet_count":0,"master_deck":["Strike_B","Strike_B+1","Strike_B+1","Defend_B","Defend_B","Defend_B","Defend_B","Zap","Dualcast","Streamline","Leap","Zap+1","Hologram","Capacitor","Consume+1","Capacitor","Conserve Battery","Electrodynamics","Ball Lightning","Steam+1","Apotheosis","Leap","Core Surge"],"relics":["Cracked Core","NeowsBlessing","Pen Nib","Happy Flower","Lantern","Whetstone","Lizard Tail","Cables"],"potions_floor_usage":[11,16,16,22,27,27],"damage_taken":[{"damage":0,"enemies":"2 Louse","floor":1,"turns":1},{"damage":0,"enemies":"Cultist","floor":4,"turns":1},{"damage":0,"enemies":"Small Slimes","floor":5,"turns":1},{"damage":33,"enemies":"3 Sentries","floor":8,"turns":7},{"damage":20,"enemies":"Lagavulin","floor":11,"turns":5},{"damage":16,"enemies":"3 Sentries","floor":14,"turns":6},{"damage":0,"enemies":"Slime Boss","floor":16,"turns":5},{"damage":42,"enemies":"2 Thieves","floor":18,"turns":5},{"damage":20,"enemies":"3 Byrds","floor":20,"turns":3},{"damage":29,"enemies":"Centurion and Healer","floor":22,"turns":4},{"damage":35,"enemies":"Chosen and Byrds","floor":24,"turns":5},{"damage":48,"enemies":"Gremlin Leader","floor":27,"turns":4}],"seed_played":"6034532838374265819","potions_obtained":[{"floor":1,"key":"FearPotion"},{"floor":5,"key":"Poison Potion"},{"floor":11,"key":"Regen Potion"},{"floor":14,"key":"Swift Potion"},{"floor":19,"key":"FocusPotion"},{"floor":19,"key":"AttackPotion"},{"floor":24,"key":"Regen Potion"}],"is_trial":false,"path_per_floor":["M","$","?","M","M","R","$","E","T","R","E","?","R","E","R","B",null,"M","?","M","$","M","R","M","R","T","E"],"character_chosen":"DEFECT","items_purchased":["Apotheosis"],"campfire_rested":4,"item_purchase_floors":[21],"current_hp_per_floor":[68,68,68,68,68,68,68,35,35,35,15,15,37,21,43,57,71,29,29,9,9,25,47,12,34,34,0],"gold":159,"neow_bonus":"THREE_ENEMY_KILL","is_prod":false,"is_daily":false,"chose_seed":false,"campfire_upgraded":2,"win_rate":0,"timestamp":1546654896,"path_taken":["M","$","?","?","M","R","$","E","T","R","E","?","R","E","R","BOSS","M","?","M","$","?","R","M","R","T","E"],"build_version":"2019-01-03v4","purchased_purges":1,"victory":false,"max_hp_per_floor":[75,75,75,75,75,75,75,75,75,75,75,75,75,75,75,75,75,75,75,75,75,75,75,75,75,75,75],"card_choices":[{"not_picked":["Go for the Eyes","Rebound"],"picked":"Streamline","floor":1},{"not_picked":["Barrage","Steam Power"],"picked":"Hologram","floor":4},{"not_picked":["Gash","Chaos"],"picked":"Capacitor","floor":5},{"not_picked":["Sweeping Beam","Hologram"],"picked":"Consume","floor":8},{"not_picked":["Rebound","Leap"],"picked":"Capacitor","floor":11},{"not_picked":["Steam Power","Ball Lightning"],"picked":"Conserve Battery","floor":14},{"not_picked":["All For One","Rainbow"],"picked":"Electrodynamics","floor":16},{"not_picked":["Beam Cell","Compile Driver"],"picked":"Ball Lightning","floor":18},{"not_picked":["Recycle+1","Turbo"],"picked":"Steam+1","floor":20},{"not_picked":["Redo","Gash"],"picked":"Leap","floor":22},{"not_picked":["Streamline","Turbo"],"picked":"Core Surge","floor":24}],"player_experience":372796,"relics_obtained":[{"floor":8,"key":"Pen Nib"},{"floor":9,"key":"Happy Flower"},{"floor":11,"key":"Lantern"},{"floor":14,"key":"Whetstone"},{"floor":26,"key":"Cables"}],"event_choices":[{"damage_healed":0,"gold_gain":0,"player_choice":"2 cards matched","damage_taken":0,"max_hp_gain":0,"max_hp_loss":0,"event_name":"Match and Keep!","floor":3,"gold_loss":0,"cards_obtained":["Leap","Zap"]},{"damage_healed":0,"gold_gain":0,"player_choice":"Searched \u00271\u0027 times","damage_taken":0,"max_hp_gain":0,"max_hp_loss":0,"event_name":"Dead Adventurer","floor":12,"gold_loss":0},{"damage_healed":0,"gold_gain":0,"player_choice":"Bought 2 Potions","damage_taken":0,"max_hp_gain":0,"max_hp_loss":0,"event_name":"The Woman in Blue","floor":19,"gold_loss":0}],"is_beta":false,"boss_relics":[{"not_picked":["Empty Cage","Philosopher\u0027s Stone"],"picked":"Lizard Tail"}],"items_purged_floors":[21],"is_endless":false,"potions_floor_spawned":[1,5,11,14,24],"killed_by":"Gremlin Leader","ascension_level":7}