{"gold_per_floor":[113,125,125,125,139,139,157,157,182,33,57,72,0,28,28,130,130,148,158,85,85,95,124,24,41,68,81,97,97,126,126],"floor_reached":31,"playtime":2875,"items_purged":["Strike_B","Strike_B"],"score":291,"play_id":"fed339ba-0135-4c88-be14-1c319b1f5348","local_time":"20180703115232","is_ascension_mode":true,"campfire_choices":[{"data":"Amplify","floor":6,"key":"SMITH"},{"data":"Zap","floor":8,"key":"SMITH"},{"data":"Hello World","floor":15,"key":"SMITH"},{"data":"Storm","floor":29,"key":"SMITH"}],"neow_cost":"","seed_source_timestamp":533972567276463,"circlet_count":0,"master_deck":["Strike_B+1","Defend_B","Defend_B","Defend_B","Defend_B","Zap+1","Dualcast","Cold Snap","Self Repair","Amplify+1","Hello World+1","Scrape","Heatsinks","Steam","Electrodynamics","Streamline+1","Capacitor+1","Defragment","Loop","Reprogram+1","Storm+1","Gash","Creative AI"],"relics":["Cracked Core","Happy Flower","Odd Mushroom","Dream Catcher","Nuclear Battery","Whetstone","Blood Vial","Pen Nib"],"potions_floor_usage":[14,19,23,23,25],"damage_taken":[{"damage":6,"enemies":"Cultist","floor":1,"turns":3},{"damage":11,"enemies":"2 Louse","floor":2,"turns":3},{"damage":13,"enemies":"Small Slimes","floor":5,"turns":3},{"damage":20,"enemies":"Exordium Thugs","floor":7,"turns":7},{"damage":17,"floor":11,"turns":6},{"damage":2,"enemies":"Blue Slaver","floor":12,"turns":3},{"damage":8,"enemies":"Lagavulin","floor":14,"turns":6},{"damage":29,"enemies":"The Guardian","floor":16,"turns":9},{"damage":0,"enemies":"Chosen","floor":18,"turns":5},{"damage":38,"enemies":"2 Thieves","floor":19,"turns":4},{"damage":18,"enemies":"Cultist and Chosen","floor":22,"turns":5},{"damage":16,"enemies":"Slavers","floor":23,"turns":4},{"damage":27,"enemies":"Snecko","floor":25,"turns":6},{"damage":29,"enemies":"Slaver and Parasite","floor":27,"turns":5},{"damage":0,"enemies":"Sentry and Sphere","floor":28,"turns":3},{"damage":17,"enemies":"Gremlin Leader","floor":30,"turns":4},{"damage":20,"floor":31,"turns":2}],"seed_played":"6010366449534224903","potions_obtained":[{"floor":4,"key":"FairyPotion"},{"floor":4,"key":"EssenceOfSteel"},{"floor":4,"key":"Ancient Potion"},{"floor":7,"key":"Energy Potion"},{"floor":16,"key":"SkillPotion"},{"floor":18,"key":"Regen Potion"},{"floor":22,"key":"EssenceOfSteel"},{"floor":23,"key":"Swift Potion"}],"is_trial":false,"path_per_floor":["M","M","?","?","M","R","M","R","T","$","?","M","$","E","R","B",null,"M","M","$","?","M","E","$","M","T","M","M","R","E"],"character_chosen":"DEFECT","items_purchased":["Hello World","Heatsinks","Defragment"],"campfire_rested":0,"item_purchase_floors":[10,13,20],"current_hp_per_floor":[69,58,51,51,45,45,39,39,39,39,36,48,48,47,47,32,75,75,60,60,60,42,33,33,20,20,15,17,17,16,0],"gold":126,"neow_bonus":"","is_prod":false,"is_daily":false,"chose_seed":false,"campfire_upgraded":4,"win_rate":0,"timestamp":1530582752,"path_taken":["M","M","?","?","M","R","?","R","T","?","?","M","$","E","R","BOSS","M","M","?","?","M","E","$","?","T","M","?","R","E","?"],"build_version":"2018-06-28","purchased_purges":2,"victory":false,"max_hp_per_floor":[75,75,75,75,75,75,75,75,75,75,75,75,75,75,75,75,75,75,75,75,75,75,75,75,75,75,75,75,75,75,75],"card_choices":[{"not_picked":["Coolheaded","Storm"],"picked":"Cold Snap","floor":1},{"not_picked":["Barrage","Coolheaded"],"picked":"Self Repair","floor":2},{"not_picked":["Go for the Eyes","Ball Lightning"],"picked":"Amplify","floor":5},{"not_picked":["Beam Cell","Go for the Eyes","Steam"],"picked":"SKIP","floor":7},{"not_picked":["Steam","Double Energy"],"picked":"Scrape","floor":11},{"not_picked":["Compile Driver","Leap","Glacier"],"picked":"SKIP","floor":12},{"not_picked":["Double Energy","Cold Snap"],"picked":"Steam","floor":14},{"not_picked":["Reboot","Meteor Strike"],"picked":"Electrodynamics","floor":16},{"not_picked":["Hologram","Melter"],"picked":"Streamline","floor":18},{"not_picked":["Force Field+1","Hologram"],"picked":"Capacitor+1","floor":19},{"not_picked":["BootSequence+1","Capacitor"],"picked":"Loop","floor":22},{"not_picked":["Rebound+1","Go for the Eyes+1"],"picked":"Reprogram+1","floor":23},{"not_picked":["Redo","Compile Driver","Melter"],"picked":"SKIP","floor":25},{"not_picked":["Beam Cell","Sweeping Beam"],"picked":"Storm","floor":27},{"not_picked":["Beam Cell","Streamline"],"picked":"Gash","floor":28},{"not_picked":["Steam+1","Fusion+1"],"picked":"Creative AI","floor":30}],"player_experience":439852,"relics_obtained":[{"floor":9,"key":"Happy Flower"},{"floor":11,"key":"Odd Mushroom"},{"floor":14,"key":"Dream Catcher"},{"floor":23,"key":"Whetstone"},{"floor":26,"key":"Blood Vial"},{"floor":30,"key":"Pen Nib"}],"event_choices":[{"event_name":"Golden Wing","player_choice":"Card Removal","floor":3,"damage_taken":0},{"event_name":"The Lab","player_choice":"Got Potions","floor":4,"damage_taken":0},{"event_name":"Mushrooms","player_choice":"Fought Mushrooms","floor":11,"damage_taken":0},{"event_name":"Ghosts","player_choice":"Ignored","floor":21,"damage_taken":0},{"event_name":"Masked Bandits","player_choice":"Fought over 126 gold","floor":31,"damage_taken":0}],"boss_relics":[{"not_picked":["Tiny House","Runic Pyramid"],"picked":"Nuclear Battery"}],"items_purged_floors":[10,24],"is_endless":false,"potions_floor_spawned":[5,7,16,18,22,23],"ascension_level":1}