{"gold_per_floor":[114,114,114,114,133,133,133,133,158,196,234,253,19,38,38,163,163,182,182,220,258,8,8,46,71,146,146,184,184,222,22,22,147,210,229,229,229,229,7,45,83,121,196,215,78,78,78,116,116,116],"floor_reached":51,"playtime":3214,"items_purged":["Strike_R"],"score":984,"play_id":"992a1df0-1ac4-49a5-ba7b-3c20b4b236f9","local_time":"20190129200116","daily_mods":["Allstar","Flight","DeadlyEvents"],"is_ascension_mode":false,"campfire_choices":[{"data":"Metamorphosis","floor":6,"key":"SMITH"},{"data":"Uppercut","floor":7,"key":"SMITH"},{"data":"Havoc","floor":8,"key":"SMITH"},{"data":"Apotheosis","floor":15,"key":"SMITH"},{"floor":23,"key":"REST"},{"data":"Corruption","floor":27,"key":"SMITH"},{"floor":29,"key":"REST"},{"floor":32,"key":"REST"},{"data":"Demon Form","floor":46,"key":"SMITH"},{"data":"Infernal Blade","floor":47,"key":"SMITH"},{"floor":49,"key":"REST"}],"neow_cost":"","seed_source_timestamp":0,"circlet_count":0,"master_deck":["Strike_R+1","Strike_R","Strike_R","Defend_R","Defend_R","Defend_R","Bash+1","Finesse","Madness","Master of Strategy","Metamorphosis+1","Uppercut+1","Havoc+1","Carnage","Clash","Apotheosis+1","Shrug It Off","Dark Embrace","Sever Soul","Battle Trance","Inflame","Corruption+1","Pummel","Shrug It Off","Uppercut+1","Inflame+1","Pommel Strike+1","Flex+1","Uppercut+1","Impervious","Pommel Strike+1","Rage+1","Madness","Madness","Shrug It Off","Disarm+1","Shockwave+1","Infernal Blade+1","Demon Form+1","Battle Trance","Feel No Pain"],"special_seed":17925,"relics":["Burning Blood","Golden Idol","Oddly Smooth Stone","Boot","Turnip","Orrery","Letter Opener","Unceasing Top","Paper Frog","Pen Nib","Centennial Puzzle","Mummified Hand","Vajra","Pantograph","DollysMirror","Tiny House","Pear","Tiny Chest","Smiling Mask","Bag of Preparation","Regal Pillow","Singing Bowl","Whetstone"],"potions_floor_usage":[11,18,33,44,48,50,50],"damage_taken":[{"damage":16,"enemies":"Jaw Worm","floor":1,"turns":3},{"damage":0,"enemies":"Small Slimes","floor":5,"turns":3},{"damage":7,"enemies":"Lagavulin","floor":10,"turns":4},{"damage":7,"enemies":"Gremlin Nob","floor":11,"turns":3},{"damage":5,"enemies":"2 Louse","floor":12,"turns":2},{"damage":8,"enemies":"Red Slaver","floor":14,"turns":4},{"damage":44,"enemies":"Hexaghost","floor":16,"turns":7},{"damage":15,"enemies":"Shell Parasite","floor":18,"turns":4},{"damage":24,"enemies":"Book of Stabbing","floor":20,"turns":3},{"damage":11,"enemies":"Gremlin Leader","floor":21,"turns":5},{"damage":37,"enemies":"Slavers","floor":24,"turns":5},{"damage":32,"enemies":"Book of Stabbing","floor":28,"turns":5},{"damage":25,"enemies":"Gremlin Leader","floor":30,"turns":3},{"damage":8,"enemies":"Collector","floor":33,"turns":6},{"damage":9,"enemies":"3 Shapes","floor":35,"turns":3},{"damage":18,"enemies":"Nemesis","floor":40,"turns":3},{"damage":7,"enemies":"Giant Head","floor":41,"turns":4},{"damage":31,"enemies":"Nemesis","floor":42,"turns":5},{"damage":3,"enemies":"3 Darklings","floor":44,"turns":3},{"damage":13,"enemies":"Giant Head","floor":48,"turns":5},{"damage":10,"enemies":"Awakened One","floor":50,"turns":4}],"seed_played":"-7783971571703722258","potions_obtained":[{"floor":1,"key":"SpeedPotion"},{"floor":11,"key":"Ancient Potion"},{"floor":14,"key":"SteroidPotion"},{"floor":18,"key":"GamblersBrew"},{"floor":21,"key":"Ancient Potion"},{"floor":30,"key":"GamblersBrew"},{"floor":34,"key":"GamblersBrew"},{"floor":44,"key":"Energy Potion"},{"floor":48,"key":"PowerPotion"}],"is_trial":false,"path_per_floor":["M","?","?","?","M","R","R","R","T","E","E","M","$","M","R","B",null,"M","?","E","E","$","R","E","T","T","R","E","R","E","$","R","B",null,"M","?","T","?","$","E","E","E","T","M","$","R","R","E","R","B",null],"character_chosen":"IRONCLAD","items_purchased":["Apotheosis","Shrug It Off","Paper Frog","DollysMirror","Tiny Chest","Shrug It Off","Demon Form","Battle Trance"],"campfire_rested":4,"item_purchase_floors":[13,13,22,31,39,39,45,45],"current_hp_per_floor":[70,50,43,80,80,80,80,80,80,79,78,79,79,77,77,39,80,71,71,53,48,48,72,41,41,41,41,15,39,20,20,44,67,85,82,82,92,80,80,68,67,42,42,47,47,47,47,40,84,93],"gold":116,"neow_bonus":"","is_prod":false,"is_daily":true,"chose_seed":false,"campfire_upgraded":7,"win_rate":0,"timestamp":1548788476,"path_taken":["M","?","?","?","M","R","R","R","T","?","?","?","?","?","R","BOSS","M","?","?","?","$","R","E","?","T","R","?","R","?","$","R","BOSS","M","?","?","?","$","E","E","E","T","?","$","R","R","?","R","BOSS"],"build_version":"2019-01-23","purchased_purges":1,"victory":true,"max_hp_per_floor":[80,80,80,80,80,80,80,80,80,80,80,80,80,80,80,80,80,80,80,80,80,80,80,80,80,80,80,80,80,80,80,80,80,85,85,85,95,95,95,95,95,95,95,97,97,97,97,97,97,97],"card_choices":[{"not_picked":["Corruption","Sentinel"],"picked":"Uppercut","floor":1},{"not_picked":["Body Slam","True Grit"],"picked":"Havoc","floor":5},{"not_picked":["Cleave","Dropkick","Rampage"],"picked":"SKIP","floor":10},{"not_picked":["Dual Wield","Whirlwind"],"picked":"Carnage","floor":11},{"not_picked":["Clothesline","Rampage"],"picked":"Clash","floor":12},{"not_picked":["Twin Strike","Clothesline","Rampage"],"picked":"SKIP","floor":14},{"not_picked":["Barricade","Double Tap"],"picked":"Dark Embrace","floor":16},{"not_picked":["Whirlwind","Warcry"],"picked":"Sever Soul","floor":17},{"not_picked":["Flex","Cleave"],"picked":"Battle Trance","floor":17},{"not_picked":["Infernal Blade","Anger"],"picked":"Inflame","floor":17},{"not_picked":["Infernal Blade","Feel No Pain"],"picked":"Corruption","floor":17},{"not_picked":["Pommel Strike","Feel No Pain"],"picked":"Pummel","floor":17},{"not_picked":["Flame Barrier","Body Slam"],"picked":"Shrug It Off","floor":18},{"not_picked":["Heavy Blade","Perfected Strike","Twin Strike"],"picked":"SKIP","floor":20},{"not_picked":["Blood for Blood","Double Tap"],"picked":"Inflame","floor":21},{"not_picked":["Bloodletting","Fire Breathing","Anger"],"picked":"SKIP","floor":24},{"not_picked":["Wild Strike","Perfected Strike+1"],"picked":"Pommel Strike+1","floor":28},{"not_picked":["Twin Strike+1","Cleave"],"picked":"Flex+1","floor":30},{"not_picked":["Berserk","Dark Embrace"],"picked":"Impervious","floor":33},{"not_picked":["Shrug It Off","Flame Barrier"],"picked":"Pommel Strike+1","floor":34},{"not_picked":["Second Wind","Entrench+1"],"picked":"Rage+1","floor":35},{"not_picked":["Sword Boomerang","Reckless Charge"],"picked":"Disarm+1","floor":40},{"not_picked":["Anger+1","Rampage+1"],"picked":"Shockwave+1","floor":41},{"not_picked":["Reckless Charge","Cleave+1"],"picked":"Infernal Blade","floor":42},{"not_picked":["Blood for Blood+1","Iron Wave+1","Pommel Strike+1"],"picked":"Singing Bowl","floor":44},{"not_picked":["True Grit","Cleave+1"],"picked":"Feel No Pain","floor":48}],"player_experience":210565,"relics_obtained":[{"floor":9,"key":"Oddly Smooth Stone"},{"floor":10,"key":"Boot"},{"floor":11,"key":"Turnip"},{"floor":20,"key":"Letter Opener"},{"floor":21,"key":"Unceasing Top"},{"floor":24,"key":"Pen Nib"},{"floor":25,"key":"Centennial Puzzle"},{"floor":26,"key":"Mummified Hand"},{"floor":28,"key":"Vajra"},{"floor":30,"key":"Pantograph"},{"floor":37,"key":"Pear"},{"floor":40,"key":"Smiling Mask"},{"floor":41,"key":"Bag of Preparation"},{"floor":42,"key":"Regal Pillow"},{"floor":43,"key":"Singing Bowl"},{"floor":48,"key":"Whetstone"}],"event_choices":[{"damage_healed":0,"gold_gain":0,"player_choice":"Take Damage","damage_taken":20,"relics_obtained":["Golden Idol"],"max_hp_gain":0,"max_hp_loss":0,"event_name":"Golden Idol","floor":2,"gold_loss":0},{"cards_removed":["Strike_R"],"damage_healed":0,"gold_gain":0,"player_choice":"Card Removal","damage_taken":7,"max_hp_gain":0,"max_hp_loss":0,"event_name":"Golden Wing","floor":3,"gold_loss":0},{"cards_removed":["Enlightenment"],"damage_healed":37,"gold_gain":0,"player_choice":"Offered Uncommon","damage_taken":0,"max_hp_gain":0,"max_hp_loss":0,"event_name":"Bonfire Elementals","floor":4,"gold_loss":0},{"damage_healed":0,"gold_gain":0,"player_choice":"Copied","damage_taken":0,"max_hp_gain":0,"max_hp_loss":0,"event_name":"Duplicator","floor":19,"gold_loss":0,"cards_obtained":["Uppercut"]},{"cards_removed":["Defend_R"],"damage_healed":0,"gold_gain":0,"player_choice":"Removed Skill","damage_taken":0,"max_hp_gain":0,"max_hp_loss":0,"event_name":"Falling","floor":36,"gold_loss":0},{"damage_healed":0,"gold_gain":0,"player_choice":"Embrace Madness","damage_taken":12,"max_hp_gain":0,"max_hp_loss":0,"event_name":"Winding Halls","floor":38,"gold_loss":0,"cards_obtained":["Madness","Madness"]}],"is_beta":true,"boss_relics":[{"not_picked":["Busted Crown","Mark of Pain"],"picked":"Orrery"},{"not_picked":["Empty Cage","Lizard Tail"],"picked":"Tiny House"}],"items_purged_floors":[39],"is_endless":false,"potions_floor_spawned":[1,11,14,18,21,30,42,44,48],"ascension_level":0}