{"path_per_floor":["M","M","M","M","?","E","R","M","T","?","E","M","M","M","R"],"character_chosen":"IRONCLAD","items_purchased":[],"gold_per_floor":[119,134,148,168,168,196,196,208,208,208,235,248,267,286,286],"floor_reached":16,"campfire_rested":1,"playtime":1320,"current_hp_per_floor":[80,75,72,58,42,34,34,24,24,24,10,13,10,16,40],"items_purged":[],"gold":286,"score":142,"play_id":"22489015-61f3-48b5-b863-b70076d8a232","is_prod":false,"is_daily":false,"is_ascension_mode":false,"campfire_upgraded":1,"path_taken":["M","M","M","M","?","E","R","M","T","?","E","M","M","?","R","BOSS"],"build_version":"2018-02-15-PROD1","purchased_purges":0,"victory":false,"master_deck":["Strike_R","Strike_R+1","Strike_R+1","Strike_R","Strike_R","Defend_R","Defend_R","Defend_R","Defend_R","Bash","Warcry+1","Fiend Fire","Rupture","Warcry+1","Armaments+1","Warcry+1","Warcry+1"],"max_hp_per_floor":[80,80,80,80,80,80,80,80,80,80,80,80,80,80,80],"relics":["Burning Blood","Dream Catcher","Happy Flower","Frozen Egg 2","Toxic Egg 2"],"card_choices":[{"not_picked":["Flex","Shrug It Off"],"picked":"Warcry"},{"not_picked":["Pommel Strike","True Grit"],"picked":"Fiend Fire"},{"not_picked":["Cleave","Sword Boomerang"],"picked":"Rupture"},{"not_picked":["True Grit","Sever Soul"],"picked":"Warcry"},{"not_picked":["Sword Boomerang","Pommel Strike"],"picked":"Armaments"},{"not_picked":["True Grit","Flame Barrier"],"picked":"Warcry"},{"not_picked":["Sword Boomerang","Dual Wield"],"picked":"Warcry"}],"player_experience":19431,"potions_floor_usage":[6,11,12,16,16,16],"damage_taken":[{"damage":2,"enemies":"2 Louse","floor":1,"turns":3},{"damage":11,"enemies":"Jaw Worm","floor":2,"turns":2},{"damage":9,"enemies":"Small Slimes","floor":3,"turns":5},{"damage":20,"enemies":"Looter","floor":4,"turns":3},{"damage":14,"enemies":"Gremlin Nob","floor":6,"turns":3},{"damage":16,"enemies":"Gremlin Gang","floor":8,"turns":6},{"damage":20,"enemies":"3 Sentries","floor":11,"turns":9},{"damage":6,"enemies":"Exordium Thugs","floor":12,"turns":4},{"damage":9,"enemies":"3 Louse","floor":13,"turns":3},{"damage":0,"enemies":"Looter","floor":14,"turns":3},{"damage":43,"enemies":"Hexaghost","floor":16,"turns":9}],"event_choices":[{"event_name":"Shining Light","player_choice":"Entered Light","floor":5,"damage_taken":0},{"event_name":"The Lab","player_choice":"Got Potions","floor":10,"damage_taken":0}],"boss_relics":[],"potions_floor_spawned":[2,4,13,14],"seed_played":"7976281096819453598","killed_by":"Hexaghost","ascension_level":0,"is_trial":false}