{"gold_per_floor":[110,110,134,134,234,234,272,287,287,287,311,311,329,347,347,347],"floor_reached":16,"playtime":1850,"items_purged":[],"score":153,"play_id":"e7cb6478-f05b-4dd4-8bc4-15497390a57c","local_time":"20181102110952","is_ascension_mode":true,"campfire_choices":[{"data":"Recycle","floor":6,"key":"SMITH"},{"floor":12,"key":"REST"},{"floor":15,"key":"REST"}],"neow_cost":"NONE","seed_source_timestamp":17476049304831,"circlet_count":0,"master_deck":["Strike_B","Strike_B","Strike_B","Defend_B","Defend_B","Defend_B","Defend_B","Zap","Dualcast","AscendersBane","Madness","Coolheaded","Recycle+1","White Noise+1","Coolheaded","Go for the Eyes","Loop"],"relics":["Cracked Core","Golden Idol","Calipers","Cables"],"potions_floor_usage":[16,16,16],"damage_taken":[{"damage":3,"enemies":"2 Louse","floor":1,"turns":3},{"damage":2,"enemies":"Jaw Worm","floor":3,"turns":5},{"damage":44,"enemies":"Lagavulin","floor":7,"turns":10},{"damage":0,"enemies":"Cultist","floor":8,"turns":4},{"damage":3,"enemies":"Large Slime","floor":11,"turns":5},{"damage":25,"enemies":"Gremlin Gang","floor":13,"turns":7},{"damage":3,"enemies":"Exordium Wildlife","floor":14,"turns":3},{"damage":24,"enemies":"The Guardian","floor":16,"turns":5}],"seed_played":"1018792338601166228","potions_obtained":[{"floor":3,"key":"Strength Potion"},{"floor":7,"key":"FairyPotion"},{"floor":8,"key":"Strength Potion"},{"floor":13,"key":"Weak Potion"}],"is_trial":false,"path_per_floor":["M","?","M","?","?","R","E","M","T","?","M","R","M","M","R"],"character_chosen":"DEFECT","items_purchased":[],"campfire_rested":2,"item_purchase_floors":[],"current_hp_per_floor":[65,47,45,45,45,45,1,1,1,1,7,29,4,1,23,0],"gold":347,"neow_bonus":"RANDOM_COLORLESS","is_prod":false,"is_daily":false,"chose_seed":false,"campfire_upgraded":1,"win_rate":0,"timestamp":1541117392,"path_taken":["M","?","?","?","?","R","E","?","T","?","M","R","M","M","R","BOSS"],"build_version":"2018-10-25v2","purchased_purges":0,"victory":false,"max_hp_per_floor":[75,75,75,75,75,75,75,75,75,75,75,75,75,75,75,75],"card_choices":[{"not_picked":["Force Field","Sweeping Beam"],"picked":"Coolheaded","floor":1},{"not_picked":["Consume","Blizzard"],"picked":"Recycle","floor":3},{"not_picked":["Barrage","Compile Driver"],"picked":"White Noise","floor":7},{"not_picked":["Sweeping Beam","Turbo","Barrage"],"picked":"SKIP","floor":8},{"not_picked":["Redo","Static Discharge"],"picked":"Coolheaded","floor":11},{"not_picked":["Streamline","Barrage"],"picked":"Go for the Eyes","floor":13},{"not_picked":["Consume","Scrape"],"picked":"Loop","floor":14}],"player_experience":721880,"relics_obtained":[{"floor":7,"key":"Calipers"},{"floor":9,"key":"Cables"}],"event_choices":[{"damage_healed":0,"gold_gain":0,"player_choice":"Take Damage","damage_taken":18,"relics_obtained":["Golden Idol"],"max_hp_gain":0,"max_hp_loss":0,"event_name":"Golden Idol","floor":2,"gold_loss":0},{"cards_removed":["Strike_B"],"damage_healed":0,"gold_gain":0,"player_choice":"Purged","damage_taken":0,"max_hp_gain":0,"max_hp_loss":0,"event_name":"Purifier","floor":4,"gold_loss":0},{"damage_healed":0,"gold_gain":100,"player_choice":"Pray","damage_taken":0,"max_hp_gain":0,"max_hp_loss":0,"event_name":"Golden Shrine","floor":5,"gold_loss":0},{"damage_healed":0,"gold_gain":0,"player_choice":"Grow","damage_taken":0,"max_hp_gain":0,"max_hp_loss":0,"event_name":"Living Wall","floor":10,"gold_loss":0,"cards_upgraded":["White Noise"]}],"is_beta":false,"boss_relics":[],"items_purged_floors":[],"is_endless":false,"potions_floor_spawned":[3,7,8,13],"killed_by":"The Guardian","ascension_level":10}