{"gold_per_floor":[109,129,142,157,171,171,171,171,194,194,207,73,116,135,135,261,261,280,293,164,164,189,189,229,229,229,244,259,259,293,316,316,439,439,455,475,489,489,513,513,549,549,549,549,572,605,605,605,605,605],"floor_reached":51,"playtime":4148,"items_purged":["Strike_B"],"score":1009,"play_id":"2723b960-1d95-484b-9564-c174ccfdf24b","local_time":"20180911172519","is_ascension_mode":true,"campfire_choices":[{"data":"Zap","floor":6.0,"key":"SMITH"},{"data":"Loop","floor":8.0,"key":"SMITH"},{"data":"Self Repair","floor":10.0,"key":"SMITH"},{"data":"Defragment","floor":15.0,"key":"SMITH"},{"data":"Hologram","floor":23.0,"key":"SMITH"},{"data":"Seek","floor":29.0,"key":"SMITH"},{"data":"Ball Lightning","floor":32.0,"key":"SMITH"},{"data":"Creative AI","floor":40.0,"key":"SMITH"},{"data":"Consume","floor":42,"key":"SMITH"},{"data":"Barrage","floor":44,"key":"SMITH"},{"data":"Chill","floor":49,"key":"SMITH"}],"neow_cost":"NONE","seed_source_timestamp":2328102051563820,"circlet_count":0,"master_deck":["Strike_B+1","Strike_B","Defend_B","Defend_B","Defend_B","Defend_B","Zap+1","Cold Snap","Loop+1","Self Repair+1","Steam","Coolheaded","Hologram+1","FTL","Coolheaded","Go for the Eyes+1","Steam","Defragment+1","Seek+1","Conserve Battery+1","Ball Lightning+1","FTL+1","Conserve Battery+1","FTL+1","Creative AI+1","Leap","Consume+1","Barrage+1","Defragment+1","Chill+1","Secret Weapon","Secret Technique","Discovery"],"special_seed":0,"relics":["Cracked Core","Golden Idol","Boot","Blood Vial","Inserter","Whetstone","Pantograph","Letter Opener","Gremlin Horn","Cursed Key","Thread and Needle","Oddly Smooth Stone","Pocketwatch"],"potions_floor_usage":[50,50],"damage_taken":[{"damage":1.0,"enemies":"Jaw Worm","floor":1.0,"turns":5.0},{"damage":0.0,"enemies":"Small Slimes","floor":2.0,"turns":3.0},{"damage":0.0,"enemies":"Cultist","floor":3.0,"turns":3.0},{"damage":30.0,"enemies":"Exordium Thugs","floor":4.0,"turns":4.0},{"damage":5.0,"enemies":"Blue Slaver","floor":5.0,"turns":5.0},{"damage":2.0,"enemies":"Lots of Slimes","floor":11.0,"turns":5.0},{"damage":23.0,"enemies":"3 Sentries","floor":13.0,"turns":10.0},{"damage":1.0,"enemies":"Exordium Wildlife","floor":14.0,"turns":5.0},{"damage":18.0,"enemies":"Hexaghost","floor":16.0,"turns":18.0},{"damage":14.0,"enemies":"2 Thieves","floor":18.0,"turns":4.0},{"damage":0.0,"enemies":"Chosen","floor":19.0,"turns":6.0},{"damage":10.0,"enemies":"Centurion and Healer","floor":22.0,"turns":10.0},{"damage":25.0,"enemies":"Gremlin Leader","floor":24.0,"turns":7.0},{"damage":0.0,"enemies":"3 Cultists","floor":27.0,"turns":5.0},{"damage":4.0,"enemies":"Snake Plant","floor":28.0,"turns":5.0},{"damage":13.0,"enemies":"Slavers","floor":30.0,"turns":7.0},{"damage":0.0,"enemies":"Centurion and Healer","floor":31.0,"turns":6.0},{"damage":30.0,"enemies":"Champ","floor":33.0,"turns":14.0},{"damage":1.0,"enemies":"3 Shapes","floor":35.0,"turns":6.0},{"damage":22.0,"enemies":"3 Darklings","floor":36.0,"turns":5.0},{"damage":18.0,"enemies":"4 Shapes","floor":37.0,"turns":7.0},{"damage":17.0,"enemies":"Mind Bloom Boss Battle","floor":38.0,"turns":8.0},{"damage":0.0,"enemies":"Maw","floor":39.0,"turns":8.0},{"damage":0,"enemies":"Giant Head","floor":41,"turns":10},{"damage":7,"enemies":"Spire Growth","floor":45,"turns":4},{"damage":8,"enemies":"Nemesis","floor":46,"turns":7},{"damage":0,"enemies":"Awakened One","floor":50,"turns":12}],"seed_played":"417383511642971902","potions_obtained":[{"floor":1.0,"key":"Dexterity Potion"},{"floor":4.0,"key":"FearPotion"},{"floor":5.0,"key":"SkillPotion"},{"floor":16.0,"key":"FairyPotion"},{"floor":18.0,"key":"Fire Potion"},{"floor":36.0,"key":"Regen Potion"},{"floor":38.0,"key":"SkillPotion"},{"floor":39.0,"key":"LiquidBronze"}],"is_trial":false,"path_per_floor":["M","M","M","M","M","R","?","R","T","R","M","$","E","M","R","B",null,"M","M","$","?","M","R","E","T","T","M","M","R","E","M","R","B",null,"M","M","M","?","M","R","E","R","T","R","M","E","?","?","R","B"],"character_chosen":"DEFECT","items_purchased":["FTL","Coolheaded","Go for the Eyes","Ball Lightning"],"campfire_rested":0,"item_purchase_floors":[12,12,12,20],"current_hp_per_floor":[67,67,67,44,46,46,46,46,46,46,54,54,41,52,52,46,63,61,69,69,69,69,69,54,54,54,66,69,69,66,69,69,49,64,69,57,66,62,69,69,69,69,69,69,69,69,59,59,59,69],"gold":605,"neow_bonus":"REMOVE_CARD","is_prod":false,"is_daily":false,"chose_seed":false,"campfire_upgraded":11,"win_rate":0,"timestamp":1536711919,"path_taken":["M","M","M","M","M","R","?","R","T","R","M","$","E","M","R","BOSS","M","M","$","?","M","R","E","?","T","M","M","R","E","?","R","BOSS","M","M","M","?","?","R","E","R","T","R","M","E","?","?","R","BOSS"],"build_version":"2018-09-06","purchased_purges":1,"victory":true,"max_hp_per_floor":[75,75,75,75,75,75,69,69,69,69,69,69,69,69,69,69,69,69,69,69,69,69,69,69,69,69,69,69,69,69,69,69,69,69,69,69,69,69,69,69,69,69,69,69,69,69,69,69,69,69],"card_choices":[{"not_picked":["Heatsinks","Conserve Battery"],"picked":"Cold Snap","floor":1.0},{"not_picked":["Barrage","Redo"],"picked":"Loop","floor":2.0},{"not_picked":["Barrage","Storm"],"picked":"Self Repair","floor":3.0},{"not_picked":["Beam Cell","Streamline"],"picked":"Steam","floor":4.0},{"not_picked":["Gash","Amplify"],"picked":"Coolheaded","floor":5.0},{"not_picked":["Redo","Double Energy"],"picked":"Hologram","floor":11.0},{"not_picked":["Beam Cell","Loop"],"picked":"Steam","floor":13.0},{"not_picked":["Cold Snap","Hologram"],"picked":"Defragment","floor":14.0},{"not_picked":["Thunder Strike","Fission"],"picked":"Seek","floor":16.0},{"not_picked":["Blizzard","Hologram"],"picked":"Conserve Battery+1","floor":18.0},{"not_picked":["Stack","Streamline","Melter"],"picked":"SKIP","floor":19.0},{"not_picked":["Turbo+1","Steam"],"picked":"FTL+1","floor":22.0},{"not_picked":["Steam+1","Heatsinks+1","Cold Snap"],"picked":"SKIP","floor":24.0},{"not_picked":["Streamline","Redo"],"picked":"Conserve Battery+1","floor":27.0},{"not_picked":["Turbo","Skim+1","Hologram"],"picked":"SKIP","floor":28.0},{"not_picked":["Turbo","Amplify","Aggregate"],"picked":"SKIP","floor":30.0},{"not_picked":["Double Energy","Loop+1"],"picked":"FTL+1","floor":31.0},{"not_picked":["Core Surge","Thunder Strike"],"picked":"Creative AI","floor":33.0},{"not_picked":["Rebound","Stack"],"picked":"Leap","floor":35.0},{"not_picked":["Heatsinks+1","Redo"],"picked":"Consume","floor":36.0},{"not_picked":["Capacitor","Stack","Heatsinks"],"picked":"SKIP","floor":37.0},{"not_picked":["Coolheaded+1","Stack+1"],"picked":"Barrage","floor":38.0},{"not_picked":["Cold Snap","Steam+1"],"picked":"Defragment+1","floor":39.0},{"not_picked":["Leap","Capacitor+1","Amplify"],"picked":"SKIP","floor":41},{"not_picked":["Tempest+1","Coolheaded+1"],"picked":"Chill","floor":45},{"not_picked":["Hologram","Stack+1","Force Field"],"picked":"SKIP","floor":46},{"not_picked":["Deep Breath","Madness"],"picked":"Secret Weapon","floor":47},{"not_picked":["Deep Breath","Forethought"],"picked":"Secret Technique","floor":47},{"not_picked":["Bandage Up","Madness"],"picked":"Discovery","floor":47}],"player_experience":1028124,"relics_obtained":[{"floor":9.0,"key":"Boot"},{"floor":13.0,"key":"Blood Vial"},{"floor":24.0,"key":"Whetstone"},{"floor":25.0,"key":"Pantograph"},{"floor":26.0,"key":"Letter Opener"},{"floor":30.0,"key":"Gremlin Horn"},{"floor":38.0,"key":"Thread and Needle"},{"floor":41,"key":"Oddly Smooth Stone"},{"floor":46,"key":"Pocketwatch"}],"event_choices":[{"event_name":"Golden Idol","player_choice":"Lose Max HP","floor":7.0,"damage_taken":0.0},{"event_name":"Ghosts","player_choice":"Ignored","floor":21.0,"damage_taken":0.0},{"event_name":"MindBloom","player_choice":"Fight","floor":38.0,"damage_taken":0.0},{"event_name":"SensoryStone","player_choice":"Memory 3","floor":47,"damage_taken":0},{"event_name":"Falling","player_choice":"Removed Skill","floor":48,"damage_taken":0}],"is_beta":false,"boss_relics":[{"not_picked":["Lizard Tail","Philosopher\u0027s Stone"],"picked":"Inserter"},{"not_picked":["Runic Dome","Runic Pyramid"],"picked":"Cursed Key"}],"items_purged_floors":[20],"is_endless":false,"potions_floor_spawned":[1,4,5,16,18,22,28,36,38,39,45],"ascension_level":6}