{"gold_per_floor":[110,185,185,198,123,153,172,202,228,10,44,44,61,76,76,153,153,173,35,35,35,35,35,35],"floor_reached":24,"playtime":966,"items_purged":["Strike_B"],"score":524,"play_id":"e46e824a-fabb-4453-803e-ef0af58a2b16","local_time":"20190106215151","is_ascension_mode":true,"campfire_choices":[{"floor":12,"key":"REST"},{"data":"Coolheaded","floor":15,"key":"SMITH"},{"data":"Chill","floor":23,"key":"SMITH"}],"neow_cost":"NONE","seed_source_timestamp":71434127179310,"circlet_count":0,"master_deck":["AscendersBane","Defend_B","Defend_B","Defend_B","Defend_B","Zap","Dualcast","Conserve Battery","Reinforced Body","Cold Snap","Core Surge","Coolheaded+1","FTL","Swift Strike","Conserve Battery","FTL","Chill+1","Biased Cognition+1","Echo Form+1","Redo+1","Capacitor"],"relics":["Cracked Core","NeowsBlessing","Bronze Scales","Vajra","Boot","Smiling Mask","Happy Flower","Astrolabe"],"potions_floor_usage":[11,11,16,24],"damage_taken":[{"damage":0,"enemies":"Small Slimes","floor":1,"turns":1},{"damage":0,"enemies":"2 Louse","floor":4,"turns":1},{"damage":0,"enemies":"3 Sentries","floor":6,"turns":2},{"damage":0,"enemies":"Jaw Worm","floor":7,"turns":3},{"damage":38,"enemies":"Gremlin Nob","floor":8,"turns":4},{"damage":0,"enemies":"Lagavulin","floor":11,"turns":8},{"damage":2,"enemies":"Looter","floor":13,"turns":2},{"damage":0,"enemies":"3 Louse","floor":14,"turns":2},{"damage":12,"enemies":"The Guardian","floor":16,"turns":8},{"damage":13,"enemies":"Chosen","floor":18,"turns":5},{"damage":53,"enemies":"Gremlin Leader","floor":24,"turns":6}],"seed_played":"-5611461308583111386","potions_obtained":[{"floor":4,"key":"Dexterity Potion"},{"floor":6,"key":"Dexterity Potion"},{"floor":11,"key":"PowerPotion"},{"floor":13,"key":"Dexterity Potion"}],"is_trial":false,"path_per_floor":["M","?","?","M","?","E","M","E","T","$","E","R","M","M","R","B",null,"M","$","?","?","?","R","E"],"character_chosen":"DEFECT","items_purchased":["FTL","Swift Strike","Conserve Battery","Capacitor"],"campfire_rested":1,"item_purchase_floors":[10,10,10,19],"current_hp_per_floor":[64,53,53,53,53,53,53,15,15,15,15,36,34,34,34,22,59,46,46,46,26,41,41,0],"gold":35,"neow_bonus":"THREE_ENEMY_KILL","is_prod":false,"is_daily":false,"chose_seed":false,"campfire_upgraded":2,"win_rate":0,"timestamp":1546771911,"path_taken":["M","?","?","M","?","E","M","E","T","$","E","R","M","M","R","BOSS","M","$","?","?","?","R","E"],"build_version":"2018-11-15","purchased_purges":1,"victory":false,"max_hp_per_floor":[71,71,71,71,71,71,71,71,71,71,71,71,71,71,71,71,71,71,71,71,76,76,76,76],"card_choices":[{"not_picked":["Turbo","Hologram"],"picked":"Conserve Battery","floor":1},{"not_picked":["Stack","Gash"],"picked":"Reinforced Body","floor":4},{"not_picked":["BootSequence","Conserve Battery"],"picked":"Cold Snap","floor":6},{"not_picked":["Self Repair","Streamline"],"picked":"Core Surge","floor":7},{"not_picked":["Skim","Gash"],"picked":"Coolheaded","floor":8},{"not_picked":["Conserve Battery","Go for the Eyes"],"picked":"FTL","floor":11},{"not_picked":["Streamline","Darkness"],"picked":"Chill","floor":13},{"not_picked":["Turbo","Rebound","Streamline"],"picked":"SKIP","floor":14},{"not_picked":["Go for the Eyes","Streamline","Sweeping Beam"],"picked":"SKIP","floor":18}],"player_experience":1001187,"relics_obtained":[{"floor":6,"key":"Vajra"},{"floor":8,"key":"Boot"},{"floor":9,"key":"Smiling Mask"},{"floor":11,"key":"Happy Flower"}],"event_choices":[{"damage_healed":0,"gold_gain":75,"player_choice":"Gather Gold","damage_taken":11,"max_hp_gain":0,"max_hp_loss":0,"event_name":"World of Goop","floor":2,"gold_loss":0},{"damage_healed":0,"gold_gain":0,"player_choice":"Box","damage_taken":0,"relics_obtained":["Bronze Scales"],"max_hp_gain":0,"max_hp_loss":0,"event_name":"Big Fish","floor":3,"gold_loss":0,"cards_obtained":["Regret"]},{"cards_removed":["Regret"],"damage_healed":0,"gold_gain":0,"player_choice":"Card Removal","damage_taken":0,"max_hp_gain":0,"max_hp_loss":0,"event_name":"The Cleric","floor":5,"gold_loss":75},{"damage_healed":0,"gold_gain":0,"player_choice":"Ignored","damage_taken":0,"max_hp_gain":0,"max_hp_loss":0,"event_name":"Ghosts","floor":20,"gold_loss":0},{"damage_healed":0,"gold_gain":0,"player_choice":"Shed Blood","damage_taken":25,"max_hp_gain":5,"max_hp_loss":0,"event_name":"Forgotten Altar","floor":21,"gold_loss":0},{"damage_healed":15,"gold_gain":0,"player_choice":"Heal","damage_taken":0,"max_hp_gain":0,"max_hp_loss":0,"event_name":"The Library","floor":22,"gold_loss":0}],"is_beta":true,"boss_relics":[{"not_picked":["Runic Dome","Ectoplasm"],"picked":"Astrolabe"}],"items_purged_floors":[19],"is_endless":false,"potions_floor_spawned":[4,6,7,11,13],"killed_by":"Gremlin Leader","ascension_level":20}