{"path_per_floor":["M","$","?","$","M","E","M","E","T","R","E","M","R","?","R","B",null,"M","?","$","?","M","E","R","T","T","M","E","R","T","$","R","B",null,"M","?","$","M","M","R"],"character_chosen":"IRONCLAD","items_purchased":["Evolve"],"gold_per_floor":[113,38,38,38,57,88,106,140,140,140,172,184,184,184,184,285,285,298,298,198,198,210,245,245,245,245,256,287,287,287,83,83,184,184,200,200,50,63,79,79,79],"floor_reached":41,"campfire_rested":5,"playtime":2089,"current_hp_per_floor":[79,79,79,79,80,66,69,35,35,59,45,41,41,47,72,17,86,61,86,86,70,59,38,63,69,75,60,43,72,78,78,78,9,124,97,97,97,89,55,94,0],"items_purged":["Strike_R","Strike_R","Doubt","Doubt"],"gold":79,"score":662,"play_id":"bc2808e4-e35d-49cc-80fe-ec54038d2991","local_time":"20180406225557","is_prod":false,"is_daily":false,"is_ascension_mode":true,"campfire_upgraded":2,"timestamp":1523073357,"path_taken":["M","$","?","$","?","E","M","E","T","R","E","?","R","?","R","BOSS","M","?","$","?","?","E","R","?","T","?","E","R","?","$","R","BOSS","M","?","$","M","?","R","E"],"build_version":"2018-04-05v2","purchased_purges":5,"victory":false,"master_deck":["Strike_R","Strike_R","Defend_R","Defend_R","Defend_R","Defend_R","Bash","Armaments+1","Shrug It Off","Flex","Pummel+1","Warcry","Burning Pact","Normality","Immolate","Rampage+1","Power Through+1","Whirlwind","Parasite","Flex+1","Spot Weakness","Evolve+1","Pain","Injury","Doubt"],"max_hp_per_floor":[80,80,80,80,80,80,80,80,80,80,80,80,80,86,86,86,86,86,86,86,86,86,86,86,92,98,98,98,98,104,104,104,106,124,126,126,126,128,130,130,130],"relics":["Burning Blood","Shuriken","Bag of Preparation","Torii","Sundial","Darkstone Periapt","Cursed Key","Enchiridion","Whetstone","Thread and Needle","Singing Bowl","Red Skull","Ice Cream","Calling Bell","Kunai","Ancient Tea Set","Toolbox"],"card_choices":[{"not_picked":["Sever Soul","Iron Wave"],"picked":"Armaments","floor":0},{"not_picked":["Headbutt","Clash"],"picked":"Shrug It Off","floor":1},{"not_picked":["Clothesline","True Grit"],"picked":"Flex","floor":6},{"not_picked":["Feel No Pain","Sword Boomerang"],"picked":"Pummel","floor":7},{"not_picked":["Dark Embrace","Battle Trance"],"picked":"Warcry","floor":11},{"not_picked":["Intimidate","Havoc"],"picked":"Burning Pact","floor":12},{"not_picked":["Brutality","Limit Break"],"picked":"Immolate","floor":16},{"not_picked":["True Grit","Perfected Strike"],"picked":"Rampage","floor":18},{"not_picked":["True Grit","Armaments"],"picked":"Power Through","floor":22},{"not_picked":["Sword Boomerang","Second Wind"],"picked":"Whirlwind","floor":23},{"not_picked":["Sword Boomerang","Wild Strike"],"picked":"Flex","floor":27},{"not_picked":["Berserk","Body Slam"],"picked":"Spot Weakness","floor":28}],"player_experience":134122,"potions_floor_usage":[6,8,11,16,16,22,33,33],"damage_taken":[{"damage":7,"enemies":"Jaw Worm","floor":1,"turns":3},{"damage":2,"enemies":"Cultist","floor":5,"turns":4},{"damage":20,"enemies":"3 Sentries","floor":6,"turns":11},{"damage":3,"enemies":"Small Slimes","floor":7,"turns":4},{"damage":40,"enemies":"Lagavulin","floor":8,"turns":8},{"damage":20,"enemies":"Gremlin Nob","floor":11,"turns":4},{"damage":10,"enemies":"Red Slaver","floor":12,"turns":3},{"damage":61,"enemies":"Hexaghost","floor":16,"turns":15},{"damage":31,"enemies":"Chosen","floor":18,"turns":4},{"damage":17,"enemies":"2 Thieves","floor":22,"turns":3},{"damage":27,"enemies":"Gremlin Leader","floor":23,"turns":6},{"damage":21,"enemies":"Snake Plant","floor":27,"turns":4},{"damage":23,"enemies":"Slavers","floor":28,"turns":3},{"damage":92,"enemies":"Champ","floor":33,"turns":12},{"damage":35,"enemies":"3 Darklings","floor":35,"turns":7},{"damage":16,"enemies":"3 Shapes","floor":38,"turns":2},{"damage":42,"enemies":"Sphere and 2 Shapes","floor":39,"turns":5},{"damage":116,"enemies":"Giant Head","floor":41,"turns":7}],"event_choices":[{"event_name":"The Lab","player_choice":"Got Potions","floor":3,"damage_taken":0},{"event_name":"Accursed Blacksmith","player_choice":"Rummage","floor":14,"damage_taken":0},{"event_name":"The Library","player_choice":"Heal","floor":19,"damage_taken":0},{"event_name":"Cursed Tome","player_choice":"Obtained Book","floor":21,"damage_taken":0}],"boss_relics":[{"not_picked":["Snecko Eye","Black Star"],"picked":"Cursed Key"},{"not_picked":["Runic Pyramid","Runic Dome"],"picked":"Calling Bell"}],"potions_floor_spawned":[7,8,11,12,23,27,35],"seed_played":"-8617897820635136964","killed_by":"Giant Head","ascension_level":3,"is_trial":false}