{"gold_per_floor":[115,115,36,36,48,48,59,59,113,139,158,178,192,204,204,308,358,344,344,444,444,444,444,456,255,312,312,187,217,231,250,250,250],"floor_reached":33,"playtime":1770,"items_purged":[],"score":412,"play_id":"69bef103-0ed0-4733-adc7-b278ed806a93","local_time":"20180921073153","is_ascension_mode":true,"campfire_choices":[{"data":"Zap","floor":6.0,"key":"SMITH"},{"data":"Buffer","floor":8.0,"key":"SMITH"},{"data":"Coolheaded","floor":15.0,"key":"SMITH"},{"data":"Biased Cognition","floor":23.0,"key":"SMITH"},{"data":"Go for the Eyes","floor":32.0,"key":"SMITH"}],"neow_cost":"TEN_PERCENT_HP_LOSS","seed_source_timestamp":0,"circlet_count":0,"master_deck":["Defend_B","Defend_B+1","Defend_B","Defend_B","Zap+1","Dualcast","Genetic Algorithm","Defragment+1","Coolheaded+1","Buffer+1","BootSequence","Chill","Cold Snap","Conserve Battery","Compile Driver","Biased Cognition+1","Ball Lightning","Go for the Eyes+1","Bite","Bite","Bite","Bite","Go for the Eyes+1","Self Repair+1","FTL+1","Auto Shields+1","Armaments+1","Ball Lightning+1"],"special_seed":0,"relics":["Cracked Core","Emotion Chip","Bronze Scales","Dream Catcher","Juzu Bracelet","Tiny House","Gambling Chip","Matryoshka","PrismaticShard","Potion Belt","Tiny Chest","Ancient Tea Set","Molten Egg 2","Mercury Hourglass"],"potions_floor_usage":[33,33,33],"damage_taken":[{"damage":4.0,"enemies":"Jaw Worm","floor":1.0,"turns":4.0},{"damage":1.0,"enemies":"2 Louse","floor":5.0,"turns":2.0},{"damage":0.0,"enemies":"Small Slimes","floor":7.0,"turns":3.0},{"damage":7.0,"enemies":"Gremlin Nob","floor":10.0,"turns":5.0},{"damage":0.0,"enemies":"Exordium Thugs","floor":11.0,"turns":5.0},{"damage":0.0,"enemies":"3 Louse","floor":12.0,"turns":3.0},{"damage":3.0,"enemies":"Looter","floor":13.0,"turns":3.0},{"damage":0.0,"enemies":"Large Slime","floor":14.0,"turns":8.0},{"damage":19.0,"enemies":"Hexaghost","floor":16.0,"turns":12.0},{"damage":0.0,"enemies":"2 Thieves","floor":18.0,"turns":4.0},{"damage":4.0,"enemies":"Colosseum Slavers","floor":20.0,"turns":4.0},{"damage":3.0,"enemies":"Colosseum Nobs","floor":20.0,"turns":5.0},{"damage":0.0,"enemies":"Shell Parasite","floor":24.0,"turns":6.0},{"damage":3.0,"enemies":"Book of Stabbing","floor":29.0,"turns":6.0},{"damage":0.0,"enemies":"Snake Plant","floor":30.0,"turns":5.0},{"damage":0.0,"enemies":"Cultist and Chosen","floor":31.0,"turns":5.0},{"damage":61,"enemies":"Collector","floor":33,"turns":7}],"seed_played":"-3155893634455980813","potions_obtained":[{"floor":7.0,"key":"Swift Potion"},{"floor":10.0,"key":"Weak Potion"},{"floor":17.0,"key":"EntropicBrew"},{"floor":18.0,"key":"SneckoOil"},{"floor":24.0,"key":"Regen Potion"},{"floor":30.0,"key":"AttackPotion"},{"floor":31.0,"key":"Block Potion"}],"is_trial":false,"path_per_floor":["M","?","$","?","M","R","M","R","T","E","M","M","M","M","R","B",null,"M","?","?","?","?","R","M","$","T","T","$","E","M","M","R"],"character_chosen":"DEFECT","items_purchased":["Defragment","PrismaticShard","FTL+1","Strength Potion"],"campfire_rested":0,"item_purchase_floors":[3,25,28,28],"current_hp_per_floor":[64,57,57,57,56,56,56,56,56,49,49,49,46,46,46,27,63,63,51,48,48,48,48,51,51,51,51,51,51,51,51,51,0],"gold":250,"neow_bonus":"ONE_RARE_RELIC","is_prod":false,"is_daily":false,"chose_seed":false,"campfire_upgraded":5,"win_rate":0,"timestamp":1537540313,"path_taken":["M","?","?","?","M","R","M","R","T","E","M","M","M","M","R","BOSS","M","?","?","?","?","R","M","?","T","?","$","E","M","M","R","BOSS"],"build_version":"2018-09-20","purchased_purges":0,"victory":false,"max_hp_per_floor":[68,68,68,68,68,68,68,68,68,68,68,68,68,68,68,68,73,73,51,51,51,51,51,51,51,51,51,51,51,51,51,51,51],"card_choices":[{"not_picked":["Rebound","Self Repair"],"picked":"Genetic Algorithm","floor":1.0},{"not_picked":["Compile Driver","Beam Cell"],"picked":"Coolheaded","floor":5.0},{"not_picked":["Aggregate","Barrage"],"picked":"Buffer","floor":7.0},{"not_picked":["Cold Snap","Multi-Cast"],"picked":"BootSequence","floor":10.0},{"not_picked":["Skim","Beam Cell"],"picked":"Chill","floor":11.0},{"not_picked":["Gash","Turbo"],"picked":"Cold Snap","floor":12.0},{"not_picked":["Loop","Beam Cell"],"picked":"Conserve Battery","floor":13.0},{"not_picked":["Reinforced Body","Streamline"],"picked":"Compile Driver","floor":14.0},{"not_picked":["Hyperbeam","Amplify"],"picked":"Biased Cognition","floor":16.0},{"not_picked":["Gash","Stack"],"picked":"Ball Lightning","floor":17.0},{"not_picked":["Redo","Steam Power+1"],"picked":"Go for the Eyes","floor":18.0},{"not_picked":["Coolheaded","Leap"],"picked":"Go for the Eyes+1","floor":20.0},{"not_picked":["Ball Lightning","Compile Driver"],"picked":"Self Repair+1","floor":24.0},{"not_picked":["Rainbow","Hyperbeam+1"],"picked":"Auto Shields+1","floor":29.0},{"not_picked":["Iron Wave+1","Reprogram"],"picked":"Armaments+1","floor":30.0},{"not_picked":["Melter+1","Reckless Charge+1"],"picked":"Ball Lightning+1","floor":31.0}],"player_experience":1060113,"relics_obtained":[{"floor":9.0,"key":"Dream Catcher"},{"floor":10.0,"key":"Juzu Bracelet"},{"floor":20.0,"key":"Gambling Chip"},{"floor":20.0,"key":"Matryoshka"},{"floor":26.0,"key":"Potion Belt"},{"floor":26.0,"key":"Tiny Chest"},{"floor":27.0,"key":"Ancient Tea Set"},{"floor":27.0,"key":"Molten Egg 2"},{"floor":29.0,"key":"Mercury Hourglass"}],"event_choices":[{"event_name":"Scrap Ooze","player_choice":"success","floor":2.0,"damage_taken":7.0},{"event_name":"Living Wall","player_choice":"Grow","floor":4.0,"damage_taken":0.0},{"event_name":"Vampires","player_choice":"Became a vampire","floor":19.0,"damage_taken":0.0},{"event_name":"Colosseum","player_choice":"Fight","floor":20.0,"damage_taken":0.0},{"event_name":"Colosseum","player_choice":"Fought Nobs","floor":20.0,"damage_taken":0.0},{"event_name":"Back to Basics","player_choice":"Elegance","floor":21.0,"damage_taken":0.0},{"event_name":"Ghosts","player_choice":"Ignored","floor":22.0,"damage_taken":0.0}],"is_beta":false,"boss_relics":[{"not_picked":["Snecko Eye","Cursed Key"],"picked":"Tiny House"}],"items_purged_floors":[],"is_endless":false,"potions_floor_spawned":[7,10,18,24,30,31],"killed_by":"Collector","ascension_level":9}