{"gold_per_floor":[114,114,133,153,163,198,261,261,261,261,276,201,212,226,226,300,300,272,23,23,37,37,37,67,67],"floor_reached":25,"playtime":953,"items_purged":["Strike_R"],"score":446,"play_id":"1f50a318-f77a-4a81-923f-ef08de56ab39","local_time":"20190207145406","is_ascension_mode":true,"campfire_choices":[{"data":"Armaments","floor":8.0,"key":"SMITH"},{"data":"Demon Form","floor":15.0,"key":"SMITH"},{"data":"Offering","floor":23,"key":"SMITH"}],"neow_cost":"NONE","seed_source_timestamp":0,"circlet_count":0,"master_deck":["AscendersBane","Strike_R","Strike_R","Defend_R","Defend_R","Defend_R","Defend_R","Bash+1","Anger","Dropkick","Demon Form+1","Armaments+1","Metallicize","Disarm","Shrug It Off","Metallicize","Barricade","Shrug It Off","Metallicize","Offering+1","Body Slam+1","Shockwave+1"],"special_seed":0,"relics":["Burning Blood","Bronze Scales","Anchor","Philosopher\u0027s Stone","Toxic Egg 2"],"potions_floor_usage":[16,16,24],"damage_taken":[{"damage":10.0,"enemies":"2 Louse","floor":1.0,"turns":4.0},{"damage":11.0,"enemies":"Small Slimes","floor":3.0,"turns":4.0},{"damage":1.0,"enemies":"Cultist","floor":4.0,"turns":3.0},{"damage":9.0,"enemies":"2 Fungi Beasts","floor":5.0,"turns":3.0},{"damage":6.0,"enemies":"Gremlin Nob","floor":6.0,"turns":3.0},{"damage":7.0,"enemies":"Lots of Slimes","floor":11.0,"turns":4.0},{"damage":2.0,"enemies":"Looter","floor":13.0,"turns":3.0},{"damage":18.0,"enemies":"Exordium Wildlife","floor":14.0,"turns":4.0},{"damage":29,"enemies":"The Guardian","floor":16,"turns":9},{"damage":5,"enemies":"2 Thieves","floor":18,"turns":4},{"damage":6,"enemies":"Spheric Guardian","floor":21,"turns":7},{"damage":66,"enemies":"Slavers","floor":24,"turns":5},{"damage":17,"enemies":"Shelled Parasite and Fungi","floor":25,"turns":1}],"seed_played":"-6603392594542681867","potions_obtained":[{"floor":1.0,"key":"Swift Potion"},{"floor":4.0,"key":"AttackPotion"},{"floor":6.0,"key":"GamblersBrew"},{"floor":13.0,"key":"Poison Potion"},{"floor":16,"key":"Strength Potion"},{"floor":18,"key":"Ancient Potion"}],"is_trial":false,"path_per_floor":["M","?","M","M","M","E","?","R","T","$","M","?","M","M","R","B",null,"M","$","?","M","?","R","E","M"],"character_chosen":"IRONCLAD","items_purchased":["Metallicize","Offering"],"campfire_rested":0,"item_purchase_floors":[19,19],"current_hp_per_floor":[64,69,64,69,66,66,66,66,66,66,65,65,69,57,57,34,69,70,70,70,70,70,70,10,0],"gold":67,"neow_bonus":"UPGRADE_CARD","is_prod":false,"is_daily":false,"chose_seed":false,"campfire_upgraded":3,"win_rate":0,"timestamp":1549569246,"path_taken":["M","?","M","M","M","E","?","R","T","$","M","?","M","M","R","BOSS","M","$","?","M","?","R","E","M"],"build_version":"2019-01-23","purchased_purges":1,"victory":false,"max_hp_per_floor":[75,80,80,80,80,80,80,80,80,80,80,80,80,80,80,80,80,80,80,80,80,80,80,80,80],"card_choices":[{"not_picked":["Pummel","Armaments"],"picked":"Anger","floor":1.0},{"not_picked":["Intimidate","Reckless Charge"],"picked":"Dropkick","floor":3.0},{"not_picked":["Combust","Clash"],"picked":"Demon Form","floor":4.0},{"not_picked":["Carnage","Evolve"],"picked":"Armaments","floor":5.0},{"not_picked":["True Grit","Havoc"],"picked":"Metallicize","floor":6.0},{"not_picked":["Body Slam","Heavy Blade"],"picked":"Disarm","floor":11.0},{"not_picked":["Clash","Burning Pact"],"picked":"Shrug It Off","floor":13.0},{"not_picked":["Shockwave","Rage"],"picked":"Metallicize","floor":14.0},{"not_picked":["Juggernaut","Exhume"],"picked":"Barricade","floor":16},{"not_picked":["Bloodletting","Pommel Strike"],"picked":"Shrug It Off","floor":18},{"not_picked":["Headbutt+1","Clash"],"picked":"Body Slam+1","floor":21},{"not_picked":["Wild Strike","Cleave"],"picked":"Shockwave","floor":24}],"player_experience":1187520,"relics_obtained":[{"floor":6.0,"key":"Bronze Scales"},{"floor":9.0,"key":"Anchor"},{"floor":24,"key":"Toxic Egg 2"}],"event_choices":[{"damage_healed":0.0,"max_hp_gain":5.0,"max_hp_loss":0.0,"gold_gain":0.0,"event_name":"Big Fish","player_choice":"Donut","floor":2.0,"gold_loss":0.0,"damage_taken":0.0},{"damage_healed":0.0,"max_hp_gain":0.0,"max_hp_loss":0.0,"gold_gain":63.0,"event_name":"Golden Wing","player_choice":"Gained Gold","floor":7.0,"gold_loss":0.0,"damage_taken":0.0},{"cards_removed":["Strike_R"],"damage_healed":0.0,"max_hp_gain":0.0,"max_hp_loss":0.0,"gold_gain":0.0,"event_name":"The Cleric","player_choice":"Card Removal","floor":12.0,"gold_loss":75.0,"damage_taken":0.0},{"damage_healed":0,"gold_gain":0,"player_choice":"Ignored","damage_taken":0,"max_hp_gain":0,"max_hp_loss":0,"event_name":"The Mausoleum","floor":20,"gold_loss":0},{"cards_removed":["Strike_R"],"damage_healed":0,"gold_gain":0,"player_choice":"Elegance","damage_taken":0,"max_hp_gain":0,"max_hp_loss":0,"event_name":"Back to Basics","floor":22,"gold_loss":0}],"is_beta":false,"boss_relics":[{"not_picked":["Orrery","Busted Crown"],"picked":"Philosopher\u0027s Stone"}],"items_purged_floors":[19],"is_endless":false,"potions_floor_spawned":[1,4,6,13,16,18],"killed_by":"Shelled Parasite and Fungi","ascension_level":20}