{"gold_per_floor":[109,109,127,15,15,46,46,46,46,81,81,81,96,96,96,169,169,185,202,202,221,248,248],"floor_reached":23,"playtime":1124,"items_purged":["Strike_B"],"score":422,"play_id":"cc2ea231-6e25-48cc-b825-7473c62ff5b6","local_time":"20181130022444","is_ascension_mode":true,"campfire_choices":[{"data":"Sunder","floor":8,"key":"SMITH"},{"data":"Sunder","floor":12,"key":"SMITH"},{"data":"Zap","floor":15,"key":"SMITH"}],"neow_cost":"NONE","seed_source_timestamp":107623964929823,"circlet_count":0,"master_deck":["AscendersBane","Defend_B","Defend_B","Defend_B","Defend_B","Zap+1","Dualcast","Go for the Eyes","Reprogram","Glacier","Sunder+1","Sunder+1","Undo","Echo Form","Loop","Conserve Battery","Conserve Battery+1"],"relics":["Cracked Core","NeowsBlessing","Dead Branch","FossilizedHelix","Incense Burner","Pen Nib","Empty Cage","Red Mask"],"potions_floor_usage":[10,16,16,19],"damage_taken":[{"damage":0,"enemies":"Jaw Worm","floor":1,"turns":1},{"damage":0,"enemies":"Cultist","floor":3,"turns":1},{"damage":0,"enemies":"3 Sentries","floor":6,"turns":1},{"damage":1,"enemies":"Lagavulin","floor":10,"turns":7},{"damage":0,"enemies":"2 Louse","floor":13,"turns":2},{"damage":31,"enemies":"Hexaghost","floor":16,"turns":11},{"damage":5,"enemies":"3 Byrds","floor":18,"turns":4},{"damage":0,"enemies":"Shell Parasite","floor":19,"turns":4},{"damage":16,"enemies":"Snake Plant","floor":21,"turns":2},{"damage":19,"enemies":"Masked Bandits","floor":22,"turns":6},{"damage":31,"enemies":"Gremlin Leader","floor":23,"turns":9}],"seed_played":"7992470283892100386","potions_obtained":[{"floor":1,"key":"EssenceOfSteel"},{"floor":6,"key":"LiquidBronze"},{"floor":13,"key":"EssenceOfSteel"},{"floor":18,"key":"EssenceOfSteel"},{"floor":22,"key":"SteroidPotion"}],"is_trial":false,"path_per_floor":["M","?","M","$","?","E","$","R","T","E","?","R","M","$","R","B",null,"M","M","?","M","?","E"],"character_chosen":"DEFECT","items_purchased":["Sunder"],"campfire_rested":0,"item_purchase_floors":[4],"current_hp_per_floor":[64,64,64,64,57,57,57,57,57,56,56,56,56,56,56,25,60,55,55,69,53,34,3],"gold":248,"neow_bonus":"THREE_ENEMY_KILL","is_prod":false,"is_daily":false,"chose_seed":false,"campfire_upgraded":3,"win_rate":0,"timestamp":1543544684,"path_taken":["M","?","?","$","?","E","?","R","T","E","?","R","M","$","R","BOSS","M","M","?","M","?","E"],"build_version":"2018-11-15","purchased_purges":1,"victory":false,"max_hp_per_floor":[71,71,71,71,71,71,71,71,71,71,71,71,71,71,71,71,71,71,71,71,71,71,71],"card_choices":[{"not_picked":["Turbo","Heatsinks"],"picked":"Go for the Eyes","floor":1},{"not_picked":["Ball Lightning","Blizzard"],"picked":"Glacier","floor":3},{"not_picked":["Beam Cell","Compile Driver","Rebound"],"picked":"SKIP","floor":6},{"not_picked":["Stack","Coolheaded"],"picked":"Sunder","floor":10},{"not_picked":["Stack","Reinforced Body"],"picked":"Undo","floor":13},{"not_picked":["Creative AI","Reboot"],"picked":"Echo Form","floor":16},{"not_picked":["Go for the Eyes","Turbo"],"picked":"Loop","floor":18},{"not_picked":["Turbo","Sunder","Leap"],"picked":"SKIP","floor":19},{"not_picked":["Recycle","Self Repair"],"picked":"Conserve Battery","floor":21},{"not_picked":["Heatsinks","Steam"],"picked":"Conserve Battery+1","floor":22}],"player_experience":953613,"relics_obtained":[{"floor":6,"key":"Dead Branch"},{"floor":9,"key":"FossilizedHelix"},{"floor":10,"key":"Incense Burner"},{"floor":22,"key":"Red Mask"}],"event_choices":[{"damage_healed":0,"gold_gain":0,"cards_transformed":["Strike_B"],"player_choice":"Transformed","damage_taken":0,"max_hp_gain":0,"max_hp_loss":0,"event_name":"Transmorgrifier","floor":2,"gold_loss":0,"cards_obtained":["Reprogram"]},{"cards_removed":["Strike_B"],"damage_healed":0,"gold_gain":0,"player_choice":"Card Removal","damage_taken":7,"max_hp_gain":0,"max_hp_loss":0,"event_name":"Golden Wing","floor":5,"gold_loss":0},{"damage_healed":0,"gold_gain":0,"player_choice":"Box","damage_taken":0,"relics_obtained":["Pen Nib"],"max_hp_gain":0,"max_hp_loss":0,"event_name":"Big Fish","floor":11,"gold_loss":0,"cards_obtained":["Regret"]},{"damage_healed":14,"gold_gain":0,"player_choice":"Heal","damage_taken":0,"max_hp_gain":0,"max_hp_loss":0,"event_name":"The Library","floor":20,"gold_loss":0},{"damage_healed":0,"gold_gain":0,"player_choice":"Fought Bandits","damage_taken":0,"max_hp_gain":0,"max_hp_loss":0,"event_name":"Masked Bandits","floor":22,"gold_loss":0}],"is_beta":true,"boss_relics":[{"not_picked":["Black Star","Fusion Hammer"],"picked":"Empty Cage"}],"items_purged_floors":[4],"is_endless":false,"potions_floor_spawned":[1,6,13,18,22],"killed_by":"Gremlin Leader","ascension_level":18}