{"path_per_floor":["M","M","M","?","M","E","R","E","T","M","M","?","M","?","R","B",null,"M","M","M","M"],"character_chosen":"DEFECT","items_purchased":[],"gold_per_floor":[10,21,36,36,46,76,76,107,107,127,145,145,159,159,159,288,288,312,333,346,360,360],"floor_reached":22,"campfire_rested":2,"playtime":1150,"item_purchase_floors":[],"current_hp_per_floor":[72,72,72,54,45,9,31,32,32,30,20,20,20,20,46,12,89,86,88,72,29,0],"items_purged":[],"gold":360,"score":267,"play_id":"50bdf078-8b0f-4258-9c77-363c80d7982c","local_time":"20180610170412","is_prod":false,"is_daily":false,"chose_seed":false,"is_ascension_mode":true,"campfire_upgraded":0,"win_rate":0,"timestamp":1528643052,"campfire_choices":[{"floor":7,"key":"REST"},{"floor":15,"key":"REST"}],"path_taken":["M","M","M","?","M","E","R","E","T","?","M","?","?","?","R","BOSS","M","M","M","M","M"],"build_version":"2018-06-08","seed_source_timestamp":21280777496462,"purchased_purges":0,"victory":false,"master_deck":["Strike_B","Strike_B","Strike_B","Defend_B","Defend_B","Defend_B","Defend_B","Zap","Dualcast","Conserve Battery","Redo","Go for the Eyes","Genetic Algorithm","Melter","Scrape","Cold Snap","Auto Shields","Cold Snap","Self Repair","Gash","Genetic Algorithm","Injury","Electrodynamics","Gash","Conserve Battery+1","Gash","Beam Cell","Rainbow","Aggregate+1","Reinforced Body+1","Ball Lightning"],"max_hp_per_floor":[75,75,75,75,75,75,75,89,89,89,89,89,89,89,89,89,89,89,89,94,94,94],"relics":["Cracked Core","Ginger","Pen Nib","Prayer Wheel","Mango","Shovel","Golden Idol","Snecko Eye"],"card_choices":[{"not_picked":["Fusion","Streamline","Barrage"],"picked":"SKIP","floor":1},{"not_picked":["Capacitor","Reprogram"],"picked":"Conserve Battery","floor":2},{"not_picked":["Barrage","Turbo"],"picked":"Redo","floor":3},{"not_picked":["Hologram","Steam"],"picked":"Go for the Eyes","floor":5},{"not_picked":["Lockon","Compile Driver"],"picked":"Genetic Algorithm","floor":6},{"not_picked":["Fission","Barrage"],"picked":"Melter","floor":8},{"not_picked":["Coolheaded","Ball Lightning"],"picked":"Scrape","floor":10},{"not_picked":["Compile Driver","Redo"],"picked":"Cold Snap","floor":10},{"not_picked":["Stack","Turbo"],"picked":"Auto Shields","floor":11},{"not_picked":["Sunder","Leap"],"picked":"Cold Snap","floor":11},{"not_picked":["Stack","Rainbow"],"picked":"Gash","floor":13},{"not_picked":["Stack","Rip and Tear"],"picked":"Genetic Algorithm","floor":13},{"not_picked":["Biased Cognition","Machine Learning"],"picked":"Electrodynamics","floor":16},{"not_picked":["Barrage+1","Steam+1"],"picked":"Gash","floor":18},{"not_picked":["Capacitor","Chill"],"picked":"Conserve Battery+1","floor":18},{"not_picked":["Loop","Hello World+1"],"picked":"Gash","floor":19},{"not_picked":["Conserve Battery","Lockon"],"picked":"Beam Cell","floor":19},{"not_picked":["Turbo","Chill"],"picked":"Rainbow","floor":20},{"not_picked":["Coolheaded","Undo+1"],"picked":"Aggregate+1","floor":20},{"not_picked":["Cold Snap+1","Conserve Battery"],"picked":"Reinforced Body+1","floor":21},{"not_picked":["Redo","FTL+1"],"picked":"Ball Lightning","floor":21}],"player_experience":240009,"potions_floor_usage":[8,8,11,16,16,20],"damage_taken":[{"damage":3,"enemies":"2 Louse","floor":1,"turns":3},{"damage":0,"enemies":"Small Slimes","floor":2,"turns":2},{"damage":0,"enemies":"Cultist","floor":3,"turns":3},{"damage":9,"enemies":"Red Slaver","floor":5,"turns":4},{"damage":36,"enemies":"Gremlin Nob","floor":6,"turns":5},{"damage":13,"enemies":"Lagavulin","floor":8,"turns":8},{"damage":2,"enemies":"Blue Slaver","floor":10,"turns":4},{"damage":10,"enemies":"Gremlin Gang","floor":11,"turns":3},{"damage":0,"enemies":"Large Slime","floor":13,"turns":5},{"damage":34,"enemies":"Hexaghost","floor":16,"turns":12},{"damage":3,"enemies":"Chosen","floor":18,"turns":6},{"damage":5,"enemies":"3 Byrds","floor":19,"turns":3},{"damage":28,"enemies":"Centurion and Healer","floor":20,"turns":7},{"damage":50,"enemies":"Snake Plant","floor":21,"turns":7},{"damage":47,"enemies":"Slaver and Parasite","floor":22,"turns":7}],"relics_obtained":[{"floor":6,"key":"Prayer Wheel"},{"floor":8,"key":"Mango"},{"floor":9,"key":"Shovel"}],"event_choices":[{"event_name":"Scrap Ooze","player_choice":"success","floor":4,"damage_taken":18},{"event_name":"Transmorgrifier","player_choice":"Transform","floor":12,"damage_taken":0},{"event_name":"Golden Idol","player_choice":"Take Wound","floor":14,"damage_taken":0}],"boss_relics":[{"not_picked":["Ectoplasm","Runic Pyramid"],"picked":"Snecko Eye"}],"items_purged_floors":[],"potions_floor_spawned":[1,5,6,8,10,19,21],"seed_played":"8470596417559195635","killed_by":"Slaver and Parasite","ascension_level":4,"potions_obtained":[{"floor":1,"key":"Weak Potion"},{"floor":5,"key":"LiquidBronze"},{"floor":6,"key":"Poison Potion"},{"floor":8,"key":"Fire Potion"},{"floor":10,"key":"GamblersBrew"},{"floor":19,"key":"Fruit Juice"},{"floor":21,"key":"FairyPotion"}],"is_trial":false}