{"path_per_floor":["M","?","?","M","$","E","?","?","T","M","E","R","E","M","R","B",null,"M","?","?","$","M"],"character_chosen":"IRONCLAD","items_purchased":["BloodPotion"],"gold_per_floor":[110,285,285,299,224,254,254,219,244,258,291,291,318,337,337,440,440,456,490,405,329,346,346],"floor_reached":23,"campfire_rested":1,"playtime":1149,"item_purchase_floors":[21],"current_hp_per_floor":[66,66,41,41,41,23,23,44,44,53,48,73,56,60,60,65,83,83,26,26,26,38,0],"items_purged":["Doubt"],"gold":346,"score":304,"play_id":"7c61d8d4-cc38-4a3d-b57e-4b206e479190","local_time":"20180610175439","is_prod":false,"is_daily":false,"chose_seed":false,"is_ascension_mode":true,"campfire_upgraded":1,"win_rate":0,"timestamp":1528671279,"campfire_choices":[{"floor":12,"key":"REST"},{"data":"Flex","floor":15,"key":"SMITH"}],"path_taken":["M","?","?","?","$","E","?","?","T","M","E","R","E","?","R","BOSS","M","?","?","?","M","E"],"build_version":"2018-06-07v3","seed_source_timestamp":26638849612023,"purchased_purges":1,"victory":false,"master_deck":["Strike_R","Strike_R","Strike_R","Strike_R","Strike_R","Defend_R","Defend_R","Defend_R","Defend_R","Bash","Pummel+1","Clash","Heavy Blade","Anger","Flex+1","Heavy Blade","Demon Form"],"max_hp_per_floor":[80,80,80,80,80,85,85,85,85,85,85,85,87,89,89,89,89,91,93,93,93,95,95],"relics":["Burning Blood","Unceasing Top","Magic Flower","Oddly Smooth Stone","Singing Bowl","Mercury Hourglass","Black Star","Red Mask","Question Card"],"card_choices":[{"not_picked":["Shrug It Off","Anger"],"picked":"Pummel","floor":0},{"not_picked":["Shrug It Off","Power Through"],"picked":"Clash","floor":1},{"not_picked":["Havoc","Bloodletting"],"picked":"Heavy Blade","floor":4},{"not_picked":["Rage","Iron Wave"],"picked":"Anger","floor":6},{"not_picked":["Sword Boomerang","Hemokinesis"],"picked":"Flex","floor":10},{"not_picked":["Armaments","Exhume"],"picked":"Heavy Blade","floor":11},{"not_picked":["Rage","Power Through","Dual Wield"],"picked":"Singing Bowl","floor":13},{"not_picked":["Ghostly Armor","Blood for Blood","Anger"],"picked":"Singing Bowl","floor":14},{"not_picked":["Fiend Fire","Double Tap"],"picked":"Demon Form","floor":16},{"not_picked":["Bloodletting+1","Havoc","Cleave"],"picked":"Singing Bowl","floor":18},{"not_picked":["Anger","Headbutt","Wild Strike+1"],"picked":"Singing Bowl","floor":19},{"not_picked":["Clothesline","Sever Soul","Shrug It Off","Uppercut"],"picked":"Singing Bowl","floor":22}],"player_experience":262793,"potions_floor_usage":[6,16,16,22,22,22],"damage_taken":[{"damage":12,"enemies":"Jaw Worm","floor":1,"turns":2},{"damage":6,"enemies":"Cultist","floor":4,"turns":4},{"damage":29,"enemies":"3 Sentries","floor":6,"turns":9},{"damage":0,"enemies":"2 Louse","floor":10,"turns":2},{"damage":14,"enemies":"Gremlin Nob","floor":11,"turns":3},{"damage":28,"enemies":"Lagavulin","floor":13,"turns":5},{"damage":7,"enemies":"Blue Slaver","floor":14,"turns":2},{"damage":4,"enemies":"Slime Boss","floor":16,"turns":8},{"damage":11,"enemies":"Spheric Guardian","floor":18,"turns":3},{"damage":68,"floor":19,"turns":6},{"damage":13,"enemies":"Shell Parasite","floor":22,"turns":4},{"damage":44,"enemies":"Book of Stabbing","floor":23,"turns":4}],"relics_obtained":[{"floor":6,"key":"Magic Flower"},{"floor":9,"key":"Oddly Smooth Stone"},{"floor":11,"key":"Singing Bowl"},{"floor":13,"key":"Mercury Hourglass"},{"floor":19,"key":"Red Mask"}],"event_choices":[{"event_name":"Liars Game","player_choice":"agreed","floor":2,"damage_taken":0},{"event_name":"Scrap Ooze","player_choice":"success","floor":3,"damage_taken":25},{"event_name":"Living Wall","player_choice":"Grow","floor":7,"damage_taken":0},{"event_name":"The Cleric","player_choice":"Healed","floor":8,"damage_taken":0},{"event_name":"Masked Bandits","player_choice":"Fought over 456 gold","floor":19,"damage_taken":0},{"event_name":"Addict","player_choice":"Obtained Relic","floor":20,"damage_taken":0}],"boss_relics":[{"not_picked":["Lizard Tail","Busted Crown"],"picked":"Black Star"}],"items_purged_floors":[5],"potions_floor_spawned":[1,4,6,16,19],"seed_played":"-3098024794525423385","killed_by":"Book of Stabbing","ascension_level":7,"potions_obtained":[{"floor":1,"key":"Fire Potion"},{"floor":4,"key":"Fruit Juice"},{"floor":6,"key":"Block Potion"},{"floor":16,"key":"Dexterity Potion"},{"floor":19,"key":"AttackPotion"}],"is_trial":false}