{"gold_per_floor":[113,125,136,236,311,367,7,36,36,36,36],"floor_reached":11,"playtime":359,"items_purged":[],"score":81,"play_id":"0217f46b-67be-4aa0-988a-7c9b1515f217","local_time":"20180820224631","is_ascension_mode":false,"campfire_choices":[],"neow_cost":"NONE","seed_source_timestamp":10615531925810,"circlet_count":0,"master_deck":["Defend_G","Defend_G","Defend_G","Defend_G","Defend_G","Strike_G","Strike_G","Strike_G","Strike_G","Strike_G","Survivor","Neutralize","Prepared+1","Dagger Spray","Sucker Punch","Deflect","Footwork","Sucker Punch"],"relics":["Black Star","Happy Flower","Tiny Chest","Bird Faced Urn","Bottled Flame","Bottled Tornado","Centennial Puzzle"],"potions_floor_usage":[3,8],"damage_taken":[{"damage":2,"enemies":"Jaw Worm","floor":1,"turns":5},{"damage":0,"enemies":"Cultist","floor":2,"turns":4},{"damage":0,"enemies":"Small Slimes","floor":3,"turns":2},{"damage":32,"enemies":"3 Sentries","floor":6,"turns":10},{"damage":21,"enemies":"Gremlin Nob","floor":8,"turns":5},{"damage":8,"enemies":"3 Louse","floor":11,"turns":1}],"seed_played":"7731708366380513798","potions_obtained":[{"floor":1,"key":"SteroidPotion"},{"floor":6,"key":"Swift Potion"}],"is_trial":false,"path_per_floor":["M","M","M","?","?","E","$","E","T","?"],"character_chosen":"THE_SILENT","items_purchased":["Bird Faced Urn","Footwork"],"campfire_rested":0,"item_purchase_floors":[7,7],"current_hp_per_floor":[68,68,68,68,57,25,25,6,6,6,0],"gold":36,"neow_bonus":"BOSS_RELIC","is_prod":false,"is_daily":false,"chose_seed":false,"campfire_upgraded":0,"win_rate":0.0,"timestamp":1534797991,"path_taken":["M","M","M","?","?","E","$","E","T","?","?"],"build_version":"2018-08-16","purchased_purges":0,"victory":false,"max_hp_per_floor":[70,70,70,70,70,70,70,70,70,70,70],"card_choices":[{"not_picked":["Bane","Dash"],"picked":"Prepared","floor":1},{"not_picked":["Prepared","Quick Slash"],"picked":"Dagger Spray","floor":2},{"not_picked":["Quick Slash","Flying Knee"],"picked":"Sucker Punch","floor":3},{"not_picked":["Flechettes","Bouncing Flask"],"picked":"Deflect","floor":6},{"not_picked":["Tactician","Dagger Throw"],"picked":"Sucker Punch","floor":8}],"player_experience":24159,"relics_obtained":[{"floor":6,"key":"Happy Flower"},{"floor":6,"key":"Tiny Chest"},{"floor":8,"key":"Bottled Flame"},{"floor":8,"key":"Bottled Tornado"},{"floor":9,"key":"Centennial Puzzle"}],"event_choices":[{"event_name":"Golden Shrine","player_choice":"Pray","floor":4,"damage_taken":0},{"event_name":"World of Goop","player_choice":"Gather Gold","floor":5,"damage_taken":0},{"event_name":"Accursed Blacksmith","player_choice":"Forge","floor":10,"damage_taken":0}],"is_beta":true,"boss_relics":[],"items_purged_floors":[],"is_endless":false,"potions_floor_spawned":[1,6],"killed_by":"3 Louse","ascension_level":0}