{"gold_per_floor":[114,130,150,167,167,167,196,196,196,196,133,167,167,177,177,177],"floor_reached":16,"playtime":1064,"items_purged":[],"score":215,"play_id":"b322818e-0670-4a99-ac55-11e4aaea33b1","local_time":"20190102202506","is_ascension_mode":true,"campfire_choices":[{"data":"Redo","floor":6,"key":"SMITH"},{"data":"Zap","floor":8,"key":"SMITH"},{"floor":10,"key":"REST"},{"floor":15,"key":"REST"}],"neow_cost":"NONE","seed_source_timestamp":6162996845434,"circlet_count":0,"master_deck":["AscendersBane","Strike_B","Strike_B","Strike_B","Defend_B","Defend_B","Defend_B","Defend_B","Zap+1","Dualcast","Redo+1","Sweeping Beam","Ball Lightning","Ball Lightning","Machine Learning","Chaos+1","Chaos+1"],"relics":["Cracked Core","PreservedInsect","Matryoshka","Potion Belt","Toxic Egg 2","Lantern"],"potions_floor_usage":[14],"damage_taken":[{"damage":2,"enemies":"Cultist","floor":1,"turns":4},{"damage":9,"enemies":"Small Slimes","floor":2,"turns":4},{"damage":2,"enemies":"2 Louse","floor":3,"turns":2},{"damage":23,"enemies":"Large Slime","floor":4,"turns":6},{"damage":15,"enemies":"Lagavulin","floor":7,"turns":3},{"damage":20,"enemies":"3 Sentries","floor":12,"turns":4},{"damage":0,"enemies":"Exordium Wildlife","floor":14,"turns":2},{"damage":30,"enemies":"Slime Boss","floor":16,"turns":7}],"seed_played":"7372643340560684397","potions_obtained":[{"floor":1,"key":"Energy Potion"},{"floor":2,"key":"LiquidBronze"},{"floor":12,"key":"AttackPotion"}],"is_trial":false,"path_per_floor":["M","M","M","M","?","R","E","R","T","R","?","E","?","M","R","B"],"character_chosen":"DEFECT","items_purchased":[],"campfire_rested":2,"item_purchase_floors":[],"current_hp_per_floor":[62,53,51,28,21,21,6,6,6,27,27,7,7,7,28,0],"gold":177,"neow_bonus":"RANDOM_COMMON_RELIC","is_prod":false,"is_daily":false,"chose_seed":false,"campfire_upgraded":2,"win_rate":0,"timestamp":1546421106,"path_taken":["M","M","?","M","?","R","E","R","T","R","?","E","?","M","R","BOSS"],"build_version":"2018-11-15","purchased_purges":0,"victory":false,"max_hp_per_floor":[71,71,71,71,71,71,71,71,71,71,71,71,71,71,71,71],"card_choices":[{"not_picked":["Scrape","Rebound"],"picked":"Redo","floor":1},{"not_picked":["Scrape","Double Energy"],"picked":"Sweeping Beam","floor":2},{"not_picked":["Redo","Static Discharge"],"picked":"Ball Lightning","floor":3},{"not_picked":["Hologram","Sweeping Beam"],"picked":"Ball Lightning","floor":4},{"not_picked":["Go for the Eyes","Loop"],"picked":"Machine Learning","floor":7},{"not_picked":["Go for the Eyes","Turbo+1"],"picked":"Chaos+1","floor":12},{"not_picked":["Rebound","Leap+1"],"picked":"Chaos+1","floor":14}],"player_experience":979522,"relics_obtained":[{"floor":7,"key":"Matryoshka"},{"floor":9,"key":"Potion Belt"},{"floor":9,"key":"Toxic Egg 2"},{"floor":12,"key":"Lantern"}],"event_choices":[{"cards_removed":["Strike_B"],"damage_healed":0,"gold_gain":0,"player_choice":"Card Removal","damage_taken":7,"max_hp_gain":0,"max_hp_loss":0,"event_name":"Golden Wing","floor":5,"gold_loss":0},{"damage_healed":0,"gold_gain":0,"player_choice":"Left Gold","damage_taken":0,"max_hp_gain":0,"max_hp_loss":0,"event_name":"World of Goop","floor":11,"gold_loss":63},{"damage_healed":0,"gold_gain":0,"player_choice":"Fled","damage_taken":0,"max_hp_gain":0,"max_hp_loss":0,"event_name":"Scrap Ooze","floor":13,"gold_loss":0}],"is_beta":true,"boss_relics":[],"items_purged_floors":[],"is_endless":false,"potions_floor_spawned":[1,2,7,12],"killed_by":"Slime Boss","ascension_level":19}