{"gold_per_floor":[119,69,87,101,120,120,149,159,159,37,37,62,62,78,78,183,183,196,214,228,54,54,54,85,85,85,85,10,44,44,44,44,142,142,158,178,0,0,12,68,68,78,78,78,108,0,32,58,58,58,58,58,58,87,87],"floor_reached":55,"playtime":2976,"items_purged":["Strike_G","Strike_G"],"score":1059,"play_id":"5ed771db-8629-448d-bb8c-fa5cada0c625","local_time":"20190106025734","is_ascension_mode":true,"campfire_choices":[{"data":"Neutralize","floor":6.0,"key":"SMITH"},{"data":"Glass Knife","floor":13.0,"key":"SMITH"},{"data":"All Out Attack","floor":15.0,"key":"SMITH"},{"data":"After Image","floor":23.0,"key":"SMITH"},{"data":"After Image","floor":25.0,"key":"SMITH"},{"data":"Infinite Blades","floor":27.0,"key":"SMITH"},{"floor":32.0,"key":"REST"},{"floor":41,"key":"RECALL"},{"floor":49,"key":"REST"},{"data":"Backstab","floor":52,"key":"SMITH"}],"neow_cost":"TEN_PERCENT_HP_LOSS","seed_source_timestamp":1578060110450481,"circlet_count":0,"master_deck":["Defend_G","Defend_G","Defend_G+1","Defend_G+1","Defend_G","Strike_G","Strike_G","Survivor","Neutralize+1","All Out Attack","Quick Slash","Dagger Throw","Masterful Stab","All Out Attack+1","Glass Knife+1","Cloak And Dagger+1","Burst+1","Cloak And Dagger+1","After Image+1","Accuracy","Dagger Spray+1","Infinite Blades+1","Cloak And Dagger+1","Infinite Blades+1","Blade Dance+1","Blade Dance+1","After Image+1","Backflip+1","Doppelganger+1","Leg Sweep+1","Footwork","Backstab+1","Caltrops","Panacea+1","Blade Dance+1","Accuracy","Cloak And Dagger+1","Terror+1","Accuracy+1"],"special_seed":0,"relics":["Ring of the Snake","Tough Bandages","Gremlin Horn","Toxic Egg 2","Nunchaku","Sozu","Pear","Art of War","Boot","Enchiridion","WristBlade","Tiny Chest","Bottled Tornado","Red Mask","Meat on the Bone","Pen Nib","War Paint"],"potions_floor_usage":[50],"damage_taken":[{"damage":2.0,"enemies":"2 Louse","floor":1.0,"turns":3.0},{"damage":0.0,"enemies":"Small Slimes","floor":3.0,"turns":3.0},{"damage":0.0,"enemies":"Cultist","floor":4.0,"turns":3.0},{"damage":1.0,"enemies":"Blue Slaver","floor":5.0,"turns":3.0},{"damage":11.0,"enemies":"Lagavulin","floor":7.0,"turns":6.0},{"damage":0.0,"enemies":"2 Fungi Beasts","floor":8.0,"turns":2.0},{"damage":2.0,"enemies":"3 Sentries","floor":12.0,"turns":3.0},{"damage":0.0,"enemies":"Exordium Wildlife","floor":14.0,"turns":2.0},{"damage":35.0,"enemies":"The Guardian","floor":16.0,"turns":12.0},{"damage":0.0,"enemies":"3 Byrds","floor":18.0,"turns":5.0},{"damage":0.0,"enemies":"Chosen","floor":19.0,"turns":4.0},{"damage":0.0,"enemies":"Sentry and Sphere","floor":20.0,"turns":3.0},{"damage":2.0,"enemies":"Gremlin Leader","floor":24.0,"turns":4.0},{"damage":3.0,"enemies":"Book of Stabbing","floor":29.0,"turns":4.0},{"damage":10,"enemies":"Collector","floor":33,"turns":8},{"damage":0,"enemies":"3 Shapes","floor":35,"turns":2},{"damage":0,"enemies":"Orb Walker","floor":36,"turns":3},{"damage":0,"enemies":"Maw","floor":39,"turns":7},{"damage":6,"enemies":"Giant Head","floor":40,"turns":6},{"damage":7,"enemies":"Writhing Mass","floor":42,"turns":6},{"damage":1,"enemies":"Nemesis","floor":45,"turns":5},{"damage":3,"enemies":"Reptomancer","floor":47,"turns":4},{"damage":52,"enemies":"Awakened One","floor":50,"turns":11},{"damage":65,"enemies":"Shield and Spear","floor":54,"turns":5},{"damage":51,"enemies":"The Heart","floor":55,"turns":3}],"seed_played":"-7995048280627268188","potions_obtained":[{"floor":1.0,"key":"Explosive Potion"},{"floor":8.0,"key":"Weak Potion"},{"floor":11.0,"key":"SmokeBomb"},{"floor":11.0,"key":"Fruit Juice"},{"floor":11.0,"key":"Explosive Potion"},{"floor":12.0,"key":"Poison Potion"},{"floor":16.0,"key":"Regen Potion"}],"is_trial":false,"path_per_floor":["M","?","M","M","M","R","E","M","T","$","?","E","R","M","R","B",null,"M","M","M","$","?","R","E","R","T","R","$","E","?","$","R","B",null,"M","M","$","?","M","E","R","M","T","$","E","?","E","T","R","B",null,"R","$","E","B"],"character_chosen":"THE_SILENT","items_purchased":["Glass Knife","Cloak And Dagger+1","Cloak And Dagger+1","Infinite Blades","Blade Dance+1","Backstab"],"campfire_rested":2,"item_purchase_floors":[10,10,21,21,21,37],"current_hp_per_floor":[61,61,61,61,60,60,49,49,49,49,54,52,52,52,52,17,55,55,55,55,55,55,55,63,63,63,63,63,60,44,44,67,57,73,73,73,73,73,73,67,67,60,60,60,59,59,56,56,78,41,69,69,69,16,0],"gold":87,"neow_bonus":"ONE_RARE_RELIC","is_prod":false,"is_daily":false,"chose_seed":false,"campfire_upgraded":7,"win_rate":0,"timestamp":1546761454,"path_taken":["M","?","M","M","M","R","E","M","T","$","?","E","R","M","R","BOSS","M","M","?","$","?","R","E","R","T","R","$","E","?","?","R","BOSS","M","M","$","?","M","E","R","?","T","?","E","?","E","?","R","BOSS","R","$","E","BOSS"],"build_version":"2019-01-03v4","purchased_purges":2,"victory":false,"max_hp_per_floor":[63,63,63,63,63,63,63,63,63,63,68,68,68,68,68,68,68,68,68,68,68,68,68,78,78,78,78,78,78,78,78,78,78,78,78,78,78,78,78,78,78,78,78,78,78,78,78,78,78,78,78,78,78,78,78],"card_choices":[{"not_picked":["Setup","PiercingWail"],"picked":"All Out Attack","floor":1.0},{"not_picked":["Accuracy","Choke"],"picked":"Quick Slash","floor":3.0},{"not_picked":["Bane","Prepared"],"picked":"Dagger Throw","floor":4.0},{"not_picked":["Expertise","Caltrops"],"picked":"Masterful Stab","floor":5.0},{"not_picked":["Concentrate","Calculated Gamble","Accuracy"],"picked":"SKIP","floor":7.0},{"not_picked":["Blade Dance","Masterful Stab"],"picked":"All Out Attack","floor":8.0},{"not_picked":["Deadly Poison+1","Underhanded Strike"],"picked":"Burst+1","floor":12.0},{"not_picked":["Dagger Throw","Flying Knee"],"picked":"Cloak And Dagger+1","floor":14.0},{"not_picked":["Venomology+1","Bullet Time+1"],"picked":"After Image","floor":16.0},{"not_picked":["Caltrops","Dagger Throw"],"picked":"Accuracy","floor":18.0},{"not_picked":["Poisoned Stab","Quick Slash"],"picked":"Dagger Spray+1","floor":19.0},{"not_picked":["Noxious Fumes","Blur+1"],"picked":"Infinite Blades+1","floor":20.0},{"not_picked":["Flying Knee+1","Venomology+1"],"picked":"After Image","floor":24.0},{"not_picked":["Poisoned Stab","Acrobatics+1"],"picked":"Backflip+1","floor":29.0},{"not_picked":["Tools of the Trade","Grand Finale"],"picked":"Doppelganger+1","floor":33},{"not_picked":["Dagger Spray+1","Tactician+1"],"picked":"Leg Sweep+1","floor":35},{"not_picked":["Concentrate+1","Sucker Punch+1"],"picked":"Footwork","floor":36},{"not_picked":["Slice+1","Backflip+1"],"picked":"Blade Dance+1","floor":39},{"not_picked":["Poisoned Stab+1","Eviscerate+1","Flying Knee+1"],"picked":"SKIP","floor":40},{"not_picked":["Phantasmal Killer+1","Cloak And Dagger+1"],"picked":"Accuracy","floor":42},{"not_picked":["Noxious Fumes","Distraction+1"],"picked":"Cloak And Dagger+1","floor":45},{"not_picked":["Caltrops+1","Calculated Gamble+1"],"picked":"Terror+1","floor":47},{"not_picked":["Deflect+1","Well Laid Plans"],"picked":"Accuracy+1","floor":54}],"player_experience":356538,"relics_obtained":[{"floor":7.0,"key":"Gremlin Horn"},{"floor":9.0,"key":"Toxic Egg 2"},{"floor":12.0,"key":"Nunchaku"},{"floor":24.0,"key":"Pear"},{"floor":26.0,"key":"Art of War"},{"floor":29.0,"key":"Boot"},{"floor":30.0,"key":"Enchiridion"},{"floor":40,"key":"Tiny Chest"},{"floor":45,"key":"Bottled Tornado"},{"floor":47,"key":"Meat on the Bone"},{"floor":48,"key":"Pen Nib"},{"floor":54,"key":"War Paint"}],"event_choices":[{"cards_removed":["Strike_G"],"damage_healed":0.0,"max_hp_gain":0.0,"max_hp_loss":0.0,"gold_gain":0.0,"event_name":"The Cleric","player_choice":"Card Removal","floor":2.0,"gold_loss":50.0,"damage_taken":0.0},{"damage_healed":0.0,"max_hp_gain":0.0,"max_hp_loss":0.0,"gold_gain":0.0,"event_name":"Lab","player_choice":"Got Potions","floor":11.0,"gold_loss":0.0,"damage_taken":0.0},{"damage_healed":0.0,"max_hp_gain":0.0,"max_hp_loss":0.0,"gold_gain":0.0,"event_name":"The Library","player_choice":"Read","floor":22.0,"gold_loss":0.0,"damage_taken":0.0,"cards_obtained":["Blade Dance"]},{"damage_healed":0.0,"max_hp_gain":0.0,"max_hp_loss":0.0,"gold_gain":0.0,"event_name":"Cursed Tome","player_choice":"Obtained Book","floor":30.0,"gold_loss":0.0,"damage_taken":16.0},{"damage_healed":0,"gold_gain":0,"player_choice":"2 cards matched","damage_taken":0,"max_hp_gain":0,"max_hp_loss":0,"event_name":"Match and Keep!","floor":38,"gold_loss":0,"cards_obtained":["Caltrops","Panacea"]},{"damage_healed":0,"gold_gain":0,"player_choice":"Paid","damage_taken":0,"relics_obtained":["Red Mask"],"max_hp_gain":0,"max_hp_loss":0,"event_name":"Tomb of Lord Red Mask","floor":46,"gold_loss":108}],"is_beta":false,"boss_relics":[{"not_picked":["Orrery","Calling Bell"],"picked":"Sozu"},{"not_picked":["Runic Pyramid","Astrolabe"],"picked":"WristBlade"}],"items_purged_floors":[28,37],"is_endless":false,"potions_floor_spawned":[1,8,12,16,18,19,24,35,42,47],"killed_by":"The Heart","ascension_level":6}