{"gold_per_floor":[111,128,139,155,168,168,93,93,141,161,171,186,211,227,227,301,301,201,251,266,40,60,92,102,102,102,122,122,155,155],"floor_reached":30,"playtime":3204,"items_purged":["Strike_B"],"score":511,"play_id":"9c2ecf59-4190-4051-a8cc-000aabad9020","local_time":"20181203083327","is_ascension_mode":true,"campfire_choices":[{"data":"Streamline","floor":6.0,"key":"SMITH"},{"floor":8.0,"key":"REST"},{"floor":15.0,"key":"REST"},{"floor":25,"key":"REST"},{"floor":28,"key":"REST"}],"neow_cost":"PERCENT_DAMAGE","seed_source_timestamp":0,"circlet_count":0,"master_deck":["AscendersBane","Strike_B","Strike_B","Strike_B","Defend_B","Defend_B","Defend_B","Defend_B","Zap","Dualcast","Echo Form","Streamline+1","Conserve Battery","Glacier","Auto Shields","Leap","Go for the Eyes","Ball Lightning","Chill","Biased Cognition","Core Surge","Glacier","Ball Lightning","Ball Lightning","Buffer","Steam+1","Hologram"],"special_seed":0,"relics":["Cracked Core","Omamori","Letter Opener","Black Star","DataDisk","Vajra","Bag of Marbles","Bottled Tornado","Pen Nib","Blood Vial"],"potions_floor_usage":[23],"damage_taken":[{"damage":7.0,"enemies":"Small Slimes","floor":1.0,"turns":3.0},{"damage":6.0,"enemies":"2 Louse","floor":2.0,"turns":3.0},{"damage":1.0,"enemies":"Cultist","floor":3.0,"turns":3.0},{"damage":17.0,"enemies":"Exordium Thugs","floor":4.0,"turns":5.0},{"damage":3.0,"enemies":"3 Louse","floor":5.0,"turns":4.0},{"damage":7.0,"enemies":"Large Slime","floor":10.0,"turns":6.0},{"damage":0.0,"enemies":"Exordium Wildlife","floor":11.0,"turns":3.0},{"damage":0.0,"enemies":"Red Slaver","floor":12.0,"turns":3.0},{"damage":23.0,"enemies":"Lagavulin","floor":13.0,"turns":7.0},{"damage":0.0,"enemies":"Lots of Slimes","floor":14.0,"turns":4.0},{"damage":13.0,"enemies":"The Guardian","floor":16.0,"turns":13.0},{"damage":3.0,"enemies":"2 Thieves","floor":18.0,"turns":5.0},{"damage":0.0,"enemies":"Chosen","floor":20.0,"turns":7.0},{"damage":20.0,"enemies":"Shelled Parasite and Fungi","floor":22.0,"turns":7.0},{"damage":5,"enemies":"Gremlin Leader","floor":23,"turns":6},{"damage":21,"enemies":"Snake Plant","floor":24,"turns":5},{"damage":0,"enemies":"Sentry and Sphere","floor":27,"turns":6},{"damage":34,"enemies":"Slavers","floor":29,"turns":6},{"damage":19,"enemies":"Cultist and Chosen","floor":30,"turns":3}],"seed_played":"5641463910454551230","potions_obtained":[{"floor":1.0,"key":"Weak Potion"},{"floor":2.0,"key":"Energy Potion"},{"floor":10.0,"key":"FearPotion"},{"floor":12.0,"key":"Dexterity Potion"},{"floor":14.0,"key":"GamblersBrew"},{"floor":22.0,"key":"PowerPotion"},{"floor":23,"key":"Swift Potion"},{"floor":24,"key":"GamblersBrew"},{"floor":29,"key":"Energy Potion"}],"is_trial":false,"path_per_floor":["M","M","M","M","M","R","$","R","T","M","M","M","E","M","R","B",null,"M","?","M","$","M","E","M","R","T","M","R","E","M"],"character_chosen":"DEFECT","items_purchased":["DataDisk","Dexterity Potion"],"campfire_rested":4,"item_purchase_floors":[21,21],"current_hp_per_floor":[39,33,32,15,12,12,12,33,33,26,26,26,3,3,24,11,56,53,53,53,53,33,28,7,28,28,28,49,15,0],"gold":155,"neow_bonus":"THREE_RARE_CARDS","is_prod":false,"is_daily":false,"chose_seed":false,"campfire_upgraded":1,"win_rate":0,"timestamp":1543854807,"path_taken":["M","M","M","M","M","R","$","R","T","M","M","M","E","M","R","BOSS","M","?","M","$","M","E","M","R","T","M","R","E","M"],"build_version":"2018-11-15","purchased_purges":1,"victory":false,"max_hp_per_floor":[71,71,71,71,71,71,71,71,71,71,71,71,71,71,71,71,71,71,71,71,71,71,71,71,71,71,71,71,71,71],"card_choices":[{"not_picked":["Core Surge","Multi-Cast"],"picked":"Echo Form","floor":0.0},{"not_picked":["Chaos","Leap"],"picked":"Streamline","floor":1.0},{"not_picked":["Compile Driver","Heatsinks"],"picked":"Conserve Battery","floor":2.0},{"not_picked":["Compile Driver","Recycle"],"picked":"Glacier","floor":3.0},{"not_picked":["Heatsinks","Leap"],"picked":"Auto Shields","floor":4.0},{"not_picked":["Tempest","Streamline"],"picked":"Leap","floor":5.0},{"not_picked":["Barrage","Redo"],"picked":"Go for the Eyes","floor":10.0},{"not_picked":["Beam Cell","Blizzard"],"picked":"Ball Lightning","floor":11.0},{"not_picked":["Steam","Rebound"],"picked":"Chill","floor":12.0},{"not_picked":["Barrage","Core Surge"],"picked":"Biased Cognition","floor":13.0},{"not_picked":["Chill","Double Energy","Gash"],"picked":"SKIP","floor":14.0},{"not_picked":["Rainbow","Biased Cognition"],"picked":"Core Surge","floor":16.0},{"not_picked":["Static Discharge","Genetic Algorithm"],"picked":"Glacier","floor":18.0},{"not_picked":["Blizzard","Aggregate"],"picked":"Ball Lightning","floor":20.0},{"not_picked":["Leap","Go for the Eyes"],"picked":"Ball Lightning","floor":22.0},{"not_picked":["Turbo","Steam"],"picked":"Buffer","floor":23},{"not_picked":["Beam Cell","Storm"],"picked":"Steam+1","floor":24},{"not_picked":["Glacier","Gash","Beam Cell"],"picked":"SKIP","floor":27},{"not_picked":["Glacier","Hyperbeam"],"picked":"Hologram","floor":29}],"player_experience":1520169,"relics_obtained":[{"floor":9.0,"key":"Omamori"},{"floor":13.0,"key":"Letter Opener"},{"floor":23,"key":"Vajra"},{"floor":23,"key":"Bag of Marbles"},{"floor":26,"key":"Bottled Tornado"},{"floor":29,"key":"Pen Nib"},{"floor":29,"key":"Blood Vial"}],"event_choices":[{"damage_healed":0.0,"max_hp_gain":0.0,"max_hp_loss":0.0,"gold_gain":50.0,"event_name":"Nest","player_choice":"Stole From Cult","floor":19.0,"gold_loss":0.0,"damage_taken":0.0}],"is_beta":false,"boss_relics":[{"not_picked":["Snecko Eye","Orrery"],"picked":"Black Star"}],"items_purged_floors":[7],"is_endless":false,"potions_floor_spawned":[1,2,10,12,13,14,22,23,24,29],"killed_by":"Cultist and Chosen","ascension_level":17}