{"gold_per_floor":[118,128,146,146,167,167,167,167,167,202,202,242,242,261,261,261],"floor_reached":16,"playtime":3387,"items_purged":[],"score":195,"play_id":"0a24eecc-3c34-4d1d-9176-34b71f2f898d","local_time":"20190123100620","is_ascension_mode":true,"campfire_choices":[{"floor":6.0,"key":"REST"},{"data":"Neutralize","floor":8.0,"key":"SMITH"},{"floor":13,"key":"REST"},{"floor":15,"key":"REST"}],"neow_cost":"NONE","seed_source_timestamp":578824338887401,"circlet_count":0,"master_deck":["AscendersBane","Defend_G","Defend_G","Defend_G","Defend_G","Defend_G","Strike_G","Strike_G","Strike_G","Strike_G","Strike_G","Survivor","Neutralize+1","Storm of Steel","All Out Attack","Deadly Poison+1","PiercingWail","Leg Sweep","Dash","Dagger Spray","Poisoned Stab"],"special_seed":0,"relics":["Ring of the Snake","Golden Idol","Lantern","Odd Mushroom","Mercury Hourglass"],"potions_floor_usage":[12,16],"damage_taken":[{"damage":1.0,"enemies":"Cultist","floor":1.0,"turns":4.0},{"damage":7.0,"enemies":"2 Louse","floor":2.0,"turns":2.0},{"damage":7.0,"enemies":"Small Slimes","floor":3.0,"turns":3.0},{"damage":18.0,"enemies":"Blue Slaver","floor":5.0,"turns":5.0},{"damage":13,"enemies":"The Mushroom Lair","floor":10,"turns":4},{"damage":22,"enemies":"Lagavulin","floor":12,"turns":7},{"damage":3,"enemies":"Large Slime","floor":14,"turns":4},{"damage":73,"enemies":"Slime Boss","floor":16,"turns":8}],"seed_played":"1969256675970386943","potions_obtained":[{"floor":1.0,"key":"SmokeBomb"},{"floor":3.0,"key":"PowerPotion"},{"floor":14,"key":"Regen Potion"}],"is_trial":false,"path_per_floor":["?","?","?","?"],"character_chosen":"THE_SILENT","items_purchased":[],"campfire_rested":3,"item_purchase_floors":[],"current_hp_per_floor":[58,51,44,44,26,44,44,44,44,31,31,9,27,24,42,0],"gold":261,"neow_bonus":"ONE_RANDOM_RARE_CARD","is_prod":false,"is_daily":false,"chose_seed":false,"campfire_upgraded":1,"win_rate":0,"timestamp":1548266780,"path_taken":["M","M","M","?","M","R","?","R","T","?","?","E","R","M","R","BOSS"],"build_version":"2019-01-23","purchased_purges":0,"victory":false,"max_hp_per_floor":[66,66,66,60,60,60,60,60,60,60,60,60,60,60,60,60],"card_choices":[{"not_picked":["Sucker Punch","Dodge and Roll"],"picked":"All Out Attack","floor":1.0},{"not_picked":["Eviscerate","Backflip"],"picked":"Deadly Poison","floor":2.0},{"not_picked":["Underhanded Strike","Dagger Throw"],"picked":"PiercingWail","floor":3.0},{"not_picked":["Deadly Poison","Deflect"],"picked":"Leg Sweep","floor":5.0},{"not_picked":["Calculated Gamble","Outmaneuver"],"picked":"Dash","floor":10},{"not_picked":["Blade Dance","Expertise"],"picked":"Dagger Spray","floor":12},{"not_picked":["Venomology","Prepared"],"picked":"Poisoned Stab","floor":14}],"player_experience":1727234,"relics_obtained":[{"floor":9.0,"key":"Lantern"},{"floor":10,"key":"Odd Mushroom"},{"floor":12,"key":"Mercury Hourglass"}],"event_choices":[{"damage_healed":0.0,"max_hp_gain":0.0,"max_hp_loss":6.0,"gold_gain":0.0,"event_name":"Golden Idol","player_choice":"Lose Max HP","floor":4.0,"gold_loss":0.0,"damage_taken":0.0,"relics_obtained":["Golden Idol"]},{"damage_healed":0.0,"max_hp_gain":0.0,"max_hp_loss":0.0,"gold_gain":0.0,"event_name":"Living Wall","player_choice":"Grow","floor":7.0,"gold_loss":0.0,"damage_taken":0.0,"cards_upgraded":["Deadly Poison"]},{"damage_healed":0,"gold_gain":0,"player_choice":"Fought Mushrooms","damage_taken":0,"max_hp_gain":0,"max_hp_loss":0,"event_name":"Mushrooms","floor":10,"gold_loss":0},{"damage_healed":0,"gold_gain":0,"player_choice":"Fled","damage_taken":0,"max_hp_gain":0,"max_hp_loss":0,"event_name":"Scrap Ooze","floor":11,"gold_loss":0}],"is_beta":false,"boss_relics":[],"items_purged_floors":[],"is_endless":false,"potions_floor_spawned":[1,3,14],"killed_by":"Slime Boss","ascension_level":19}