{"gold_per_floor":[111,111,111,36,36,36,54,54,54,54,74,35,52,67,67,167,167,186,186,197,209,222,222,237,237,237,248,248,260,260,290,290,385,385,396,396,21,32,32,32,42,52,78,90,90],"floor_reached":45,"playtime":4096,"items_purged":["Regret"],"score":429,"play_id":"556d33e7-64f1-4916-b54c-b191cefb7587","local_time":"20190102213231","is_ascension_mode":false,"campfire_choices":[{"data":"Neutralize","floor":6,"key":"SMITH"},{"data":"Backflip","floor":8,"key":"SMITH"},{"data":"Strike_G","floor":10,"key":"SMITH"},{"data":"Crippling Poison","floor":15,"key":"SMITH"},{"data":"Poisoned Stab","floor":23,"key":"SMITH"},{"data":"Sucker Punch","floor":25,"key":"SMITH"},{"data":"Leg Sweep","floor":30,"key":"SMITH"},{"floor":32,"key":"REST"},{"data":"Deadly Poison","floor":40,"key":"SMITH"}],"neow_cost":"NONE","seed_source_timestamp":1298262352699049,"circlet_count":0,"master_deck":["Defend_G","Defend_G","Defend_G","Defend_G","Defend_G","Strike_G","Strike_G","Strike_G","Strike_G","Strike_G+1","Survivor","Neutralize+1","Noxious Fumes+1","Backflip+1","Deadly Poison+1","Crippling Poison+1","Poisoned Stab+1","Die Die Die+1","Heel Hook+1","Quick Slash","Sucker Punch+1","Flying Knee","Poisoned Stab+1","Leg Sweep+1","Bullet Time","Sucker Punch","Glass Knife","Deadly Poison+1","Noxious Fumes","Dagger Spray+1","Parasite","Slice+1","Deflect","Bouncing Flask+1"],"relics":["Ring of the Snake","Incense Burner","Pantograph","Velvet Choker","Vajra","Girya","Busted Crown","Bag of Marbles","PreservedInsect"],"potions_floor_usage":[20,31,33,44,45,45],"damage_taken":[{"damage":0,"enemies":"Small Slimes","floor":1,"turns":4},{"damage":0,"enemies":"2 Louse","floor":7,"turns":4},{"damage":3,"enemies":"Jaw Worm","floor":11,"turns":3},{"damage":10,"enemies":"3 Louse","floor":13,"turns":5},{"damage":10,"enemies":"Exordium Thugs","floor":14,"turns":5},{"damage":42,"enemies":"The Guardian","floor":16,"turns":9},{"damage":2,"enemies":"Shell Parasite","floor":18,"turns":5},{"damage":15,"enemies":"Chosen","floor":20,"turns":4},{"damage":0,"enemies":"Centurion and Healer","floor":21,"turns":5},{"damage":11,"enemies":"Shelled Parasite and Fungi","floor":22,"turns":5},{"damage":0,"enemies":"Cultist and Chosen","floor":24,"turns":4},{"damage":6,"enemies":"Chosen and Byrds","floor":27,"turns":4},{"damage":11,"enemies":"Centurion and Healer","floor":29,"turns":5},{"damage":17,"enemies":"Gremlin Leader","floor":31,"turns":5},{"damage":52,"enemies":"Champ","floor":33,"turns":10},{"damage":17,"enemies":"3 Darklings","floor":35,"turns":5},{"damage":2,"enemies":"Orb Walker","floor":38,"turns":2},{"damage":5,"enemies":"Writhing Mass","floor":41,"turns":5},{"damage":41,"enemies":"Spire Growth","floor":42,"turns":4},{"damage":2,"enemies":"Jaw Worm Horde","floor":44,"turns":3},{"damage":36,"enemies":"Giant Head","floor":45,"turns":6}],"seed_played":"7257667112311844599","potions_obtained":[{"floor":13,"key":"SteroidPotion"},{"floor":14,"key":"Explosive Potion"},{"floor":16,"key":"LiquidBronze"},{"floor":19,"key":"Poison Potion"},{"floor":20,"key":"SkillPotion"},{"floor":33,"key":"Poison Potion"},{"floor":38,"key":"Regen Potion"}],"is_trial":false,"path_per_floor":["M","?","?","$","?","R","M","R","T","R","M","?","M","M","R","B",null,"M","?","M","M","M","R","M","R","T","M","?","M","R","E","R","B",null,"M","?","$","M","?","R","M","M","T","M","E"],"character_chosen":"THE_SILENT","items_purchased":["Bag of Marbles","Noxious Fumes","PreservedInsect"],"campfire_rested":1,"item_purchase_floors":[37,37,37],"current_hp_per_floor":[77,77,77,77,77,77,77,77,77,77,74,74,64,54,54,35,77,75,75,60,60,49,49,49,49,49,43,43,32,32,15,38,11,77,60,60,60,58,58,58,53,12,12,22,0],"gold":90,"neow_bonus":"TEN_PERCENT_HP_BONUS","is_prod":false,"is_daily":false,"chose_seed":false,"campfire_upgraded":8,"win_rate":0,"timestamp":1546482751,"path_taken":["M","?","?","$","?","R","M","R","T","R","?","?","M","M","R","BOSS","M","?","?","M","M","R","M","R","T","?","?","M","R","E","R","BOSS","M","?","$","M","?","R","M","?","T","M","E"],"build_version":"2018-12-20","purchased_purges":1,"victory":false,"max_hp_per_floor":[77,77,77,77,77,77,77,77,77,77,77,77,77,77,77,77,77,77,77,77,77,77,77,77,77,77,77,77,77,77,77,77,77,77,77,77,77,77,77,77,77,77,77,77,77],"card_choices":[{"not_picked":["Quick Slash","Slice"],"picked":"Noxious Fumes","floor":1},{"not_picked":["Calculated Gamble","Cloak And Dagger"],"picked":"Backflip","floor":7},{"not_picked":["Concentrate","Backflip"],"picked":"Deadly Poison","floor":11},{"not_picked":["Predator","Dagger Spray"],"picked":"Crippling Poison","floor":13},{"not_picked":["Choke","Terror"],"picked":"Poisoned Stab","floor":14},{"not_picked":["Tools of the Trade","Burst"],"picked":"Die Die Die","floor":16},{"not_picked":["Outmaneuver","Riddle With Holes"],"picked":"Heel Hook+1","floor":18},{"not_picked":["Deadly Poison","Expertise"],"picked":"Quick Slash","floor":20},{"not_picked":["Prepared","Dagger Throw"],"picked":"Sucker Punch","floor":21},{"not_picked":["Dagger Throw+1","Acrobatics"],"picked":"Flying Knee","floor":22},{"not_picked":["Caltrops","Sucker Punch"],"picked":"Poisoned Stab+1","floor":24},{"not_picked":["Blade Dance","Reflex"],"picked":"Leg Sweep","floor":27},{"not_picked":["Leg Sweep","Riddle With Holes"],"picked":"Bullet Time","floor":29},{"not_picked":["Choke","Quick Slash"],"picked":"Sucker Punch","floor":31},{"not_picked":["Envenom","Bullet Time"],"picked":"Glass Knife","floor":33},{"not_picked":[],"picked":"Deadly Poison+1","floor":35},{"not_picked":[],"picked":"Dagger Spray+1","floor":38},{"not_picked":[],"picked":"Slice+1","floor":41},{"not_picked":[],"picked":"Deflect","floor":42},{"not_picked":[],"picked":"Bouncing Flask+1","floor":44}],"player_experience":317934,"relics_obtained":[{"floor":9,"key":"Pantograph"},{"floor":26,"key":"Vajra"},{"floor":31,"key":"Girya"}],"event_choices":[{"damage_healed":0,"gold_gain":0,"player_choice":"Grow","damage_taken":0,"max_hp_gain":0,"max_hp_loss":0,"event_name":"Living Wall","floor":2,"gold_loss":0,"cards_upgraded":["Noxious Fumes"]},{"damage_healed":0,"gold_gain":0,"player_choice":"Box","damage_taken":0,"relics_obtained":["Incense Burner"],"max_hp_gain":0,"max_hp_loss":0,"event_name":"Big Fish","floor":3,"gold_loss":0,"cards_obtained":["Regret"]},{"damage_healed":0,"gold_gain":0,"player_choice":"Ignored","damage_taken":0,"max_hp_gain":0,"max_hp_loss":0,"event_name":"Liars Game","floor":5,"gold_loss":0},{"damage_healed":0,"gold_gain":0,"player_choice":"Left Gold","damage_taken":0,"max_hp_gain":0,"max_hp_loss":0,"event_name":"World of Goop","floor":12,"gold_loss":39},{"damage_healed":0,"gold_gain":0,"player_choice":"Got Potions","damage_taken":0,"max_hp_gain":0,"max_hp_loss":0,"event_name":"Lab","floor":19,"gold_loss":0},{"damage_healed":0,"gold_gain":0,"player_choice":"Ignored","damage_taken":0,"max_hp_gain":0,"max_hp_loss":0,"event_name":"Vampires","floor":28,"gold_loss":0},{"damage_healed":0,"gold_gain":0,"player_choice":"Ignored","damage_taken":0,"max_hp_gain":0,"max_hp_loss":0,"event_name":"Tomb of Lord Red Mask","floor":36,"gold_loss":0},{"damage_healed":0,"gold_gain":0,"player_choice":"Upgraded","damage_taken":0,"max_hp_gain":0,"max_hp_loss":0,"event_name":"Upgrade Shrine","floor":39,"gold_loss":0,"cards_upgraded":["Die Die Die"]}],"is_beta":false,"boss_relics":[{"not_picked":["Ectoplasm","Cursed Key"],"picked":"Velvet Choker"},{"not_picked":["Philosopher\u0027s Stone","Lizard Tail"],"picked":"Busted Crown"}],"items_purged_floors":[4],"is_endless":false,"potions_floor_spawned":[13,14,16,20,21,22,33,38,42],"killed_by":"Giant Head","ascension_level":0}