{"gold_per_floor":[109,125,300,313,263,288,304,317,317,317,317,352,352,366,366,461,461,480,495,495],"floor_reached":20,"playtime":887,"items_purged":[],"score":260,"play_id":"50e76a19-9e36-4535-a447-b34abb3e68bf","local_time":"20190101170338","is_ascension_mode":true,"campfire_choices":[{"floor":13,"key":"REST"},{"data":"Hemokinesis","floor":15,"key":"SMITH"}],"neow_cost":"NONE","seed_source_timestamp":988564599869839,"circlet_count":0,"master_deck":["Strike_R","Strike_R","Strike_R+1","Strike_R","Defend_R","Defend_R","Defend_R","Defend_R","Bash","Rampage+1","Demon Form","Headbutt","Hemokinesis+1","Anger","Flame Barrier","Dropkick","Shrug It Off","Fiend Fire","Thunderclap+1","Pummel"],"relics":["Black Blood","NeowsBlessing","Gremlin Horn","Bag of Marbles","GremlinMask","Whetstone"],"potions_floor_usage":[6,8,16,16,16],"damage_taken":[{"damage":0,"enemies":"Cultist","floor":1,"turns":1},{"damage":0,"enemies":"2 Louse","floor":2,"turns":1},{"damage":0,"enemies":"Jaw Worm","floor":4,"turns":1},{"damage":20,"enemies":"Lagavulin","floor":6,"turns":5},{"damage":3,"enemies":"Large Slime","floor":7,"turns":4},{"damage":29,"enemies":"Lots of Slimes","floor":8,"turns":2},{"damage":22,"enemies":"Gremlin Nob","floor":12,"turns":4},{"damage":18,"enemies":"Gremlin Gang","floor":14,"turns":5},{"damage":10,"enemies":"The Guardian","floor":16,"turns":7},{"damage":16,"enemies":"Chosen","floor":18,"turns":4},{"damage":22,"enemies":"Shell Parasite","floor":19,"turns":6},{"damage":57,"enemies":"3 Cultists","floor":20,"turns":5}],"seed_played":"5319727493993458394","potions_obtained":[{"floor":1,"key":"LiquidBronze"},{"floor":2,"key":"Energy Potion"},{"floor":7,"key":"FearPotion"},{"floor":8,"key":"Poison Potion"},{"floor":14,"key":"Block Potion"}],"is_trial":false,"path_per_floor":["M","M","?","M","?","E","M","M","T","?","?","E","R","M","R","B",null,"M","M","M"],"character_chosen":"IRONCLAD","items_purchased":[],"campfire_rested":1,"item_purchase_floors":[],"current_hp_per_floor":[78,80,80,80,80,66,69,46,46,39,39,23,47,35,35,31,68,62,50,0],"gold":495,"neow_bonus":"THREE_ENEMY_KILL","is_prod":false,"is_daily":false,"chose_seed":false,"campfire_upgraded":1,"win_rate":0,"timestamp":1546383818,"path_taken":["M","?","?","M","?","E","M","M","T","?","?","E","R","M","R","BOSS","M","?","?"],"build_version":"2018-12-20","purchased_purges":0,"victory":false,"max_hp_per_floor":[80,80,80,80,80,80,80,80,80,80,80,80,80,80,80,80,80,80,80,80],"card_choices":[{"not_picked":["Reckless Charge","Wild Strike"],"picked":"Rampage","floor":1},{"not_picked":["Sword Boomerang","Iron Wave"],"picked":"Demon Form","floor":2},{"not_picked":["Thunderclap","Carnage"],"picked":"Headbutt","floor":4},{"not_picked":["Clothesline","Carnage"],"picked":"Hemokinesis","floor":6},{"not_picked":["Pommel Strike","Flex"],"picked":"Anger","floor":7},{"not_picked":["Pommel Strike","Thunderclap"],"picked":"Flame Barrier","floor":8},{"not_picked":["Evolve","Clothesline"],"picked":"Dropkick","floor":12},{"not_picked":["Pommel Strike","True Grit"],"picked":"Shrug It Off","floor":14},{"not_picked":["Offering","Double Tap"],"picked":"Fiend Fire","floor":16},{"not_picked":["Iron Wave","Evolve+1"],"picked":"Thunderclap+1","floor":18},{"not_picked":["Intimidate","Disarm"],"picked":"Pummel","floor":19}],"player_experience":362173,"relics_obtained":[{"floor":6,"key":"Gremlin Horn"},{"floor":9,"key":"Bag of Marbles"},{"floor":12,"key":"Whetstone"}],"event_choices":[{"damage_healed":0,"gold_gain":175,"player_choice":"AGREE","damage_taken":0,"max_hp_gain":0,"max_hp_loss":0,"event_name":"Liars Game","floor":3,"gold_loss":0,"cards_obtained":["Doubt"]},{"cards_removed":["Doubt"],"damage_healed":0,"gold_gain":0,"player_choice":"Card Removal","damage_taken":0,"max_hp_gain":0,"max_hp_loss":0,"event_name":"The Cleric","floor":5,"gold_loss":50},{"cards_removed":["Strike_R"],"damage_healed":0,"gold_gain":0,"player_choice":"Card Removal","damage_taken":7,"max_hp_gain":0,"max_hp_loss":0,"event_name":"Golden Wing","floor":10,"gold_loss":0},{"damage_healed":0,"gold_gain":0,"player_choice":"Trade","damage_taken":0,"relics_obtained":["GremlinMask"],"max_hp_gain":0,"max_hp_loss":0,"event_name":"FaceTrader","floor":11,"gold_loss":0}],"is_beta":false,"boss_relics":[{"not_picked":["Ectoplasm","Lizard Tail"],"picked":"Black Blood"}],"items_purged_floors":[],"is_endless":false,"potions_floor_spawned":[1,2,7,8,14],"killed_by":"3 Cultists","ascension_level":8}