{"gold_per_floor":[115,115,115,115,138,163,163,198,225,238,117,117,117,155,155,278,278,302,316,244,244,7,7,20,34,61,61,61,61,186,217,217,337,400,414,539,539,141,164,164,39,39,39,60,101,116,143,179,179,179,179,179,6,39,39],"floor_reached":56,"playtime":2816,"items_purged":["Strike_B","Strike_B+1","Strike_B+1"],"score":1352,"play_id":"7f918c8c-1618-4c0a-b234-976002ba4df4","local_time":"20190202093224","is_ascension_mode":true,"campfire_choices":[{"floor":7,"key":"REST"},{"data":"Coolheaded","floor":12,"key":"SMITH"},{"floor":15,"key":"REST"},{"data":"Machine Learning","floor":23,"key":"SMITH"},{"floor":27,"key":"RECALL"},{"data":"Defragment","floor":29,"key":"SMITH"},{"data":"Capacitor","floor":32,"key":"SMITH"},{"data":"Storm","floor":40,"key":"SMITH"},{"data":"White Noise","floor":42,"key":"SMITH"},{"data":"Defragment","floor":49,"key":"SMITH"},{"data":"FTL","floor":52,"key":"SMITH"}],"neow_cost":"NONE","seed_source_timestamp":372322540331592,"circlet_count":0,"master_deck":["Defend_B","Defend_B","Defend_B","Defend_B","Zap+1","Dualcast+1","Machine Learning+1","White Noise+1","Gash","Gash","Cold Snap","Coolheaded+1","All For One","Scrape+1","Capacitor+1","Gash+1","Go for the Eyes+1","Defragment+1","Gash","FTL+1","Storm+1","Force Field+1","Beam Cell+1","Defragment+1","Panache","Loop"],"relics":["FrozenCore","Golden Idol","Whetstone","Regal Pillow","Ornamental Fan","Runic Capacitor","Orichalcum","Nunchaku","Dodecahedron","Pear","Tiny House","Bird Faced Urn","Bronze Scales","Vajra","Sundial","Dream Catcher","Molten Egg 2","Ice Cream"],"potions_floor_usage":[8,30,30,31,44,55],"damage_taken":[{"damage":1,"enemies":"Cultist","floor":1,"turns":3},{"damage":3,"enemies":"Jaw Worm","floor":5,"turns":3},{"damage":2,"enemies":"2 Louse","floor":6,"turns":3},{"damage":26,"enemies":"Gremlin Nob","floor":8,"turns":4},{"damage":8,"enemies":"Red Slaver","floor":10,"turns":3},{"damage":4,"enemies":"Lagavulin","floor":14,"turns":6},{"damage":11,"enemies":"Slime Boss","floor":16,"turns":7},{"damage":6,"enemies":"3 Byrds","floor":18,"turns":5},{"damage":4,"enemies":"2 Thieves","floor":19,"turns":4},{"damage":2,"enemies":"3 Cultists","floor":24,"turns":6},{"damage":6,"enemies":"Snake Plant","floor":25,"turns":4},{"damage":8,"enemies":"Colosseum Slavers","floor":30,"turns":4},{"damage":0,"enemies":"Colosseum Nobs","floor":30,"turns":4},{"damage":17,"enemies":"Gremlin Leader","floor":31,"turns":5},{"damage":4,"enemies":"Champ","floor":33,"turns":8},{"damage":10,"enemies":"3 Shapes","floor":35,"turns":6},{"damage":3,"enemies":"Mind Bloom Boss Battle","floor":36,"turns":6},{"damage":7,"enemies":"3 Darklings","floor":39,"turns":4},{"damage":9,"enemies":"Jaw Worm Horde","floor":44,"turns":4},{"damage":0,"enemies":"Giant Head","floor":45,"turns":6},{"damage":0,"enemies":"Sphere and 2 Shapes","floor":46,"turns":4},{"damage":0,"enemies":"Nemesis","floor":48,"turns":5},{"damage":33,"enemies":"Time Eater","floor":50,"turns":10},{"damage":45,"enemies":"Shield and Spear","floor":54,"turns":4},{"damage":67,"enemies":"The Heart","floor":55,"turns":9}],"seed_played":"-7770311059131034220","potions_obtained":[{"floor":5,"key":"Weak Potion"},{"floor":14,"key":"LiquidBronze"},{"floor":16,"key":"SkillPotion"},{"floor":18,"key":"Strength Potion"},{"floor":21,"key":"FocusPotion"},{"floor":21,"key":"Energy Potion"},{"floor":33,"key":"EssenceOfSteel"},{"floor":34,"key":"Ancient Potion"},{"floor":35,"key":"SteroidPotion"},{"floor":45,"key":"FearPotion"}],"is_trial":false,"path_per_floor":["M","?","?","?","M","M","R","E","T","M","$","R","?","E","R","B",null,"M","M","$","?","$","R","M","M","T","R","$","R","?","E","R","B",null,"M","?","?","$","M","R","$","R","T","M","E","M","T","E","R","B",null,"R","$","E","B",null],"character_chosen":"DEFECT","items_purchased":["Coolheaded","Capacitor","Gash","Runic Capacitor","Bronze Scales","Vajra","Panache"],"campfire_rested":2,"item_purchase_floors":[11,20,22,22,38,38,53],"current_hp_per_floor":[74,59,41,41,38,36,58,32,32,24,24,24,24,20,57,46,75,69,65,65,65,65,65,63,57,57,57,57,57,49,42,42,38,90,80,77,77,77,78,78,78,78,78,77,87,90,90,90,90,65,90,90,90,53,2],"gold":39,"neow_bonus":"ONE_RANDOM_RARE_CARD","is_prod":false,"is_daily":false,"chose_seed":false,"campfire_upgraded":8,"win_rate":0,"timestamp":1549060344,"path_taken":["M","?","?","?","M","M","R","E","T","?","$","R","?","E","R","BOSS","M","M","?","?","$","R","?","M","T","R","$","R","?","E","R","BOSS","M","?","?","$","M","R","$","R","T","M","E","M","?","E","R","BOSS","R","$","E","BOSS"],"build_version":"2019-01-23","purchased_purges":3,"victory":true,"max_hp_per_floor":[75,75,75,75,75,75,75,75,75,75,75,75,75,75,75,75,75,75,75,75,75,75,75,75,75,75,75,75,75,75,85,85,85,90,90,90,90,90,90,90,90,90,90,90,90,90,90,90,90,90,90,90,90,90,90],"card_choices":[{"not_picked":["Barrage","Turbo"],"picked":"White Noise","floor":1},{"not_picked":["Compile Driver","Hello World"],"picked":"Gash","floor":5},{"not_picked":["Turbo","Rebound"],"picked":"Gash","floor":6},{"not_picked":["Compile Driver","Hello World","Streamline"],"picked":"SKIP","floor":8},{"not_picked":["Recycle","Steam Power"],"picked":"Cold Snap","floor":10},{"not_picked":["Conserve Battery","Coolheaded","Reinforced Body"],"picked":"SKIP","floor":14},{"not_picked":["Fission","Reboot"],"picked":"All For One","floor":16},{"not_picked":["Chaos+1","Consume"],"picked":"Scrape+1","floor":18},{"not_picked":["Cold Snap","Turbo","Recycle"],"picked":"SKIP","floor":19},{"not_picked":["Compile Driver","Ball Lightning"],"picked":"Go for the Eyes+1","floor":24},{"not_picked":["Force Field","Redo"],"picked":"Defragment","floor":25},{"not_picked":["Doom and Gloom","Redo"],"picked":"Gash","floor":30},{"not_picked":["Hologram","Compile Driver","Conserve Battery"],"picked":"SKIP","floor":31},{"not_picked":["Recycle","Genetic Algorithm"],"picked":"FTL","floor":34},{"not_picked":["Go for the Eyes","Turbo+1","Streamline+1"],"picked":"SKIP","floor":35},{"not_picked":["Darkness+1","Doom and Gloom+1"],"picked":"Storm","floor":36},{"not_picked":["Fusion+1","Sweeping Beam+1"],"picked":"Force Field+1","floor":39},{"not_picked":["Stack+1","Steam","Darkness+1"],"picked":"SKIP","floor":44},{"not_picked":["Go for the Eyes","Capacitor+1"],"picked":"Beam Cell+1","floor":45},{"not_picked":["Streamline+1","Gash"],"picked":"Defragment","floor":46},{"not_picked":["Ball Lightning","Turbo","Hello World+1"],"picked":"SKIP","floor":48},{"not_picked":["Turbo","Leap+1"],"picked":"Loop","floor":54}],"player_experience":1196952,"relics_obtained":[{"floor":8,"key":"Whetstone"},{"floor":9,"key":"Regal Pillow"},{"floor":14,"key":"Ornamental Fan"},{"floor":26,"key":"Orichalcum"},{"floor":30,"key":"Nunchaku"},{"floor":30,"key":"Dodecahedron"},{"floor":31,"key":"Pear"},{"floor":36,"key":"Bird Faced Urn"},{"floor":45,"key":"Sundial"},{"floor":47,"key":"Dream Catcher"},{"floor":48,"key":"Molten Egg 2"},{"floor":54,"key":"Ice Cream"}],"event_choices":[{"damage_healed":0,"gold_gain":0,"player_choice":"Entered Light","damage_taken":15,"max_hp_gain":0,"max_hp_loss":0,"event_name":"Shining Light","floor":2,"gold_loss":0,"cards_upgraded":["Dualcast","Strike_B"]},{"damage_healed":0,"gold_gain":0,"player_choice":"Take Damage","damage_taken":18,"relics_obtained":["Golden Idol"],"max_hp_gain":0,"max_hp_loss":0,"event_name":"Golden Idol","floor":3,"gold_loss":0},{"damage_healed":0,"gold_gain":0,"player_choice":"Forge","damage_taken":0,"max_hp_gain":0,"max_hp_loss":0,"event_name":"Accursed Blacksmith","floor":4,"gold_loss":0,"cards_upgraded":["Zap"]},{"cards_removed":["Strike_B"],"damage_healed":0,"gold_gain":0,"player_choice":"Purged","damage_taken":0,"max_hp_gain":0,"max_hp_loss":0,"event_name":"Purifier","floor":13,"gold_loss":0},{"damage_healed":0,"gold_gain":0,"player_choice":"Got Potions","damage_taken":0,"max_hp_gain":0,"max_hp_loss":0,"event_name":"Lab","floor":21,"gold_loss":0},{"damage_healed":0,"gold_gain":0,"player_choice":"Fight","damage_taken":0,"max_hp_gain":0,"max_hp_loss":0,"event_name":"Colosseum","floor":30,"gold_loss":0},{"damage_healed":0,"gold_gain":0,"player_choice":"Fought Nobs","damage_taken":0,"max_hp_gain":0,"max_hp_loss":0,"event_name":"Colosseum","floor":30,"gold_loss":0},{"damage_healed":0,"gold_gain":0,"player_choice":"Fight","damage_taken":0,"max_hp_gain":0,"max_hp_loss":0,"event_name":"MindBloom","floor":36,"gold_loss":0},{"damage_healed":0,"gold_gain":0,"player_choice":"Ignored","damage_taken":0,"max_hp_gain":0,"max_hp_loss":0,"event_name":"Tomb of Lord Red Mask","floor":37,"gold_loss":0}],"is_beta":true,"boss_relics":[{"not_picked":["Fusion Hammer","Calling Bell"],"picked":"FrozenCore"},{"not_picked":["Cursed Key","Lizard Tail"],"picked":"Tiny House"}],"items_purged_floors":[11,38,41],"is_endless":false,"potions_floor_spawned":[5,14,16,18,19,24,33,35,36,45,48],"ascension_level":1}