{"path_per_floor":["M","?","?","?","$","E","M","E","T","M"],"character_chosen":"DEFECT","items_purchased":["Defragment"],"gold_per_floor":[117,192,192,192,159,186,202,230,257,275,275],"floor_reached":11,"campfire_rested":0,"playtime":385,"item_purchase_floors":[5],"current_hp_per_floor":[75,64,64,49,49,26,20,6,6,6,0],"items_purged":[],"gold":275,"score":81,"play_id":"86a3dbd5-be07-41e6-8879-7116f5a4137e","local_time":"20180601211639","is_prod":false,"is_daily":false,"chose_seed":false,"is_ascension_mode":false,"campfire_upgraded":0,"win_rate":0.0,"timestamp":1527905799,"campfire_choices":[],"path_taken":["M","?","?","?","$","E","M","E","T","M","?"],"build_version":"2018-05-31","seed_source_timestamp":1214108974446566,"purchased_purges":0,"victory":false,"master_deck":["Strike_B","Strike_B","Strike_B","Strike_B","Defend_B","Defend_B","Defend_B","Defend_B+1","Zap","Dualcast","Amplify+1","Barrage","Defragment","Streamline","Force Field","Biased Cognition","White Noise"],"max_hp_per_floor":[75,75,75,75,75,75,75,75,75,75,80],"relics":["Cracked Core","Bronze Scales","Centennial Puzzle","Potion Belt"],"card_choices":[{"not_picked":["Reboot","Seek"],"picked":"Amplify","floor":0},{"not_picked":["Auto Shields","Redo"],"picked":"Barrage","floor":1},{"not_picked":["Aggregate","Lockon"],"picked":"Streamline","floor":6},{"not_picked":["FTL","Tempest"],"picked":"Force Field","floor":7},{"not_picked":["Blizzard","Fission"],"picked":"Biased Cognition","floor":8},{"not_picked":["Gash","Steam"],"picked":"White Noise","floor":10}],"player_experience":211189,"potions_floor_usage":[8,11],"damage_taken":[{"damage":0,"enemies":"Cultist","floor":1,"turns":3},{"damage":23,"enemies":"Lagavulin","floor":6,"turns":7},{"damage":6,"enemies":"Jaw Worm","floor":7,"turns":3},{"damage":14,"enemies":"Gremlin Nob","floor":8,"turns":4},{"damage":0,"enemies":"2 Louse","floor":10,"turns":3},{"damage":12,"enemies":"2 Fungi Beasts","floor":11,"turns":1}],"relics_obtained":[{"floor":6,"key":"Bronze Scales"},{"floor":8,"key":"Centennial Puzzle"},{"floor":9,"key":"Potion Belt"}],"event_choices":[{"event_name":"World of Goop","player_choice":"Gather Gold","floor":2,"damage_taken":0},{"event_name":"Purifier","player_choice":"One Purge","floor":3,"damage_taken":0},{"event_name":"Shining Light","player_choice":"Entered Light","floor":4,"damage_taken":0}],"boss_relics":[],"items_purged_floors":[],"potions_floor_spawned":[7,10],"seed_played":"-1174788519345051669","killed_by":"2 Fungi Beasts","ascension_level":0,"potions_obtained":[{"floor":7,"key":"GamblersBrew"},{"floor":10,"key":"Fruit Juice"}],"is_trial":false}