{"gold_per_floor":[113,131,145,145,44,75,75,85,85,120,182,182,217,17,17,113,163,178,178,178,188,188,188,200,200,200,226,243,262,127,127,127,225,225,241,259,134,134,100,100,126,126,153,153,164,179,179,54,54,54],"floor_reached":51,"playtime":9231,"items_purged":["Regret","Strike_B","Defend_B"],"score":736,"play_id":"350fb106-0b87-413b-a5b0-3304d295969c","local_time":"20190207224312","is_ascension_mode":false,"campfire_choices":[{"floor":7.0,"key":"REST"},{"floor":12.0,"key":"REST"},{"floor":15.0,"key":"REST"},{"data":"Ghostly","floor":23.0,"key":"SMITH"},{"data":"Ghostly","floor":25.0,"key":"SMITH"},{"data":"Storm","floor":32.0,"key":"SMITH"},{"data":"Defragment","floor":40,"key":"SMITH"},{"data":"Chrysalis","floor":42,"key":"SMITH"},{"data":"Reboot","floor":44,"key":"SMITH"},{"data":"Buffer","floor":49,"key":"SMITH"}],"neow_cost":"NONE","seed_source_timestamp":0,"circlet_count":0,"master_deck":["Strike_B","Strike_B","Strike_B","Defend_B","Defend_B","Zap","Dualcast","Redo","BootSequence","Reinforced Body","Ball Lightning","Storm+1","Coolheaded","Capacitor","Heatsinks","Beam Cell","Electrodynamics","Defragment+1","Ball Lightning","Sweeping Beam+1","Ghostly+1","Ghostly+1","Ghostly","Ghostly","Ghostly","Genetic Algorithm","Compile Driver","Buffer+1","Amplify","Self Repair","Reboot+1","Chrysalis+1","Melter","Amplify","BootSequence+1","Chaos","Compile Driver"],"special_seed":0,"relics":["Cracked Core","Letter Opener","Sundial","Gremlin Horn","Pen Nib","Regal Pillow","Thread and Needle","MealTicket","Ornamental Fan","Nloth\u0027s Gift","Bottled Lightning","Dream Catcher","Runic Pyramid","Question Card","Bronze Scales"],"potions_floor_usage":[46,46,50,50],"damage_taken":[{"damage":5.0,"enemies":"Small Slimes","floor":1.0,"turns":3.0},{"damage":1.0,"enemies":"2 Louse","floor":2.0,"turns":3.0},{"damage":0.0,"enemies":"Jaw Worm","floor":3.0,"turns":2.0},{"damage":23.0,"enemies":"Lagavulin","floor":6.0,"turns":6.0},{"damage":0.0,"enemies":"Red Slaver","floor":8.0,"turns":4.0},{"damage":11.0,"enemies":"3 Sentries","floor":10.0,"turns":5.0},{"damage":27.0,"enemies":"Lagavulin Event","floor":11.0,"turns":6.0},{"damage":26.0,"enemies":"Lagavulin","floor":13.0,"turns":5.0},{"damage":10.0,"enemies":"Slime Boss","floor":16.0,"turns":8.0},{"damage":26.0,"enemies":"Shell Parasite","floor":18.0,"turns":7.0},{"damage":19.0,"enemies":"2 Thieves","floor":21.0,"turns":3.0},{"damage":0.0,"enemies":"Snake Plant","floor":24.0,"turns":4.0},{"damage":7.0,"enemies":"Book of Stabbing","floor":27.0,"turns":7.0},{"damage":4.0,"enemies":"Centurion and Healer","floor":28.0,"turns":6.0},{"damage":3.0,"enemies":"Snecko","floor":29.0,"turns":6.0},{"damage":25.0,"enemies":"Collector","floor":33.0,"turns":9.0},{"damage":0,"enemies":"3 Darklings","floor":35,"turns":9},{"damage":0,"enemies":"Orb Walker","floor":36,"turns":6},{"damage":0,"enemies":"Nemesis","floor":41,"turns":8},{"damage":9,"enemies":"Spire Growth","floor":45,"turns":7},{"damage":1,"enemies":"Jaw Worm Horde","floor":46,"turns":6},{"damage":7,"enemies":"Time Eater","floor":50,"turns":13}],"seed_played":"-7160671187199045475","potions_obtained":[{"floor":2.0,"key":"Swift Potion"},{"floor":6.0,"key":"Block Potion"},{"floor":10.0,"key":"GamblersBrew"},{"floor":11.0,"key":"Explosive Potion"},{"floor":17.0,"key":"Regen Potion"},{"floor":27.0,"key":"FocusPotion"},{"floor":28.0,"key":"Poison Potion"},{"floor":33.0,"key":"Fire Potion"},{"floor":36,"key":"Fire Potion"},{"floor":46,"key":"Energy Potion"}],"is_trial":false,"path_per_floor":["M","M","M","?","$","E","R","M","T","E","?","R","E","$","R","B",null,"M","?","?","M","?","R","M","R","T","E","M","M","$","?","R","B",null,"M","M","$","?","$","R","E","R","T","R","M","M","?","$","R","B",null],"character_chosen":"DEFECT","items_purchased":["Ball Lightning","MealTicket","Self Repair","Melter","Strength Potion","Dexterity Potion","Compile Driver"],"campfire_rested":3,"item_purchase_floors":[5,14,30,39,48,48,48],"current_hp_per_floor":[77,76,76,76,76,53,77,77,77,66,39,78,52,52,82,72,87,61,61,61,42,42,42,42,42,42,35,40,37,43,43,43,18,43,43,43,43,43,43,43,43,43,43,43,41,40,40,43,43,43],"gold":54,"neow_bonus":"TEN_PERCENT_HP_BONUS","is_prod":false,"is_daily":false,"chose_seed":false,"campfire_upgraded":7,"win_rate":0.0,"timestamp":1549575792,"path_taken":["M","M","M","?","$","E","R","M","T","E","?","R","E","$","R","BOSS","M","?","?","?","?","R","M","R","T","E","M","M","$","?","R","BOSS","M","M","$","?","$","R","E","R","T","R","M","M","?","$","R","BOSS"],"build_version":"2019-01-23","purchased_purges":3,"victory":true,"max_hp_per_floor":[82,82,82,82,82,82,82,82,82,82,82,82,82,82,82,82,87,87,87,87,87,43,43,43,43,43,43,43,43,43,43,43,43,43,43,43,43,43,43,43,43,43,43,43,43,43,43,43,43,43],"card_choices":[{"not_picked":["Go for the Eyes","Sweeping Beam"],"picked":"Redo","floor":1.0},{"not_picked":["Go for the Eyes","Hologram"],"picked":"BootSequence","floor":2.0},{"not_picked":["Barrage","Streamline"],"picked":"Reinforced Body","floor":3.0},{"not_picked":["Doom and Gloom","Lockon"],"picked":"Storm","floor":6.0},{"not_picked":["Stack","Go for the Eyes"],"picked":"Coolheaded","floor":8.0},{"not_picked":["Ball Lightning","Go for the Eyes"],"picked":"Capacitor","floor":10.0},{"not_picked":["Go for the Eyes","Barrage"],"picked":"Heatsinks","floor":11.0},{"not_picked":["Hologram","Blizzard"],"picked":"Beam Cell","floor":13.0},{"not_picked":["Reboot","Creative AI"],"picked":"Electrodynamics","floor":16.0},{"not_picked":["Go for the Eyes","Redo"],"picked":"Defragment","floor":17.0},{"not_picked":["Cold Snap","Hologram"],"picked":"Ball Lightning","floor":18.0},{"not_picked":["Melter","Rip and Tear"],"picked":"Sweeping Beam+1","floor":21.0},{"not_picked":["Gash+1","Capacitor"],"picked":"Genetic Algorithm","floor":24.0},{"not_picked":["Gash","Ball Lightning"],"picked":"Compile Driver","floor":27.0},{"not_picked":["Beam Cell","Ball Lightning"],"picked":"Buffer","floor":28.0},{"not_picked":["Beam Cell","Barrage+1"],"picked":"Amplify","floor":29.0},{"not_picked":["Multi-Cast","Thunder Strike"],"picked":"Reboot","floor":33.0},{"not_picked":["Beam Cell","Coolheaded","Compile Driver"],"picked":"SKIP","floor":35},{"not_picked":["Sweeping Beam+1","Redo","Coolheaded+1"],"picked":"SKIP","floor":36},{"not_picked":["Magnetism","PanicButton"],"picked":"Chrysalis","floor":38},{"not_picked":["Scrape+1","Streamline+1"],"picked":"Amplify","floor":41},{"not_picked":["Cold Snap","Hologram","Glacier"],"picked":"BootSequence+1","floor":45},{"not_picked":["Redo","Beam Cell","Coolheaded"],"picked":"Chaos","floor":46}],"player_experience":17138,"relics_obtained":[{"floor":6.0,"key":"Sundial"},{"floor":9.0,"key":"Gremlin Horn"},{"floor":10.0,"key":"Pen Nib"},{"floor":11.0,"key":"Regal Pillow"},{"floor":13.0,"key":"Thread and Needle"},{"floor":26.0,"key":"Bottled Lightning"},{"floor":27.0,"key":"Dream Catcher"},{"floor":41,"key":"Question Card"},{"floor":43,"key":"Bronze Scales"}],"event_choices":[{"damage_healed":0.0,"max_hp_gain":0.0,"max_hp_loss":0.0,"gold_gain":0.0,"event_name":"Big Fish","player_choice":"Box","floor":4.0,"gold_loss":0.0,"damage_taken":0.0,"relics_obtained":["Letter Opener"],"cards_obtained":["Regret"]},{"damage_healed":0.0,"max_hp_gain":0.0,"max_hp_loss":0.0,"gold_gain":0.0,"event_name":"Dead Adventurer","player_choice":"Searched \u00271\u0027 times","floor":11.0,"gold_loss":0.0,"damage_taken":0.0},{"damage_healed":0.0,"max_hp_gain":0.0,"max_hp_loss":0.0,"gold_gain":0.0,"event_name":"The Mausoleum","player_choice":"Opened","floor":19.0,"gold_loss":0.0,"damage_taken":0.0,"relics_obtained":["Ornamental Fan"]},{"damage_healed":0.0,"max_hp_gain":0.0,"max_hp_loss":0.0,"gold_gain":0.0,"event_name":"N\u0027loth","player_choice":"Traded Relic","floor":20.0,"relics_lost":["Tiny House"],"gold_loss":0.0,"damage_taken":0.0,"relics_obtained":["Nloth\u0027s Gift"]},{"damage_healed":0.0,"max_hp_gain":0.0,"max_hp_loss":44.0,"gold_gain":0.0,"event_name":"Ghosts","player_choice":"Became a Ghost","floor":22.0,"gold_loss":0.0,"damage_taken":0.0,"cards_obtained":["Ghostly","Ghostly","Ghostly","Ghostly","Ghostly"]},{"damage_healed":0.0,"max_hp_gain":0.0,"max_hp_loss":0.0,"gold_gain":0.0,"event_name":"Vampires","player_choice":"Ignored","floor":31.0,"gold_loss":0.0,"damage_taken":0.0},{"damage_healed":0,"gold_gain":0,"player_choice":"Memory 1","damage_taken":0,"max_hp_gain":0,"max_hp_loss":0,"event_name":"SensoryStone","floor":38,"gold_loss":0},{"cards_removed":["Defend_B"],"damage_healed":0,"gold_gain":0,"player_choice":"Removed Skill","damage_taken":0,"max_hp_gain":0,"max_hp_loss":0,"event_name":"Falling","floor":47,"gold_loss":0}],"is_beta":false,"boss_relics":[{"not_picked":["Runic Dome","Sozu"],"picked":"Tiny House"},{"not_picked":["Cursed Key","Velvet Choker"],"picked":"Runic Pyramid"}],"items_purged_floors":[5,30,37],"is_endless":false,"potions_floor_spawned":[2,6,10,11,13,18,27,28,33,36,46],"ascension_level":0}