{"path_per_floor":["M","M","?","$","?","E","R","$","T","M","$","M","T","E","R","B",null,"M","?","?","M","M"],"character_chosen":"DEFECT","items_purchased":["Static Discharge","Multi-Cast"],"gold_per_floor":[214,224,174,31,31,59,59,59,59,77,1,21,70,105,105,200,200,214,248,248,267,282,282],"floor_reached":23,"campfire_rested":1,"playtime":834,"item_purchase_floors":[4,11],"current_hp_per_floor":[72,72,72,72,72,66,66,66,66,59,59,31,31,16,40,10,82,82,42,42,30,30,0],"items_purged":["Strike_B"],"gold":282,"score":199,"play_id":"03e73383-8fd6-4bcf-bf56-afa2a23f6ae1","local_time":"20180603211818","is_prod":false,"is_daily":false,"chose_seed":false,"is_ascension_mode":false,"campfire_upgraded":1,"win_rate":0.0,"timestamp":1528024698,"campfire_choices":[{"data":"Hello World","floor":7,"key":"SMITH"},{"floor":15,"key":"REST"}],"path_taken":["M","M","?","$","?","E","R","?","T","M","$","?","?","E","R","BOSS","M","?","?","?","M","E"],"build_version":"2018-05-31","seed_source_timestamp":33092747739184,"purchased_purges":1,"victory":false,"master_deck":["Defend_B+1","Defend_B","Zap","Dualcast","Fusion","White Noise","Static Discharge","Hello World+1","Redo+1","Multi-Cast","Thunder Strike","Glacier+1","Sweeping Beam+1","Self Repair+1","Static Discharge","Barrage","Chill","Static Discharge"],"max_hp_per_floor":[75,75,75,75,75,75,75,75,75,75,75,75,75,82,82,82,82,82,82,82,82,82,82],"relics":["Cracked Core","Bag of Preparation","Art of War","War Paint","Strawberry","Astrolabe","Red Mask"],"card_choices":[{"not_picked":["Go for the Eyes","Gash"],"picked":"Fusion","floor":1},{"not_picked":["Gash","Rebound"],"picked":"White Noise","floor":2},{"not_picked":["Leap","Conserve Battery"],"picked":"Hello World","floor":6},{"not_picked":["Beam Cell","Stack"],"picked":"Redo","floor":10},{"not_picked":["Stack","Gash","Aggregate"],"picked":"SKIP","floor":12},{"not_picked":["Gash","Skim","Coolheaded"],"picked":"SKIP","floor":14},{"not_picked":["Multi-Cast","Fission"],"picked":"Thunder Strike","floor":16},{"not_picked":["Rip and Tear","Barrage+1"],"picked":"Static Discharge","floor":18},{"not_picked":["Steam Power","Redo"],"picked":"Barrage","floor":19},{"not_picked":["Streamline","Go for the Eyes"],"picked":"Chill","floor":21},{"not_picked":["Rip and Tear","Rebound"],"picked":"Static Discharge","floor":22}],"player_experience":297212,"potions_floor_usage":[14,14,21,23,23,23],"damage_taken":[{"damage":3,"enemies":"Jaw Worm","floor":1,"turns":4},{"damage":0,"enemies":"Small Slimes","floor":2,"turns":3},{"damage":6,"enemies":"Lagavulin","floor":6,"turns":6},{"damage":7,"enemies":"2 Louse","floor":10,"turns":2},{"damage":28,"enemies":"Lots of Slimes","floor":12,"turns":3},{"damage":27,"enemies":"Gremlin Nob","floor":14,"turns":4},{"damage":30,"enemies":"Slime Boss","floor":16,"turns":10},{"damage":9,"enemies":"Shell Parasite","floor":18,"turns":5},{"damage":50,"enemies":"Masked Bandits","floor":19,"turns":4},{"damage":22,"enemies":"Chosen","floor":21,"turns":5},{"damage":10,"enemies":"Snake Plant","floor":22,"turns":6},{"damage":32,"enemies":"Gremlin Leader","floor":23,"turns":5}],"relics_obtained":[{"floor":6,"key":"Bag of Preparation"},{"floor":9,"key":"Art of War"},{"floor":13,"key":"War Paint"},{"floor":14,"key":"Strawberry"},{"floor":19,"key":"Red Mask"}],"event_choices":[{"event_name":"The Cleric","player_choice":"Card Removal","floor":3,"damage_taken":0},{"event_name":"Bonfire Elementals","player_choice":"BASIC","floor":5,"damage_taken":0},{"event_name":"Masked Bandits","player_choice":"Fought over 214 gold","floor":19,"damage_taken":0},{"event_name":"Ghosts","player_choice":"Ignored","floor":20,"damage_taken":0}],"boss_relics":[{"not_picked":["White Beast Statue","Lizard Tail"],"picked":"Astrolabe"}],"items_purged_floors":[4],"potions_floor_spawned":[1,2,10,16,19,21],"seed_played":"-1786053374239840274","killed_by":"Gremlin Leader","ascension_level":0,"potions_obtained":[{"floor":1,"key":"LiquidBronze"},{"floor":2,"key":"Weak Potion"},{"floor":10,"key":"Regen Potion"},{"floor":16,"key":"LiquidBronze"},{"floor":19,"key":"AttackPotion"},{"floor":21,"key":"Dexterity Potion"}],"is_trial":false}