{"path_per_floor":["M","M","M","?","?","R","E","R","T","M","M","M","M","?","R","B",null,"M","?","?","M","M","E","R","M","T","R","M","M","R","?","R","B",null,"M","?","$","M","?","M","?","R","T","M","$","M","$","M","R","B"],"character_chosen":"THE_SILENT","items_purchased":["Question Card","Crippling Poison","Bronze Scales","Footwork+1","Toolbox","Catalyst"],"gold_per_floor":[110,122,134,134,94,94,156,156,181,198,214,230,240,240,240,340,340,311,311,311,329,341,367,367,382,451,451,466,485,485,515,515,619,619,635,857,370,385,385,396,446,446,473,485,165,175,139,151,151,151],"floor_reached":51,"campfire_rested":5,"playtime":4015,"item_purchase_floors":[37,37,37,45,45,47],"current_hp_per_floor":[61,60,60,53,53,53,42,63,63,55,53,52,47,47,68,64,69,50,50,36,40,24,1,22,26,26,47,46,50,50,29,50,10,55,50,50,50,54,54,52,51,51,51,55,55,48,48,67,67,14],"items_purged":[],"gold":151,"score":941,"play_id":"152107ee-407f-42d0-a545-04f3e19d2b16","local_time":"20180610001129","is_prod":false,"is_daily":false,"chose_seed":false,"is_ascension_mode":true,"campfire_upgraded":4,"win_rate":0,"timestamp":1528607489,"campfire_choices":[{"data":"Noxious Fumes","floor":6,"key":"SMITH"},{"floor":8,"key":"REST"},{"floor":15,"key":"REST"},{"floor":24,"key":"REST"},{"floor":27,"key":"REST"},{"data":"Envenom","floor":30,"key":"SMITH"},{"floor":32,"key":"REST"},{"data":"Adrenaline","floor":42,"key":"SMITH"},{"data":"Catalyst","floor":49,"key":"SMITH"}],"path_taken":["M","M","M","?","?","R","E","R","T","M","?","M","M","?","R","BOSS","M","?","?","?","M","E","R","M","T","R","M","?","R","?","R","BOSS","M","?","$","M","?","M","?","R","T","?","$","?","?","M","R","BOSS"],"build_version":"2018-06-07v3","seed_source_timestamp":60183024202818,"purchased_purges":0,"victory":true,"master_deck":["Defend_G+1","Defend_G+1","Defend_G+1","Defend_G+1","Defend_G+1","Strike_G+1","Survivor","Neutralize+1","Noxious Fumes+1","Footwork+1","Poisoned Stab","Bane","Poisoned Stab","Backflip","Backflip","Envenom+1","Reflex+1","Backflip+1","Backstab+1","Blur","Bandage Up","Sucker Punch+1","Adrenaline+1","Bane","Well Laid Plans+1","Bane","Burst","Crippling Poison","Concentrate+1","PiercingWail+1","PiercingWail+1","Poisoned Stab+1","Prepared+1","Footwork+1","Catalyst","Poisoned Stab","Catalyst+1","Deflect+1","Envenom+1"],"max_hp_per_floor":[70,70,70,70,70,70,70,70,70,70,70,70,70,70,70,70,70,70,70,70,70,70,70,70,70,70,70,70,70,70,70,70,70,70,70,70,70,70,70,70,70,70,70,70,70,70,70,70,70,70],"relics":["Ring of the Snake","Tiny Chest","Vajra","Astrolabe","Thread and Needle","Frozen Egg 2","Red Mask","Busted Crown","Question Card","Bronze Scales","Prayer Wheel","Regal Pillow","Toolbox"],"card_choices":[{"not_picked":["Dagger Spray","Deflect"],"picked":"Noxious Fumes","floor":1},{"not_picked":["Cloak And Dagger","Deadly Poison"],"picked":"Footwork","floor":2},{"not_picked":["Deflect","Dagger Throw"],"picked":"Poisoned Stab","floor":3},{"not_picked":["Phantasmal Killer","Outmaneuver"],"picked":"Bane","floor":7},{"not_picked":["Cloak And Dagger","Masterful Stab","Underhanded Strike"],"picked":"SKIP","floor":10},{"not_picked":["All Out Attack","Sucker Punch"],"picked":"Poisoned Stab","floor":11},{"not_picked":["Burst","Predator"],"picked":"Backflip","floor":12},{"not_picked":["All Out Attack","Riddle With Holes"],"picked":"Backflip","floor":13},{"not_picked":["Corpse Explosion","Venomology"],"picked":"Envenom","floor":16},{"not_picked":["Deflect","Blade Dance"],"picked":"Blur","floor":18},{"not_picked":["Accuracy","Flying Knee"],"picked":"Sucker Punch+1","floor":21},{"not_picked":["Flechettes","Dodge and Roll"],"picked":"Sucker Punch+1","floor":22},{"not_picked":["Heel Hook+1","Sucker Punch"],"picked":"Adrenaline","floor":23},{"not_picked":["Deadly Poison+1","Skewer+1"],"picked":"Bane","floor":25},{"not_picked":["Prepared","Distraction","Underhanded Strike"],"picked":"SKIP","floor":28},{"not_picked":["PiercingWail+1","Dagger Throw"],"picked":"Well Laid Plans+1","floor":29},{"not_picked":["Slice","Blade Dance"],"picked":"Bane","floor":31},{"not_picked":["Die Die Die","Storm of Steel"],"picked":"Burst","floor":33},{"not_picked":["Dagger Spray+1"],"picked":"SKIP","floor":35},{"not_picked":["Predator+1"],"picked":"Concentrate+1","floor":38},{"not_picked":["Dagger Throw"],"picked":"PiercingWail+1","floor":40},{"not_picked":["Slice+1"],"picked":"PiercingWail+1","floor":41},{"not_picked":["Endless Agony+1"],"picked":"Poisoned Stab+1","floor":44},{"not_picked":["Cloak And Dagger+1"],"picked":"Prepared+1","floor":44},{"not_picked":["Outmaneuver+1"],"picked":"Catalyst","floor":46},{"not_picked":["Outmaneuver+1"],"picked":"Poisoned Stab","floor":46},{"not_picked":["Underhanded Strike+1"],"picked":"Deflect+1","floor":48},{"not_picked":["Choke"],"picked":"Envenom+1","floor":48}],"player_experience":257020,"potions_floor_usage":[16,16,16,16,21,21,23,23,40,41,48,50,50,50,50,50,50],"damage_taken":[{"damage":2,"enemies":"Small Slimes","floor":1,"turns":3},{"damage":1,"enemies":"Jaw Worm","floor":2,"turns":4},{"damage":0,"enemies":"Cultist","floor":3,"turns":4},{"damage":11,"enemies":"3 Sentries","floor":7,"turns":7},{"damage":8,"enemies":"Blue Slaver","floor":10,"turns":3},{"damage":2,"enemies":"Exordium Thugs","floor":11,"turns":4},{"damage":1,"enemies":"3 Louse","floor":12,"turns":4},{"damage":5,"enemies":"Looter","floor":13,"turns":4},{"damage":4,"enemies":"The Guardian","floor":16,"turns":8},{"damage":19,"enemies":"2 Thieves","floor":18,"turns":5},{"damage":14,"enemies":"3 Byrds","floor":21,"turns":5},{"damage":20,"enemies":"Slaver and Parasite","floor":22,"turns":7},{"damage":27,"enemies":"Slavers","floor":23,"turns":7},{"damage":0,"enemies":"Sentry and Sphere","floor":25,"turns":5},{"damage":5,"enemies":"Cultist and Chosen","floor":28,"turns":8},{"damage":0,"enemies":"Centurion and Healer","floor":29,"turns":6},{"damage":25,"floor":31,"turns":6},{"damage":44,"enemies":"Automaton","floor":33,"turns":10},{"damage":9,"enemies":"3 Darklings","floor":35,"turns":6},{"damage":0,"enemies":"3 Shapes","floor":38,"turns":4},{"damage":6,"enemies":"3 Darklings","floor":40,"turns":4},{"damage":5,"floor":41,"turns":8},{"damage":0,"enemies":"Maw","floor":44,"turns":7},{"damage":11,"enemies":"Sphere and 2 Shapes","floor":46,"turns":4},{"damage":0,"enemies":"4 Shapes","floor":48,"turns":6},{"damage":56,"enemies":"Awakened One","floor":50,"turns":12}],"relics_obtained":[{"floor":7,"key":"Tiny Chest"},{"floor":9,"key":"Vajra"},{"floor":23,"key":"Thread and Needle"},{"floor":26,"key":"Frozen Egg 2"},{"floor":31,"key":"Red Mask"},{"floor":41,"key":"Prayer Wheel"},{"floor":43,"key":"Regal Pillow"}],"event_choices":[{"event_name":"Golden Wing","player_choice":"Card Removal","floor":4,"damage_taken":0},{"event_name":"The Woman in Blue","player_choice":"Bought 3 Potions","floor":5,"damage_taken":0},{"event_name":"Living Wall","player_choice":"Grow","floor":14,"damage_taken":0},{"event_name":"Back to Basics","player_choice":"Simplicity","floor":19,"damage_taken":0},{"event_name":"Knowing Skull","player_choice":"CARD ","floor":20,"damage_taken":0},{"event_name":"Masked Bandits","player_choice":"Fought over 485 gold","floor":31,"damage_taken":0},{"event_name":"Tomb of Lord Red Mask","player_choice":"Wore Mask","floor":36,"damage_taken":0},{"event_name":"Falling","player_choice":"Removed Attack","floor":39,"damage_taken":0},{"event_name":"Mysterious Sphere","player_choice":"Fight","floor":41,"damage_taken":0}],"boss_relics":[{"not_picked":["Snecko Eye","Runic Dome"],"picked":"Astrolabe"},{"not_picked":["Orrery","Tiny House"],"picked":"Busted Crown"}],"items_purged_floors":[],"potions_floor_spawned":[11,12,13,16,22,29,31,33,35,40,41,46,48],"seed_played":"7385452824826227810","ascension_level":7,"potions_obtained":[{"floor":5,"key":"Ancient Potion"},{"floor":5,"key":"SpeedPotion"},{"floor":5,"key":"LiquidBronze"},{"floor":11,"key":"EntropicBrew"},{"floor":16,"key":"AttackPotion"},{"floor":22,"key":"Ancient Potion"},{"floor":29,"key":"SteroidPotion"},{"floor":31,"key":"Poison Potion"},{"floor":33,"key":"SkillPotion"},{"floor":40,"key":"Weak Potion"},{"floor":41,"key":"EntropicBrew"},{"floor":46,"key":"Regen Potion"},{"floor":48,"key":"Energy Potion"}],"is_trial":false}