{"gold_per_floor":[144,144,144,144,244,244,334,334,334,424,469,514,559,62,62,362,362,407,407,452,0,45,45,45,135,210,255,300,390,435,525,525,825,825,870,954,518,518,563,608,698,438,438,528,573,573,618,708,708,708],"floor_reached":51,"playtime":2846,"items_purged":[],"score":1155,"play_id":"9c2dd7ed-aed8-4cc2-b4d7-385a32a56503","local_time":"20180909110404","daily_mods":["Insanity","Midas","Time Dilation"],"is_ascension_mode":false,"campfire_choices":[{"floor":6,"key":"REST"},{"floor":8,"key":"REST"},{"floor":15,"key":"REST"},{"floor":23,"key":"REST"},{"floor":32,"key":"REST"},{"floor":46,"key":"REST"},{"floor":49,"key":"REST"}],"neow_cost":"","seed_source_timestamp":0,"circlet_count":0,"master_deck":["Undo","Scrape","Hyperbeam","Skim","Auto Shields","Self Repair","Echo Form","Aggregate","Strike_B","Steam Power","Genetic Algorithm","Hologram","Go for the Eyes","Machine Learning","Stack","Compile Driver","Gash","Genetic Algorithm+1","Hello World","Reprogram","Static Discharge","Electrodynamics","Machine Learning","Hyperbeam","Glacier","Compile Driver","Dualcast","Compile Driver","Conserve Battery","Buffer","Aggregate","Leap","Seek+1","Go for the Eyes","Heatsinks","Undo","Fission","Strike_B","Fusion","Dualcast","Gash","Electrodynamics","White Noise","Echo Form","Echo Form","Barrage","Thunder Strike+1","Rebound","Scrape","Ball Lightning","Ball Lightning","Cold Snap","Leap","Go for the Eyes+1","Force Field","Buffer+1","Sadistic Nature+1","Self Repair+1","Creative AI+1","Redo+1","Coolheaded+1","Apotheosis","Storm+1","Double Energy+1","Biased Cognition+1","Turbo","Capacitor+1","Gash+1","Capacitor+1","White Noise","Core Surge","FTL+1","Stack+1","Hello World+1","Stack","Infernal Blade","Scrape+1","Corpse Explosion","White Noise","Hologram","Gash","Capacitor+1","Backflip+1","Stack","Flying Knee","Stack","Ghostly Armor+1","Leg Sweep","Finesse+1"],"special_seed":17783,"relics":["Cracked Core","Blood Vial","Frozen Egg 2","Dream Catcher","Nunchaku","Tiny Chest","Nuclear Battery","Membership Card","Bottled Lightning","FossilizedHelix","Incense Burner","Mercury Hourglass","WingedGreaves","Meat on the Bone","Black Star","Ginger","PrismaticShard","Bottled Tornado","Darkstone Periapt","Bag of Preparation","Orichalcum","Whetstone","Strawberry","Prayer Wheel","The Courier","Sundial","Bag of Marbles","War Paint"],"potions_floor_usage":[10,13,18,31,35,39,41,50,50],"damage_taken":[{"damage":0,"enemies":"Cultist","floor":1,"turns":3},{"damage":27,"enemies":"Gremlin Nob","floor":7,"turns":4},{"damage":18,"enemies":"Lagavulin","floor":10,"turns":4},{"damage":2,"enemies":"Jaw Worm","floor":11,"turns":3},{"damage":0,"enemies":"2 Louse","floor":12,"turns":2},{"damage":5,"enemies":"Exordium Wildlife","floor":13,"turns":3},{"damage":0,"enemies":"The Guardian","floor":16,"turns":11},{"damage":17,"enemies":"2 Thieves","floor":18,"turns":2},{"damage":0,"enemies":"Chosen","floor":20,"turns":5},{"damage":0,"enemies":"3 Cultists","floor":22,"turns":2},{"damage":12,"enemies":"Gremlin Leader","floor":25,"turns":4},{"damage":0,"enemies":"Snecko","floor":27,"turns":4},{"damage":0,"enemies":"Snake Plant","floor":28,"turns":3},{"damage":23,"enemies":"Book of Stabbing","floor":29,"turns":4},{"damage":0,"enemies":"Centurion and Healer","floor":30,"turns":3},{"damage":20,"enemies":"Slavers","floor":31,"turns":2},{"damage":0,"enemies":"Collector","floor":33,"turns":5},{"damage":0,"enemies":"3 Shapes","floor":35,"turns":2},{"damage":1,"enemies":"Mysterious Sphere","floor":36,"turns":2},{"damage":19,"enemies":"3 Darklings","floor":39,"turns":4},{"damage":1,"enemies":"Reptomancer","floor":40,"turns":3},{"damage":33,"enemies":"Nemesis","floor":41,"turns":5},{"damage":0,"enemies":"Giant Head","floor":44,"turns":5},{"damage":0,"enemies":"Maw","floor":45,"turns":6},{"damage":11,"enemies":"4 Shapes","floor":47,"turns":3},{"damage":0,"enemies":"2 Orb Walkers","floor":48,"turns":3},{"damage":41,"enemies":"Awakened One","floor":50,"turns":16}],"seed_played":"2563737183357508688","potions_obtained":[{"floor":7,"key":"Energy Potion"},{"floor":12,"key":"GamblersBrew"},{"floor":16,"key":"PowerPotion"},{"floor":20,"key":"SmokeBomb"},{"floor":28,"key":"FearPotion"},{"floor":30,"key":"PowerPotion"},{"floor":33,"key":"AttackPotion"},{"floor":36,"key":"Strength Potion"},{"floor":40,"key":"GamblersBrew"},{"floor":41,"key":"Dexterity Potion"}],"is_trial":false,"path_per_floor":["M","?","?","$","?","R","E","R","T","E","M","M","M","$","R","B",null,"M","?","M","$","M","R","T","E","T","M","M","E","M","E","R","B",null,"M","?","$","?","M","M","E","$","T","E","M","R","M","E","R","B"],"character_chosen":"DEFECT","items_purchased":["Tiny Chest","Buffer+1","Sadistic Nature+1","Membership Card","Apotheosis","Bottled Lightning","Storm+1","PrismaticShard","Bottled Tornado","Hello World+1","Stack","Darkstone Periapt","AttackPotion","Whetstone","Strawberry","White Noise","Hologram","Gash","Capacitor+1"],"campfire_rested":7,"item_purchase_floors":[14,14,14,21,21,21,21,37,37,37,37,37,37,42,42,42,42,42,42],"current_hp_per_floor":[75,72,72,72,72,75,55,75,75,64,64,66,63,63,75,75,75,68,54,56,56,58,80,80,68,68,80,80,57,59,41,65,77,80,80,79,79,90,81,89,57,64,64,66,68,97,86,88,97,56],"gold":708,"neow_bonus":"","is_prod":false,"is_daily":true,"chose_seed":false,"campfire_upgraded":0,"win_rate":0,"timestamp":1536483844,"path_taken":["M","?","?","?","?","R","E","R","T","E","M","M","?","$","R","BOSS","M","?","M","$","M","R","?","E","T","M","M","E","M","E","R","BOSS","M","?","$","?","?","M","E","$","T","E","?","R","M","E","R","BOSS"],"build_version":"2018-09-06","purchased_purges":0,"victory":true,"max_hp_per_floor":[75,75,75,75,75,75,75,75,75,75,75,75,75,75,75,75,75,75,80,80,80,80,80,80,80,80,80,80,80,80,80,80,80,80,80,80,80,90,90,90,90,97,97,97,97,97,97,97,97,97],"card_choices":[{"not_picked":["Go for the Eyes","Rebound"],"picked":"Ball Lightning","floor":1},{"not_picked":["Sweeping Beam","Turbo"],"picked":"Ball Lightning","floor":7},{"not_picked":["Barrage","Ball Lightning"],"picked":"Cold Snap","floor":10},{"not_picked":["Sweeping Beam","Streamline"],"picked":"Leap","floor":11},{"not_picked":["Recycle","Sweeping Beam"],"picked":"Go for the Eyes","floor":12},{"not_picked":["Doom and Gloom","Steam"],"picked":"Force Field","floor":13},{"not_picked":["Reprogram","Conserve Battery"],"picked":"Self Repair+1","floor":15},{"not_picked":["Amplify","Thunder Strike"],"picked":"Creative AI+1","floor":16},{"not_picked":["Ball Lightning","Leap"],"picked":"Redo+1","floor":18},{"not_picked":["Consume","Genetic Algorithm"],"picked":"Coolheaded+1","floor":20},{"not_picked":["Streamline","Turbo"],"picked":"Double Energy+1","floor":22},{"not_picked":["Aggregate","Ball Lightning+1"],"picked":"Biased Cognition+1","floor":25},{"not_picked":["Rebound","Redo+1"],"picked":"Turbo","floor":27},{"not_picked":["Beam Cell","Ball Lightning"],"picked":"Capacitor+1","floor":28},{"not_picked":["Barrage","Sunder","Streamline"],"picked":"SKIP","floor":29},{"not_picked":["Ball Lightning+1","Barrage"],"picked":"Gash+1","floor":30},{"not_picked":["Steam Power","Beam Cell"],"picked":"Capacitor+1","floor":31},{"not_picked":["Core Surge","Sweeping Beam"],"picked":"White Noise","floor":32},{"not_picked":["Meteor Strike","Multi-Cast"],"picked":"Core Surge","floor":33},{"not_picked":["Go for the Eyes","Heatsinks+1"],"picked":"FTL+1","floor":35},{"not_picked":["Go for the Eyes","Lockon"],"picked":"Stack+1","floor":36},{"not_picked":["Slice+1","Flying Knee"],"picked":"Infernal Blade","floor":39},{"not_picked":["Searing Blow","Acrobatics"],"picked":"Scrape+1","floor":40},{"not_picked":["Flame Barrier","Clothesline"],"picked":"Corpse Explosion","floor":41},{"not_picked":["Dodge and Roll+1","True Grit"],"picked":"Backflip+1","floor":44},{"not_picked":["Blade Dance+1","Havoc+1"],"picked":"Stack","floor":45},{"not_picked":["Headbutt","Clothesline+1"],"picked":"Flying Knee","floor":45},{"not_picked":["Redo+1","Conserve Battery+1"],"picked":"Stack","floor":47},{"not_picked":["Bludgeon","Outmaneuver+1"],"picked":"Ghostly Armor+1","floor":47},{"not_picked":["Clash+1","Slice"],"picked":"Leg Sweep","floor":48},{"not_picked":["Prepared","Expertise+1"],"picked":"Finesse+1","floor":49}],"player_experience":112848,"relics_obtained":[{"floor":7,"key":"Frozen Egg 2"},{"floor":9,"key":"Dream Catcher"},{"floor":10,"key":"Nunchaku"},{"floor":24,"key":"FossilizedHelix"},{"floor":25,"key":"Incense Burner"},{"floor":26,"key":"Mercury Hourglass"},{"floor":29,"key":"WingedGreaves"},{"floor":31,"key":"Meat on the Bone"},{"floor":36,"key":"Ginger"},{"floor":41,"key":"Bag of Preparation"},{"floor":41,"key":"Orichalcum"},{"floor":43,"key":"Prayer Wheel"},{"floor":44,"key":"The Courier"},{"floor":44,"key":"Sundial"},{"floor":48,"key":"Bag of Marbles"},{"floor":48,"key":"War Paint"}],"event_choices":[{"event_name":"Scrap Ooze","player_choice":"success","floor":2,"damage_taken":3},{"event_name":"The Cleric","player_choice":"Leave","floor":3,"damage_taken":0},{"event_name":"Wheel of Change","player_choice":"Gold","floor":5,"damage_taken":0},{"event_name":"Forgotten Altar","player_choice":"Shed Blood","floor":19,"damage_taken":0},{"event_name":"Mysterious Sphere","player_choice":"Fight","floor":36,"damage_taken":0},{"event_name":"Bonfire Elementals","player_choice":"RARE","floor":38,"damage_taken":0}],"is_beta":true,"boss_relics":[{"not_picked":["Tiny House","Runic Pyramid"],"picked":"Nuclear Battery"},{"not_picked":["Calling Bell","Coffee Dripper"],"picked":"Black Star"}],"items_purged_floors":[],"is_endless":false,"potions_floor_spawned":[7,12,16,20,28,30,33,36,40,41,45],"ascension_level":0}