{"gold_per_floor":[116,134,134,152,170,170,196,196,196,196,196,196,207,221,221,318,318,329,329,63,80,99,99],"floor_reached":23,"playtime":1472,"items_purged":["Strike_G"],"score":280,"play_id":"fd11a2b0-a865-4b84-bd08-69ae533acb9f","local_time":"20190111000955","is_ascension_mode":true,"campfire_choices":[{"data":"Dodge and Roll","floor":6.0,"key":"SMITH"},{"data":"Backflip","floor":8.0,"key":"SMITH"},{"data":"Finisher","floor":12.0,"key":"SMITH"},{"data":"Survivor","floor":15.0,"key":"SMITH"}],"neow_cost":"NONE","seed_source_timestamp":0,"circlet_count":0,"master_deck":["Defend_G","Defend_G","Defend_G","Defend_G","Defend_G","Strike_G","Strike_G","Strike_G","Strike_G","Survivor+1","Neutralize+1","Backflip+1","Well Laid Plans+1","Dodge and Roll+1","Finisher+1","Footwork+1","Well Laid Plans+1","A Thousand Cuts+1","All Out Attack+1","Bane","Neutralize","Infinite Blades+1","Blade Dance","Accuracy+1"],"special_seed":0,"relics":["Ring of the Snake","Frozen Egg 2","Blue Candle","Singing Bowl","Cursed Key","Membership Card"],"potions_floor_usage":[22,23,23],"damage_taken":[{"damage":2.0,"enemies":"Jaw Worm","floor":1.0,"turns":4.0},{"damage":7.0,"enemies":"Small Slimes","floor":2.0,"turns":4.0},{"damage":0.0,"enemies":"2 Louse","floor":4.0,"turns":3.0},{"damage":19.0,"enemies":"Exordium Wildlife","floor":5.0,"turns":10.0},{"damage":7.0,"enemies":"3 Sentries","floor":7.0,"turns":15.0},{"damage":14.0,"enemies":"Lots of Slimes","floor":13.0,"turns":5.0},{"damage":3.0,"enemies":"Exordium Thugs","floor":14.0,"turns":6.0},{"damage":29.0,"enemies":"The Guardian","floor":16.0,"turns":15.0},{"damage":0,"enemies":"Spheric Guardian","floor":18,"turns":4},{"damage":14,"enemies":"3 Byrds","floor":21,"turns":3},{"damage":16,"enemies":"3 Cultists","floor":22,"turns":5},{"damage":35,"enemies":"Slavers","floor":23,"turns":2}],"seed_played":"3100740852511154038","potions_obtained":[{"floor":2.0,"key":"Ancient Potion"},{"floor":4.0,"key":"Energy Potion"},{"floor":13.0,"key":"LiquidBronze"},{"floor":14.0,"key":"Weak Potion"},{"floor":22,"key":"Block Potion"}],"is_trial":false,"path_per_floor":["M","M","?","M","M","R","E","R","T","?","?","R","M","M","R","B",null,"M","?","$","M","M","E"],"character_chosen":"THE_SILENT","items_purchased":["Infinite Blades+1","Membership Card"],"campfire_rested":0,"item_purchase_floors":[20,20],"current_hp_per_floor":[61,54,54,54,35,35,28,28,28,25,48,48,36,33,33,4,55,55,55,55,41,25,0],"gold":99,"neow_bonus":"UPGRADE_CARD","is_prod":false,"is_daily":false,"chose_seed":false,"campfire_upgraded":4,"win_rate":0,"timestamp":1547186995,"path_taken":["M","M","?","M","M","R","E","R","T","?","?","R","M","M","R","BOSS","M","?","$","M","M","E"],"build_version":"2019-01-10","purchased_purges":1,"victory":false,"max_hp_per_floor":[70,70,70,70,70,70,70,70,70,70,70,70,72,72,72,72,72,72,72,72,72,72,72],"card_choices":[{"not_picked":["Prepared","Flying Knee"],"picked":"Backflip","floor":1.0},{"not_picked":["Cloak And Dagger","Sucker Punch"],"picked":"Well Laid Plans","floor":2.0},{"not_picked":["Setup","Underhanded Strike"],"picked":"Dodge and Roll","floor":4.0},{"not_picked":["Concentrate","Endless Agony"],"picked":"Finisher","floor":5.0},{"not_picked":["Slice","Riddle With Holes"],"picked":"Footwork","floor":7.0},{"not_picked":["Backflip","Slice","Endless Agony"],"picked":"Singing Bowl","floor":13.0},{"not_picked":["Underhanded Strike","Quick Slash"],"picked":"Well Laid Plans+1","floor":14.0},{"not_picked":["Phantasmal Killer","Malaise"],"picked":"A Thousand Cuts+1","floor":16.0},{"not_picked":["Quick Slash","Endless Agony+1"],"picked":"All Out Attack+1","floor":18},{"not_picked":["Dagger Throw","Flying Knee"],"picked":"Blade Dance","floor":21},{"not_picked":["Distraction","Quick Slash+1"],"picked":"Accuracy+1","floor":22}],"player_experience":421999,"relics_obtained":[{"floor":7.0,"key":"Frozen Egg 2"},{"floor":9.0,"key":"Blue Candle"}],"event_choices":[{"damage_healed":0.0,"max_hp_gain":0.0,"max_hp_loss":0.0,"gold_gain":0.0,"event_name":"Living Wall","player_choice":"Grow","floor":3.0,"gold_loss":0.0,"damage_taken":0.0,"cards_upgraded":["Well Laid Plans"]},{"damage_healed":0.0,"max_hp_gain":0.0,"max_hp_loss":0.0,"gold_gain":0.0,"event_name":"Scrap Ooze","player_choice":"Success","floor":10.0,"gold_loss":0.0,"damage_taken":3.0,"relics_obtained":["Singing Bowl"]},{"damage_healed":23.0,"max_hp_gain":0.0,"max_hp_loss":0.0,"gold_gain":0.0,"event_name":"Big Fish","player_choice":"Banana","floor":11.0,"gold_loss":0.0,"damage_taken":0.0},{"damage_healed":0,"gold_gain":0,"player_choice":"2 cards matched","damage_taken":0,"max_hp_gain":0,"max_hp_loss":0,"event_name":"Match and Keep!","floor":19,"gold_loss":0,"cards_obtained":["Bane","Neutralize"]}],"is_beta":false,"boss_relics":[{"not_picked":["Busted Crown","Velvet Choker"],"picked":"Cursed Key"}],"items_purged_floors":[20],"is_endless":false,"potions_floor_spawned":[2,4,13,14,22],"killed_by":"Slavers","ascension_level":9}