{"gold_per_floor":[115,128,61,73,92,92,125,125,125,157,170,47,66,77,77,179,179,195,195,195,211,181,206,206,217,297,325,325],"floor_reached":28,"playtime":1217,"items_purged":[],"score":324,"play_id":"796ff290-fc68-46e0-b764-8a13c2e37b4c","local_time":"20190206224916","is_ascension_mode":true,"campfire_choices":[{"floor":6,"key":"REST"},{"floor":15,"key":"REST"},{"data":"Storm","floor":24,"key":"SMITH"}],"neow_cost":"NONE","seed_source_timestamp":0,"circlet_count":0,"master_deck":["Strike_B","Strike_B","Strike_B","Defend_B","Defend_B","Defend_B","Defend_B","Zap","Dualcast","Barrage","Storm+1","Loop","Hello World","Electrodynamics","Thunder Strike","Storm","Force Field","Creative AI","Consume","Ball Lightning"],"special_seed":0,"relics":["Cracked Core","Blood Vial","Juzu Bracelet","Cables","Busted Crown","Ornamental Fan","Molten Egg 2","Toxic Egg 2"],"potions_floor_usage":[10,11,16,21,21,23,23,25],"damage_taken":[{"damage":6.0,"enemies":"Cultist","floor":1.0,"turns":4.0},{"damage":1,"enemies":"2 Louse","floor":2,"turns":3},{"damage":16,"enemies":"Small Slimes","floor":4,"turns":3},{"damage":21,"enemies":"Blue Slaver","floor":5,"turns":3},{"damage":25,"enemies":"Lagavulin","floor":7,"turns":7},{"damage":25,"enemies":"3 Sentries","floor":10,"turns":5},{"damage":5,"enemies":"Large Slime","floor":11,"turns":4},{"damage":0,"enemies":"Gremlin Gang","floor":13,"turns":2},{"damage":0,"enemies":"3 Louse","floor":14,"turns":1},{"damage":22,"enemies":"The Guardian","floor":16,"turns":8},{"damage":11,"enemies":"Spheric Guardian","floor":18,"turns":3},{"damage":0,"enemies":"3 Byrds","floor":21,"turns":3},{"damage":29,"enemies":"Slavers","floor":23,"turns":3},{"damage":0,"enemies":"Snake Plant","floor":25,"turns":2},{"damage":39,"enemies":"Book of Stabbing","floor":27,"turns":4},{"damage":21,"enemies":"Shelled Parasite and Fungi","floor":28,"turns":2}],"seed_played":"-2770847611121038341","potions_obtained":[{"floor":4,"key":"LiquidBronze"},{"floor":5,"key":"LiquidBronze"},{"floor":10,"key":"AttackPotion"},{"floor":11,"key":"AttackPotion"},{"floor":18,"key":"SkillPotion"},{"floor":22,"key":"Energy Potion"},{"floor":22,"key":"Fruit Juice"},{"floor":25,"key":"SteroidPotion"},{"floor":27,"key":"SmokeBomb"}],"is_trial":false,"path_per_floor":["M","M","$","M","M","R","E","?","T","E","M","$","M","M","R","B",null,"M","?","?","M","?","E","R","M","T","E","M"],"character_chosen":"DEFECT","items_purchased":["Loop","Block Potion","Storm"],"campfire_rested":2,"item_purchase_floors":[3,12,12],"current_hp_per_floor":[76,75,75,59,38,62,37,37,37,14,11,11,13,15,39,19,82,71,71,71,73,73,51,51,53,53,16,0],"gold":325,"neow_bonus":"TEN_PERCENT_HP_BONUS","is_prod":false,"is_daily":false,"chose_seed":false,"campfire_upgraded":1,"win_rate":0,"timestamp":1549453756,"path_taken":["M","?","$","M","M","R","E","?","T","E","M","$","M","M","R","BOSS","M","?","?","M","?","E","R","M","T","E","M"],"build_version":"2019-01-23","purchased_purges":0,"victory":false,"max_hp_per_floor":[82,82,82,82,82,82,82,82,82,82,82,82,82,82,82,82,82,82,82,82,82,82,87,87,87,87,87,87],"card_choices":[{"not_picked":["Beam Cell","Sweeping Beam"],"picked":"Barrage","floor":1.0},{"not_picked":["Go for the Eyes","Tempest"],"picked":"Storm","floor":2},{"not_picked":["Steam","Rebound"],"picked":"Hello World","floor":4},{"not_picked":["Hologram","Conserve Battery"],"picked":"Electrodynamics","floor":5},{"not_picked":["Steam","Reinforced Body","Gash"],"picked":"SKIP","floor":7},{"not_picked":["Rip and Tear","Recycle"],"picked":"Thunder Strike","floor":10},{"not_picked":["Redo","Darkness","Auto Shields"],"picked":"SKIP","floor":11},{"not_picked":["Tempest","Melter","Gash"],"picked":"SKIP","floor":13},{"not_picked":["Conserve Battery","Ball Lightning"],"picked":"Force Field","floor":14},{"not_picked":["Meteor Strike","Multi-Cast"],"picked":"Creative AI","floor":16},{"not_picked":[],"picked":"Consume","floor":18},{"not_picked":[],"picked":"Ball Lightning","floor":21},{"not_picked":["Hyperbeam"],"picked":"SKIP","floor":23},{"not_picked":["Gash"],"picked":"SKIP","floor":25},{"not_picked":["Turbo"],"picked":"SKIP","floor":27}],"player_experience":280091,"relics_obtained":[{"floor":7,"key":"Blood Vial"},{"floor":9,"key":"Juzu Bracelet"},{"floor":10,"key":"Cables"},{"floor":23,"key":"Ornamental Fan"},{"floor":26,"key":"Molten Egg 2"},{"floor":27,"key":"Toxic Egg 2"}],"event_choices":[{"damage_healed":0,"gold_gain":0,"player_choice":"Leave","damage_taken":0,"max_hp_gain":0,"max_hp_loss":0,"event_name":"FaceTrader","floor":8,"gold_loss":0},{"damage_healed":0,"gold_gain":0,"player_choice":"Ignored","damage_taken":0,"max_hp_gain":0,"max_hp_loss":0,"event_name":"Cursed Tome","floor":19,"gold_loss":0},{"cards_removed":["Strike_B"],"damage_healed":0,"gold_gain":0,"player_choice":"Card Removal","damage_taken":0,"max_hp_gain":0,"max_hp_loss":0,"event_name":"Wheel of Change","floor":20,"gold_loss":0},{"damage_healed":0,"gold_gain":0,"player_choice":"Bought 2 Potions","damage_taken":0,"max_hp_gain":0,"max_hp_loss":0,"event_name":"The Woman in Blue","floor":22,"gold_loss":0}],"is_beta":false,"boss_relics":[{"not_picked":["Runic Dome","Astrolabe"],"picked":"Busted Crown"}],"items_purged_floors":[],"is_endless":false,"potions_floor_spawned":[4,5,10,11,18,25,27],"killed_by":"Shelled Parasite and Fungi","ascension_level":4}