{"gold_per_floor":[213,213,234,254,254,254,320,339,362,380,405,125,145,145,145,145],"floor_reached":16,"playtime":472,"items_purged":["Defend_R"],"score":133,"play_id":"45e6c5e7-74b9-498c-9cd6-01214f4cde8b","local_time":"20180827233753","is_ascension_mode":true,"campfire_choices":[{"data":"Iron Wave","floor":6,"key":"SMITH"},{"floor":15,"key":"REST"}],"neow_cost":"NONE","seed_source_timestamp":13789956502021,"circlet_count":0,"master_deck":["Strike_R","Strike_R+1","Strike_R","Strike_R","Strike_R","Defend_R","Defend_R","Defend_R","Bash+1","Cleave","Clash","Iron Wave+1","Clash","Iron Wave","Ghostly Armor","Perfected Strike","Thunderclap","Infernal Blade"],"relics":["Burning Blood","Golden Idol","Tiny Chest","Centennial Puzzle","Whetstone","Ancient Tea Set"],"potions_floor_usage":[5],"damage_taken":[{"damage":7,"enemies":"Small Slimes","floor":1,"turns":4},{"damage":6,"enemies":"2 Louse","floor":3,"turns":2},{"damage":0,"enemies":"Cultist","floor":4,"turns":2},{"damage":0,"enemies":"Red Slaver","floor":5,"turns":1},{"damage":25,"enemies":"Gremlin Nob","floor":7,"turns":4},{"damage":10,"enemies":"Lots of Slimes","floor":8,"turns":3},{"damage":0,"enemies":"Large Slime","floor":10,"turns":3},{"damage":0,"enemies":"3 Louse","floor":11,"turns":2},{"damage":13,"enemies":"Exordium Thugs","floor":13,"turns":2},{"damage":77,"enemies":"The Guardian","floor":16,"turns":8}],"seed_played":"1089895653352051477","potions_obtained":[{"floor":1,"key":"SmokeBomb"},{"floor":10,"key":"Regen Potion"},{"floor":13,"key":"BloodPotion"}],"is_trial":false,"path_per_floor":["M","?","M","M","M","R","E","M","T","M","M","$","M","?","R"],"character_chosen":"IRONCLAD","items_purchased":["Whetstone","Thunderclap"],"campfire_rested":1,"item_purchase_floors":[12,12],"current_hp_per_floor":[79,59,59,65,71,71,52,48,48,54,60,60,53,50,74,0],"gold":145,"neow_bonus":"HUNDRED_GOLD","is_prod":false,"is_daily":false,"chose_seed":false,"campfire_upgraded":1,"win_rate":0,"timestamp":1535405873,"path_taken":["M","?","M","M","M","R","E","?","T","?","M","$","M","?","R","BOSS"],"build_version":"2018-08-23v2","purchased_purges":1,"victory":false,"max_hp_per_floor":[80,80,80,80,80,80,80,80,80,80,80,80,80,80,80,80],"card_choices":[{"not_picked":["Entrench","Sentinel"],"picked":"Cleave","floor":1},{"not_picked":["Twin Strike","Pommel Strike"],"picked":"Clash","floor":3},{"not_picked":["Perfected Strike","Pummel"],"picked":"Iron Wave","floor":4},{"not_picked":["Cleave","Rampage"],"picked":"Clash","floor":7},{"not_picked":["Twin Strike","Cleave"],"picked":"Iron Wave","floor":8},{"not_picked":["Shrug It Off","Cleave"],"picked":"Ghostly Armor","floor":10},{"not_picked":["Dark Embrace","Havoc"],"picked":"Perfected Strike","floor":11},{"not_picked":["Battle Trance","Uppercut"],"picked":"Infernal Blade","floor":13}],"player_experience":70751,"relics_obtained":[{"floor":7,"key":"Tiny Chest"},{"floor":9,"key":"Centennial Puzzle"}],"event_choices":[{"event_name":"Golden Idol","player_choice":"Take Damage","floor":2,"damage_taken":0},{"event_name":"Scrap Ooze","player_choice":"success","floor":14,"damage_taken":3}],"is_beta":true,"boss_relics":[],"items_purged_floors":[12],"is_endless":false,"potions_floor_spawned":[1,5,10,13],"killed_by":"The Guardian","ascension_level":5}