{"path_per_floor":["M","M","M","$","M","R","E","R","T","M","M","R","M","M","R","B",null,"M","T","M","T","?","R","M","M","T","R","M","$","?","?","R"],"character_chosen":"THE_SILENT","items_purchased":["Mind Blast","Regal Pillow","Infinite Blades"],"gold_per_floor":[119,129,142,43,53,53,84,84,84,96,115,115,125,135,135,238,238,256,309,323,323,248,248,263,280,327,327,346,88,88,88,88,88],"floor_reached":33,"campfire_rested":4,"playtime":1624,"current_hp_per_floor":[70,70,70,70,70,70,34,55,55,55,55,55,55,55,55,48,70,48,48,35,35,35,56,18,7,7,28,15,15,15,15,51,0],"items_purged":["Strike_G"],"gold":88,"score":251,"play_id":"da8793ca-aeae-45e8-afbb-9b2659e562a4","local_time":"20180513120326","is_prod":false,"is_daily":false,"chose_seed":false,"is_ascension_mode":false,"campfire_upgraded":3,"timestamp":1526205806,"path_taken":["M","?","M","?","M","R","E","R","T","M","?","R","M","M","R","BOSS","M","?","M","?","?","R","M","M","T","R","M","$","?","?","R","BOSS"],"build_version":"2018-05-12v2","seed_source_timestamp":13283997576680,"purchased_purges":1,"victory":false,"master_deck":["Defend_G","Defend_G","Defend_G","Strike_G","Strike_G","Strike_G","Survivor","Neutralize+1","Escape Plan","Sucker Punch","Prepared+1","Mind Blast+1","Masterful Stab","Slice","Deflect","Infinite Blades+1","Tactician","Well Laid Plans","Masterful Stab+1","All Out Attack","Deflect+1","Heel Hook","Infinite Blades","Backflip"],"max_hp_per_floor":[70,70,70,70,70,70,70,70,70,70,70,70,70,70,70,70,70,70,70,70,70,70,70,70,70,70,70,70,70,70,70,70,70],"relics":["Ring of the Snake","Omamori","Bag of Preparation","Philosopher\u0027s Stone","Bronze Scales","Mercury Hourglass","Juzu Bracelet","Regal Pillow"],"card_choices":[{"not_picked":["Deadly Poison","Acrobatics"],"picked":"Escape Plan","floor":1},{"not_picked":["Backflip","All Out Attack"],"picked":"Sucker Punch","floor":2},{"not_picked":["Poisoned Stab","Footwork"],"picked":"Prepared","floor":3},{"not_picked":["Poisoned Stab","Sucker Punch"],"picked":"Masterful Stab","floor":5},{"not_picked":["Malaise","PiercingWail","Choke"],"picked":"SKIP","floor":7},{"not_picked":["PiercingWail","Glass Knife","Acrobatics"],"picked":"SKIP","floor":10},{"not_picked":["Dodge and Roll","Backflip"],"picked":"Slice","floor":11},{"not_picked":["Riddle With Holes","Footwork"],"picked":"Deflect","floor":13},{"not_picked":["Flying Knee","Poisoned Stab"],"picked":"Infinite Blades","floor":14},{"not_picked":["Envenom","Adrenaline"],"picked":"Tactician","floor":16},{"not_picked":["Deadly Poison","PiercingWail"],"picked":"Well Laid Plans","floor":18},{"not_picked":["Riddle With Holes","Prepared"],"picked":"Masterful Stab+1","floor":20},{"not_picked":["Sucker Punch","Poisoned Stab"],"picked":"All Out Attack","floor":24},{"not_picked":["Bane","Backflip+1"],"picked":"Deflect+1","floor":25},{"not_picked":["Acrobatics+1","Outmaneuver"],"picked":"Heel Hook","floor":28}],"player_experience":82528,"potions_floor_usage":[16,16,16,28],"damage_taken":[{"damage":0,"enemies":"Cultist","floor":1,"turns":3},{"damage":0,"enemies":"Jaw Worm","floor":2,"turns":6},{"damage":0,"enemies":"2 Louse","floor":3,"turns":4},{"damage":0,"enemies":"Looter","floor":5,"turns":4},{"damage":36,"enemies":"Gremlin Nob","floor":7,"turns":5},{"damage":0,"enemies":"Red Slaver","floor":10,"turns":3},{"damage":0,"enemies":"Gremlin Gang","floor":11,"turns":7},{"damage":0,"enemies":"Lots of Slimes","floor":13,"turns":4},{"damage":0,"enemies":"Red Slaver","floor":14,"turns":4},{"damage":7,"enemies":"Slime Boss","floor":16,"turns":8},{"damage":22,"enemies":"Spheric Guardian","floor":18,"turns":4},{"damage":13,"enemies":"Chosen","floor":20,"turns":5},{"damage":38,"enemies":"Sentry and Sphere","floor":24,"turns":5},{"damage":11,"enemies":"Centurion and Healer","floor":25,"turns":6},{"damage":13,"enemies":"Snake Plant","floor":28,"turns":4},{"damage":63,"enemies":"Collector","floor":33,"turns":7}],"event_choices":[{"event_name":"Beggar","player_choice":"Gave Gold","floor":22,"damage_taken":0},{"event_name":"Purifier","player_choice":"One Purge","floor":30,"damage_taken":0},{"event_name":"Transmorgrifier","player_choice":"Transform","floor":31,"damage_taken":0}],"boss_relics":[{"not_picked":["Black Star","White Beast Statue"],"picked":"Philosopher\u0027s Stone"}],"potions_floor_spawned":[1,5,10,11,13,24,25,28],"seed_played":"-7005302826001751715","killed_by":"Collector","ascension_level":0,"is_trial":false}