{"path_per_floor":["M","?","$","?","?","R","E","M","T","M","E","M","R","E","R","B",null,"M","M","?","?","M","E","M","$","T","R","E","R","E","M","R","B",null,"M","?","$","?"],"character_chosen":"IRONCLAD","items_purchased":["Singing Bowl","Bottled Flame"],"gold_per_floor":[112,287,56,56,56,56,86,106,106,116,142,159,159,187,187,282,282,299,315,295,295,306,340,359,3,3,3,33,33,62,77,77,179,209,224,224,99,99,99],"floor_reached":39,"campfire_rested":3,"playtime":1997,"current_hp_per_floor":[74,74,74,74,58,58,44,50,50,58,53,61,61,60,60,32,88,71,71,71,71,60,37,23,23,23,64,35,78,84,54,94,52,103,65,65,65,70,0],"items_purged":["Doubt","Barricade","True Grit"],"gold":99,"score":526,"play_id":"44f3bcd0-84d7-487d-a176-7426523f119a","local_time":"20180401214839","is_prod":false,"is_daily":false,"is_ascension_mode":true,"campfire_upgraded":3,"timestamp":1522637319,"path_taken":["M","?","$","?","?","R","E","M","T","M","E","M","R","E","R","BOSS","M","M","?","?","M","E","M","$","T","R","E","R","E","?","R","BOSS","M","?","$","?","?"],"build_version":"2018-03-29v2","purchased_purges":3,"victory":false,"master_deck":["Clash+1","Whirlwind+1","Thunderclap+1","Disarm","Heavy Blade","Headbutt","Sentinel","Iron Wave","Clash","Spot Weakness","Inflame+1","Flex","Clash+1","Intimidate+1","True Grit+1","Metallicize+1","Seeing Red+1","Shrug It Off"],"max_hp_per_floor":[80,80,80,80,80,80,80,80,80,82,84,86,86,88,88,88,88,88,88,88,88,88,88,88,88,88,88,88,90,92,92,94,96,103,103,103,103,103,103],"relics":["Burning Blood","Singing Bowl","Torii","Question Card","Art of War","Frozen Egg 2","Pandora\u0027s Box","Dream Catcher","Bottled Flame","Regal Pillow","Oddly Smooth Stone","Bottled Lightning","Tiny House"],"card_choices":[{"not_picked":["Dual Wield","Spot Weakness"],"picked":"Clash","floor":1},{"not_picked":["Clash","Bludgeon"],"picked":"Whirlwind","floor":7},{"not_picked":["Searing Blow","Heavy Blade"],"picked":"Thunderclap","floor":8},{"not_picked":["Fiend Fire","Exhume","Brutality"],"picked":"Barricade","floor":16},{"not_picked":["True Grit","Combust","Anger"],"picked":"Spot Weakness","floor":18},{"not_picked":["Armaments","Warcry","Infernal Blade"],"picked":"Inflame","floor":19},{"not_picked":["Armaments","Shrug It Off","Pommel Strike"],"picked":"Flex","floor":22},{"not_picked":["Carnage","Anger","Iron Wave"],"picked":"Clash","floor":23},{"not_picked":["Perfected Strike","Searing Blow","Body Slam"],"picked":"Intimidate","floor":24},{"not_picked":["Twin Strike","Cleave","Feel No Pain"],"picked":"True Grit","floor":27},{"not_picked":["True Grit","Corruption","Double Tap"],"picked":"Metallicize","floor":28},{"not_picked":["Dual Wield","Heavy Blade","Clothesline"],"picked":"Seeing Red","floor":31},{"not_picked":["Shockwave","Cleave","Bloodletting"],"picked":"Shrug It Off","floor":35}],"player_experience":116068,"potions_floor_usage":[11,16,22,22,28,30,33,33,33,39],"damage_taken":[{"damage":12,"enemies":"Jaw Worm","floor":1,"turns":2},{"damage":20,"enemies":"Gremlin Nob","floor":7,"turns":4},{"damage":0,"enemies":"2 Louse","floor":8,"turns":1},{"damage":0,"enemies":"Small Slimes","floor":10,"turns":2},{"damage":13,"enemies":"Lagavulin","floor":11,"turns":3},{"damage":0,"enemies":"3 Louse","floor":12,"turns":1},{"damage":9,"enemies":"3 Sentries","floor":14,"turns":4},{"damage":34,"enemies":"The Guardian","floor":16,"turns":9},{"damage":23,"enemies":"Shell Parasite","floor":18,"turns":5},{"damage":6,"enemies":"3 Byrds","floor":19,"turns":4},{"damage":29,"enemies":"Slaver and Parasite","floor":22,"turns":5},{"damage":29,"enemies":"Gremlin Leader","floor":23,"turns":6},{"damage":20,"enemies":"Centurion and Healer","floor":24,"turns":4},{"damage":35,"enemies":"Slavers","floor":28,"turns":3},{"damage":2,"enemies":"Gremlin Leader","floor":30,"turns":5},{"damage":36,"enemies":"Snake Plant","floor":31,"turns":4},{"damage":68,"enemies":"Collector","floor":33,"turns":10},{"damage":44,"enemies":"Orb Walker","floor":35,"turns":6},{"damage":70,"enemies":"Mysterious Sphere","floor":39,"turns":4}],"event_choices":[{"event_name":"Liars Game","player_choice":"agreed","floor":2,"damage_taken":0},{"event_name":"Living Wall","player_choice":"Forget","floor":4,"damage_taken":0},{"event_name":"Shining Light","player_choice":"Entered Light","floor":5,"damage_taken":0},{"event_name":"The Woman in Blue","player_choice":"Bought 1 Potion","floor":20,"damage_taken":0},{"event_name":"Ghosts","player_choice":"Ignored","floor":21,"damage_taken":0},{"event_name":"Bonfire Elementals","player_choice":"COMMON","floor":38,"damage_taken":0},{"event_name":"Mysterious Sphere","player_choice":"Fight","floor":39,"damage_taken":0}],"boss_relics":[{"not_picked":["Black Star","Philosopher\u0027s Stone"],"picked":"Pandora\u0027s Box"},{"not_picked":["Snecko Eye","Runic Pyramid"],"picked":"Tiny House"}],"potions_floor_spawned":[7,8,10,16,24,28,30,31],"seed_played":"6844482746185442389","killed_by":"Mysterious Sphere","ascension_level":2,"is_trial":false}