{"gold_per_floor":[112,112,112,212,236,236,279,279,279,312,327,4,43,43,43,162,162,181,206,57,73,73,91,91],"floor_reached":24,"playtime":1234,"items_purged":["Injury"],"score":257,"play_id":"e3b58f57-ae7c-4598-ab88-21fb456025f0","local_time":"20190201224828","is_ascension_mode":true,"campfire_choices":[{"data":"Armaments","floor":6,"key":"SMITH"},{"floor":8,"key":"REST"},{"floor":15,"key":"REST"}],"neow_cost":"CURSE","seed_source_timestamp":1915182726360190,"circlet_count":0,"master_deck":["Strike_R","Strike_R","Strike_R+1","Strike_R","Strike_R","Defend_R","Defend_R","Defend_R","Defend_R","Bash+1","Parasite","Armaments+1","Body Slam","Feel No Pain","True Grit","Iron Wave","Fiend Fire","Bash","Immolate","Writhe","Doubt","Power Through","Sever Soul"],"relics":["Burning Blood","Charon\u0027s Ashes","Golden Idol","FossilizedHelix","Frozen Egg 2","Thread and Needle","Letter Opener","Bag of Preparation","Calling Bell","Pen Nib","Singing Bowl","Torii","Happy Flower"],"potions_floor_usage":[10,16,18,19],"damage_taken":[{"damage":9,"enemies":"2 Louse","floor":1,"turns":3},{"damage":0,"enemies":"Small Slimes","floor":5,"turns":5},{"damage":40,"enemies":"3 Sentries","floor":7,"turns":8},{"damage":35,"enemies":"Lagavulin","floor":10,"turns":8},{"damage":0,"enemies":"Cultist","floor":11,"turns":4},{"damage":12,"enemies":"Gremlin Nob","floor":13,"turns":5},{"damage":42,"enemies":"The Guardian","floor":16,"turns":14},{"damage":1,"enemies":"Spheric Guardian","floor":18,"turns":4},{"damage":0,"enemies":"Shell Parasite","floor":19,"turns":3},{"damage":60,"enemies":"Shelled Parasite and Fungi","floor":21,"turns":7},{"damage":10,"enemies":"Centurion and Healer","floor":23,"turns":11},{"damage":37,"enemies":"Chosen and Byrds","floor":24,"turns":6}],"seed_played":"-8200217511389647998","potions_obtained":[{"floor":1,"key":"EssenceOfSteel"},{"floor":13,"key":"AttackPotion"},{"floor":16,"key":"FearPotion"},{"floor":18,"key":"Fruit Juice"},{"floor":21,"key":"Strength Potion"}],"is_trial":false,"path_per_floor":["M","?","?","?","M","R","E","R","T","E","M","$","E","?","R","B",null,"M","M","$","M","?","M","M"],"character_chosen":"IRONCLAD","items_purchased":["Letter Opener","Happy Flower"],"campfire_rested":2,"item_purchase_floors":[12,20],"current_hp_per_floor":[77,61,61,61,67,67,33,57,57,28,34,34,28,28,52,16,80,87,87,87,33,33,31,0],"gold":91,"neow_bonus":"ONE_RARE_RELIC","is_prod":false,"is_daily":false,"chose_seed":false,"campfire_upgraded":1,"win_rate":0,"timestamp":1549028908,"path_taken":["M","?","?","?","M","R","E","R","T","E","?","?","E","?","R","BOSS","M","?","$","?","?","M","M"],"build_version":"2019-01-23","purchased_purges":1,"victory":false,"max_hp_per_floor":[80,80,80,80,80,80,80,80,80,80,80,80,80,80,80,80,80,87,87,87,87,87,89,89],"card_choices":[{"not_picked":["True Grit","Headbutt"],"picked":"Armaments","floor":1},{"not_picked":["Clothesline","Heavy Blade"],"picked":"Body Slam","floor":5},{"not_picked":["Cleave","Limit Break"],"picked":"Feel No Pain","floor":7},{"not_picked":["Reaper","Sword Boomerang"],"picked":"True Grit","floor":10},{"not_picked":["Anger","Heavy Blade"],"picked":"Iron Wave","floor":11},{"not_picked":["Sword Boomerang","Pommel Strike"],"picked":"Fiend Fire","floor":13},{"not_picked":["Bludgeon","Impervious"],"picked":"Immolate","floor":16},{"not_picked":["Anger","Body Slam+1","Flex"],"picked":"Singing Bowl","floor":18},{"not_picked":["Clothesline+1","Pommel Strike"],"picked":"Power Through","floor":19},{"not_picked":["Shrug It Off","Clothesline"],"picked":"Sever Soul","floor":21},{"not_picked":["Pommel Strike","Rampage","Fire Breathing+1"],"picked":"Singing Bowl","floor":23}],"player_experience":770099,"relics_obtained":[{"floor":7,"key":"FossilizedHelix"},{"floor":9,"key":"Frozen Egg 2"},{"floor":10,"key":"Thread and Needle"},{"floor":13,"key":"Bag of Preparation"},{"floor":17,"key":"Pen Nib"},{"floor":17,"key":"Singing Bowl"},{"floor":17,"key":"Torii"}],"event_choices":[{"damage_healed":0,"gold_gain":0,"player_choice":"Entered Light","damage_taken":16,"max_hp_gain":0,"max_hp_loss":0,"event_name":"Shining Light","floor":2,"gold_loss":0,"cards_upgraded":["Strike_R","Bash"]},{"damage_healed":0,"gold_gain":0,"player_choice":"Take Wound","damage_taken":0,"relics_obtained":["Golden Idol"],"max_hp_gain":0,"max_hp_loss":0,"event_name":"Golden Idol","floor":3,"gold_loss":0,"cards_obtained":["Injury"]},{"damage_healed":0,"gold_gain":100,"player_choice":"Pray","damage_taken":0,"max_hp_gain":0,"max_hp_loss":0,"event_name":"Golden Shrine","floor":4,"gold_loss":0},{"damage_healed":0,"gold_gain":0,"player_choice":"1 cards matched","damage_taken":0,"max_hp_gain":0,"max_hp_loss":0,"event_name":"Match and Keep!","floor":14,"gold_loss":0,"cards_obtained":["Bash"]},{"cards_removed":["Shame"],"damage_healed":0,"gold_gain":0,"player_choice":"Purged","damage_taken":0,"max_hp_gain":0,"max_hp_loss":0,"event_name":"Purifier","floor":22,"gold_loss":0}],"is_beta":false,"boss_relics":[{"not_picked":["Ectoplasm","Black Star"],"picked":"Calling Bell"}],"items_purged_floors":[12],"is_endless":false,"potions_floor_spawned":[1,13,16,18,21],"killed_by":"Chosen and Byrds","ascension_level":4}