{"gold_per_floor":[19,33,50,50,69,101,101,132,214,214,214,230,230,7,7,86,86,99,189,207,227,227],"floor_reached":22,"playtime":4180,"items_purged":[],"score":353,"play_id":"977f1fb3-feb4-449a-9f34-b1e0b727cea7","local_time":"20190205145613","is_ascension_mode":true,"campfire_choices":[{"floor":7.0,"key":"REST"},{"data":"Zap","floor":11.0,"key":"SMITH"},{"floor":15.0,"key":"REST"}],"neow_cost":"NO_GOLD","seed_source_timestamp":92134584947880,"circlet_count":0,"master_deck":["AscendersBane","Strike_B","Strike_B","Strike_B","Defend_B","Defend_B","Defend_B","Defend_B+1","Zap+1","Dualcast+1","Fusion","Cold Snap","Coolheaded","Conserve Battery","Ball Lightning","Turbo","Mayhem","Storm","Fission","Defragment","Ball Lightning"],"special_seed":0,"relics":["FrozenCore","Thread and Needle","Lantern","Nunchaku","War Paint","Mummified Hand","DataDisk"],"potions_floor_usage":[21],"damage_taken":[{"damage":0.0,"enemies":"Cultist","floor":1.0,"turns":4.0},{"damage":4.0,"enemies":"Small Slimes","floor":2.0,"turns":3.0},{"damage":0.0,"enemies":"Jaw Worm","floor":3.0,"turns":4.0},{"damage":7.0,"enemies":"Large Slime","floor":5.0,"turns":6.0},{"damage":22.0,"enemies":"Gremlin Nob","floor":6.0,"turns":4.0},{"damage":16.0,"enemies":"3 Sentries","floor":8.0,"turns":7.0},{"damage":7.0,"enemies":"Lots of Slimes","floor":12.0,"turns":5.0},{"damage":32,"enemies":"Slime Boss","floor":16,"turns":13},{"damage":4,"enemies":"Shell Parasite","floor":18,"turns":7},{"damage":20,"enemies":"3 Byrds","floor":20,"turns":6},{"damage":6,"enemies":"Shelled Parasite and Fungi","floor":21,"turns":8},{"damage":19,"enemies":"3 Cultists","floor":22,"turns":5}],"seed_played":"537758185321479641","potions_obtained":[{"floor":2.0,"key":"Strength Potion"},{"floor":3.0,"key":"GamblersBrew"},{"floor":8.0,"key":"EssenceOfSteel"}],"is_trial":false,"path_per_floor":["M","M","M","?","M","E","R","E","T","?","R","M","?","$","R","B",null,"M","?","M","M","M"],"character_chosen":"DEFECT","items_purchased":["Mayhem","Storm"],"campfire_rested":2,"item_purchase_floors":[14,14],"current_hp_per_floor":[64,60,60,55,48,26,47,31,31,31,31,24,24,24,45,13,57,53,39,19,13,0],"gold":227,"neow_bonus":"ONE_RARE_RELIC","is_prod":false,"is_daily":false,"chose_seed":false,"campfire_upgraded":1,"win_rate":0,"timestamp":1549403773,"path_taken":["M","M","?","?","M","E","R","E","T","?","R","?","?","$","R","BOSS","M","?","M","?","M"],"build_version":"2019-01-23","purchased_purges":0,"victory":false,"max_hp_per_floor":[71,71,71,71,71,71,71,71,71,71,71,71,71,71,71,71,71,71,71,71,71,71],"card_choices":[{"not_picked":["Cold Snap","Stack"],"picked":"Fusion","floor":1.0},{"not_picked":["Beam Cell","Gash"],"picked":"Cold Snap","floor":2.0},{"not_picked":["Streamline","Double Energy","Chaos"],"picked":"SKIP","floor":3.0},{"not_picked":["Barrage","Scrape"],"picked":"Cold Snap","floor":5.0},{"not_picked":["Cold Snap","Loop"],"picked":"Coolheaded","floor":6.0},{"not_picked":["Turbo","Genetic Algorithm"],"picked":"Conserve Battery","floor":8.0},{"not_picked":["Auto Shields","Redo"],"picked":"Ball Lightning","floor":12.0},{"not_picked":["Rainbow","Buffer"],"picked":"Fission","floor":16},{"not_picked":["Recycle","Sweeping Beam","Scrape"],"picked":"SKIP","floor":18},{"not_picked":["Sunder","Hologram"],"picked":"Defragment","floor":20},{"not_picked":["Cold Snap","BootSequence"],"picked":"Ball Lightning","floor":21}],"player_experience":758868,"relics_obtained":[{"floor":6.0,"key":"Nunchaku"},{"floor":8.0,"key":"War Paint"},{"floor":9.0,"key":"Mummified Hand"}],"event_choices":[{"damage_healed":0.0,"max_hp_gain":0.0,"max_hp_loss":0.0,"gold_gain":0.0,"event_name":"Scrap Ooze","player_choice":"Success","floor":4.0,"gold_loss":0.0,"damage_taken":5.0,"relics_obtained":["Lantern"]},{"cards_removed":["Cold Snap"],"damage_healed":0.0,"max_hp_gain":0.0,"max_hp_loss":0.0,"gold_gain":0.0,"event_name":"WeMeetAgain","player_choice":"Gave Card","floor":10.0,"gold_loss":0.0,"damage_taken":0.0,"relics_obtained":["DataDisk"]},{"damage_healed":0.0,"max_hp_gain":0.0,"max_hp_loss":0.0,"gold_gain":0.0,"cards_transformed":["Strike_B"],"event_name":"Living Wall","player_choice":"Change","floor":13.0,"gold_loss":0.0,"damage_taken":0.0,"cards_obtained":["Turbo"]},{"damage_healed":0,"gold_gain":90,"player_choice":"GOLD ","damage_taken":14,"max_hp_gain":0,"max_hp_loss":0,"event_name":"Knowing Skull","floor":19,"potions_obtained":[],"gold_loss":0,"cards_obtained":[]}],"is_beta":false,"boss_relics":[{"not_picked":["Busted Crown","Black Star"],"picked":"FrozenCore"}],"items_purged_floors":[],"is_endless":false,"potions_floor_spawned":[2,3,8],"killed_by":"3 Cultists","ascension_level":16}