{"gold_per_floor":[11,31,31,41,59,59,91,91,91,123,138,148,73,86,86,181,181,198,297,297,314,328,328,253,253,253,264,74,100,100,113,113,210,210,223,233,252,252,270,270,270,270,295,295,310,325,325,254,254,254,254,254,3,36,36],"floor_reached":56,"playtime":3553,"items_purged":["Strike_R","Strike_R"],"score":1327,"play_id":"a0c32782-987c-44d0-bc6c-d1d1ba392e90","local_time":"20190127000303","is_ascension_mode":true,"campfire_choices":[{"data":"Shrug It Off","floor":6,"key":"SMITH"},{"floor":8,"key":"REST"},{"data":"Body Slam","floor":15,"key":"SMITH"},{"floor":23,"key":"RECALL"},{"floor":25,"key":"REST"},{"data":"Corruption","floor":32,"key":"SMITH"},{"floor":40,"key":"REST"},{"floor":42,"key":"REST"},{"data":"Madness","floor":44,"key":"SMITH"},{"data":"Madness","floor":47,"key":"SMITH"},{"data":"Evolve","floor":49,"key":"SMITH"},{"data":"True Grit","floor":52,"key":"SMITH"}],"neow_cost":"NO_GOLD","seed_source_timestamp":1398917854175646,"circlet_count":0,"master_deck":["Defend_R","Defend_R","Defend_R","Defend_R","Bash+1","Finesse","Purity","Cleave+1","Shrug It Off+1","Offering","Second Wind","Body Slam+1","Reckless Charge","Reckless Charge","Exhume","Flame Barrier","True Grit+1","Shrug It Off","Bandage Up","Power Through+1","Corruption+1","Power Through","Impervious","Armaments+1","Madness+1","Madness+1","Shrug It Off+1","Evolve+1","Intimidate+1"],"relics":["Burning Blood","Ginger","Torii","Dead Branch","Mark of Pain","Enchiridion","Ice Cream","Pear","Empty Cage","Shuriken","Vajra"],"potions_floor_usage":[16,18,21,29,37,37,54,55],"damage_taken":[{"damage":7,"enemies":"Jaw Worm","floor":1,"turns":4},{"damage":3,"enemies":"2 Louse","floor":2,"turns":3},{"damage":0,"enemies":"Small Slimes","floor":4,"turns":2},{"damage":19,"enemies":"3 Louse","floor":5,"turns":3},{"damage":28,"enemies":"Gremlin Nob","floor":7,"turns":4},{"damage":22,"enemies":"3 Sentries","floor":10,"turns":10},{"damage":7,"enemies":"Blue Slaver","floor":11,"turns":3},{"damage":12,"enemies":"Exordium Thugs","floor":12,"turns":4},{"damage":0,"enemies":"2 Fungi Beasts","floor":14,"turns":3},{"damage":22,"enemies":"Slime Boss","floor":16,"turns":7},{"damage":9,"enemies":"Shell Parasite","floor":18,"turns":5},{"damage":0,"enemies":"Spheric Guardian","floor":21,"turns":3},{"damage":21,"enemies":"Shelled Parasite and Fungi","floor":22,"turns":4},{"damage":7,"enemies":"3 Cultists","floor":27,"turns":4},{"damage":11,"enemies":"Gremlin Leader","floor":29,"turns":4},{"damage":34,"enemies":"Centurion and Healer","floor":31,"turns":5},{"damage":6,"enemies":"Collector","floor":33,"turns":3},{"damage":7,"enemies":"3 Darklings","floor":35,"turns":3},{"damage":0,"enemies":"3 Shapes","floor":36,"turns":3},{"damage":68,"enemies":"Transient","floor":37,"turns":5},{"damage":0,"enemies":"3 Darklings","floor":39,"turns":3},{"damage":0,"enemies":"4 Shapes","floor":45,"turns":4},{"damage":0,"enemies":"Sphere and 2 Shapes","floor":46,"turns":4},{"damage":57,"enemies":"Awakened One","floor":50,"turns":6},{"damage":26,"enemies":"Shield and Spear","floor":54,"turns":6},{"damage":18,"enemies":"The Heart","floor":55,"turns":4}],"seed_played":"79008395453333965","potions_obtained":[{"floor":7,"key":"SmokeBomb"},{"floor":11,"key":"Weak Potion"},{"floor":12,"key":"Energy Potion"},{"floor":16,"key":"Weak Potion"},{"floor":21,"key":"Poison Potion"},{"floor":29,"key":"Energy Potion"},{"floor":31,"key":"PowerPotion"},{"floor":35,"key":"EssenceOfSteel"},{"floor":36,"key":"Energy Potion"},{"floor":46,"key":"SkillPotion"},{"floor":54,"key":"Regen Potion"}],"is_trial":false,"path_per_floor":["M","M","?","M","M","R","E","R","T","E","M","M","$","M","R","B",null,"M","?","?","M","M","R","?","R","T","M","$","E","?","M","R","B",null,"M","M","M","?","M","R","?","R","T","R","M","M","R","$","R","B",null,"R","$","E","B",null],"character_chosen":"IRONCLAD","items_purchased":["Bandage Up","Evolve","Shuriken"],"campfire_rested":4,"item_purchase_floors":[28,48,53],"current_hp_per_floor":[79,80,64,70,57,57,35,59,59,43,42,36,36,42,42,26,80,77,77,61,67,52,52,52,76,76,75,75,84,84,60,60,64,90,89,90,32,21,31,58,58,85,85,85,90,90,90,90,90,39,90,90,90,70,71],"gold":36,"neow_bonus":"RANDOM_COLORLESS_2","is_prod":false,"is_daily":false,"chose_seed":false,"campfire_upgraded":7,"win_rate":0,"timestamp":1548514983,"path_taken":["M","M","?","M","M","R","E","R","T","E","M","M","$","M","R","BOSS","M","?","?","M","M","R","?","R","T","M","$","E","?","?","R","BOSS","M","M","M","?","M","R","?","R","T","R","M","M","R","$","R","BOSS","R","$","E","BOSS"],"build_version":"2019-01-23","purchased_purges":2,"victory":true,"max_hp_per_floor":[80,80,80,80,80,80,80,80,80,80,80,80,80,80,80,80,80,80,80,80,80,80,80,80,80,80,80,80,90,90,90,90,90,90,90,90,90,90,90,90,90,90,90,90,90,90,90,90,90,90,90,90,90,90,90],"card_choices":[{"not_picked":["Searing Blow","Dropkick"],"picked":"Cleave","floor":1},{"not_picked":["Clash","Combust"],"picked":"Shrug It Off","floor":2},{"not_picked":["Sword Boomerang","Combust","Flex"],"picked":"SKIP","floor":4},{"not_picked":["Cleave","Perfected Strike","Hemokinesis"],"picked":"SKIP","floor":5},{"not_picked":["True Grit","Wild Strike"],"picked":"Offering","floor":7},{"not_picked":["Dark Embrace","Clothesline"],"picked":"Second Wind","floor":10},{"not_picked":["Headbutt","Armaments"],"picked":"Body Slam","floor":11},{"not_picked":["Body Slam","Flex"],"picked":"Reckless Charge","floor":12},{"not_picked":["Pommel Strike","Warcry"],"picked":"Reckless Charge","floor":14},{"not_picked":["Fiend Fire","Bludgeon"],"picked":"Exhume","floor":16},{"not_picked":["Combust","Armaments"],"picked":"Flame Barrier","floor":18},{"not_picked":["Body Slam+1","Metallicize"],"picked":"True Grit","floor":21},{"not_picked":["Flex+1","Headbutt"],"picked":"Shrug It Off","floor":22},{"not_picked":["Cleave","Pommel Strike+1","Thunderclap+1"],"picked":"SKIP","floor":27},{"not_picked":["Sentinel+1","Iron Wave"],"picked":"Power Through+1","floor":29},{"not_picked":["Clothesline+1","Fiend Fire"],"picked":"Power Through","floor":31},{"not_picked":["Reaper","Dark Embrace"],"picked":"Impervious","floor":33},{"not_picked":["Fire Breathing","Inflame"],"picked":"Armaments+1","floor":35},{"not_picked":["Carnage","Cleave+1"],"picked":"True Grit+1","floor":36},{"not_picked":["Perfected Strike","Metallicize","Pommel Strike+1"],"picked":"SKIP","floor":37},{"not_picked":["Havoc+1","Sword Boomerang+1"],"picked":"Shrug It Off+1","floor":39},{"not_picked":["Searing Blow","Flex","Dropkick+1"],"picked":"SKIP","floor":45},{"not_picked":["Rage+1","True Grit+1","Clash"],"picked":"SKIP","floor":46},{"not_picked":["Pummel","Carnage"],"picked":"Intimidate+1","floor":54}],"player_experience":697846,"relics_obtained":[{"floor":7,"key":"Ginger"},{"floor":9,"key":"Torii"},{"floor":10,"key":"Dead Branch"},{"floor":20,"key":"Enchiridion"},{"floor":26,"key":"Ice Cream"},{"floor":29,"key":"Pear"},{"floor":54,"key":"Vajra"}],"event_choices":[{"damage_healed":0,"gold_gain":0,"player_choice":"Entered Light","damage_taken":16,"max_hp_gain":0,"max_hp_loss":0,"event_name":"Shining Light","floor":3,"gold_loss":0,"cards_upgraded":["Cleave","Bash"]},{"damage_healed":0,"gold_gain":99,"player_choice":"Stole From Cult","damage_taken":0,"max_hp_gain":0,"max_hp_loss":0,"event_name":"Nest","floor":19,"gold_loss":0},{"damage_healed":0,"gold_gain":0,"player_choice":"Obtained Book","damage_taken":16,"max_hp_gain":0,"max_hp_loss":0,"event_name":"Cursed Tome","floor":20,"gold_loss":0},{"cards_removed":["Strike_R"],"damage_healed":0,"gold_gain":0,"player_choice":"Gave Gold","damage_taken":0,"max_hp_gain":0,"max_hp_loss":0,"event_name":"Beggar","floor":24,"gold_loss":75},{"damage_healed":0,"gold_gain":0,"player_choice":"Read","damage_taken":0,"max_hp_gain":0,"max_hp_loss":0,"event_name":"The Library","floor":30,"gold_loss":0,"cards_obtained":["Corruption"]},{"damage_healed":0,"gold_gain":0,"player_choice":"Embrace Madness","damage_taken":11,"max_hp_gain":0,"max_hp_loss":0,"event_name":"Winding Halls","floor":38,"gold_loss":0,"cards_obtained":["Madness","Madness"]},{"cards_removed":["True Grit"],"damage_healed":0,"gold_gain":0,"player_choice":"Removed Skill","damage_taken":0,"max_hp_gain":0,"max_hp_loss":0,"event_name":"Falling","floor":41,"gold_loss":0}],"is_beta":false,"boss_relics":[{"not_picked":["Eternal Feather","Fusion Hammer"],"picked":"Mark of Pain"},{"not_picked":["Lizard Tail","Astrolabe"],"picked":"Empty Cage"}],"items_purged_floors":[13,28],"is_endless":false,"potions_floor_spawned":[7,11,12,16,21,29,31,35,36,46,54],"ascension_level":2}