{"gold_per_floor":[114,39,39,114,14,42,62,92,92,118,137,165,165,185,185,288,288,306,322,322,237,14,14,14,26,26,26,26,42,42,59,59,156,156,167,167,16,33,43,43,59,76,76,76,92,92,109,127,127,127],"floor_reached":50,"playtime":1724,"items_purged":["Strike_R","Defend_R"],"score":724,"play_id":"7e652083-1a8a-4ac8-a87d-d00e22e20d5e","local_time":"20190203164741","is_ascension_mode":true,"campfire_choices":[{"data":"Whirlwind","floor":15,"key":"SMITH"},{"data":"Sword Boomerang","floor":23,"key":"SMITH"},{"data":"Spot Weakness","floor":27,"key":"SMITH"},{"floor":30,"key":"REST"},{"floor":32,"key":"RECALL"},{"data":"Disarm","floor":40,"key":"SMITH"},{"floor":46,"key":"REST"},{"data":"Limit Break","floor":49,"key":"SMITH"}],"neow_cost":"NONE","seed_source_timestamp":72696130937654,"circlet_count":0,"master_deck":["Strike_R","Strike_R","Strike_R","Strike_R","Defend_R","Defend_R","Defend_R+1","Bash+1","Whirlwind+1","Disarm+1","Sword Boomerang+1","Pommel Strike+1","Uppercut+1","Iron Wave+1","Sword Boomerang+1","Shrug It Off","Reaper+1","Feel No Pain","Battle Trance","Spot Weakness+1","Pommel Strike+1","Anger+1","Corruption+1","Limit Break+1","Sword Boomerang+1","Inflame+1","Shockwave+1"],"relics":["Black Blood","NeowsBlessing","Mango","Molten Egg 2","Bottled Flame","Boot","Omamori","Ancient Tea Set","Pen Nib","Sozu","Strawberry","Incense Burner"],"potions_floor_usage":[8,10,12,29,31,33,33,50],"damage_taken":[{"damage":0,"enemies":"Small Slimes","floor":1,"turns":1},{"damage":0,"enemies":"Lagavulin","floor":6,"turns":1},{"damage":0,"enemies":"2 Louse","floor":7,"turns":1},{"damage":20,"enemies":"Gremlin Nob","floor":8,"turns":4},{"damage":40,"enemies":"3 Sentries","floor":10,"turns":5},{"damage":1,"enemies":"Jaw Worm","floor":11,"turns":3},{"damage":18,"enemies":"Lagavulin","floor":12,"turns":6},{"damage":5,"enemies":"Exordium Wildlife","floor":14,"turns":3},{"damage":29,"enemies":"Slime Boss","floor":16,"turns":8},{"damage":22,"enemies":"Spheric Guardian","floor":18,"turns":4},{"damage":1,"enemies":"Chosen","floor":19,"turns":3},{"damage":23,"enemies":"Centurion and Healer","floor":25,"turns":7},{"damage":22,"enemies":"Snake Plant","floor":29,"turns":4},{"damage":0,"enemies":"Snecko","floor":31,"turns":2},{"damage":79,"enemies":"Automaton","floor":33,"turns":7},{"damage":10,"enemies":"Orb Walker","floor":35,"turns":3},{"damage":12,"enemies":"3 Darklings","floor":38,"turns":4},{"damage":11,"enemies":"Writhing Mass","floor":39,"turns":3},{"damage":65,"enemies":"Sphere and 2 Shapes","floor":41,"turns":4},{"damage":29,"enemies":"3 Darklings","floor":42,"turns":3},{"damage":38,"enemies":"Spire Growth","floor":45,"turns":4},{"damage":9,"enemies":"Writhing Mass","floor":47,"turns":4},{"damage":8,"enemies":"Transient","floor":48,"turns":5},{"damage":100,"enemies":"Donu and Deca","floor":50,"turns":6}],"seed_played":"6692952485482287367","potions_obtained":[{"floor":7,"key":"Swift Potion"},{"floor":8,"key":"SteroidPotion"},{"floor":11,"key":"Swift Potion"},{"floor":14,"key":"PowerPotion"},{"floor":16,"key":"Dexterity Potion"},{"floor":18,"key":"SneckoOil"},{"floor":19,"key":"SpeedPotion"},{"floor":29,"key":"Explosive Potion"},{"floor":31,"key":"FearPotion"}],"is_trial":false,"path_per_floor":["M","$","?","?","$","E","M","E","T","E","M","E","?","M","R","B",null,"M","M","?","?","$","R","$","M","T","R","$","M","R","M","R","B",null,"M","?","$","M","M","R","M","M","T","?","M","R","M","M","R","B"],"character_chosen":"IRONCLAD","items_purchased":["Ancient Tea Set","Spot Weakness","Strawberry"],"campfire_rested":2,"item_purchase_floors":[22,22,37],"current_hp_per_floor":[78,78,62,51,51,71,77,63,63,29,34,22,53,54,54,31,78,66,75,56,56,56,56,56,55,55,55,55,48,77,87,87,18,79,79,79,86,104,103,103,55,63,63,63,42,73,74,76,76,0],"gold":127,"neow_bonus":"THREE_ENEMY_KILL","is_prod":false,"is_daily":false,"chose_seed":false,"campfire_upgraded":5,"win_rate":0,"timestamp":1549208861,"path_taken":["M","$","?","?","$","E","M","E","T","E","M","E","?","M","R","BOSS","M","M","?","?","?","R","$","M","T","R","$","M","R","?","R","BOSS","M","?","$","?","M","R","M","M","T","?","M","R","M","M","R","BOSS"],"build_version":"2019-01-23","purchased_purges":2,"victory":false,"max_hp_per_floor":[80,80,80,80,80,94,94,94,94,94,94,94,94,94,94,94,94,94,94,99,99,99,99,99,99,99,99,99,99,99,99,99,99,99,99,99,106,106,106,106,106,106,106,106,106,106,106,106,106,106],"card_choices":[{"not_picked":["Havoc","Second Wind"],"picked":"Whirlwind","floor":1},{"not_picked":["Shrug It Off","Evolve"],"picked":"Disarm","floor":6},{"not_picked":["Pommel Strike","Wild Strike"],"picked":"Sword Boomerang","floor":7},{"not_picked":["Combust","Barricade"],"picked":"Pommel Strike","floor":8},{"not_picked":["Sword Boomerang+1","Fiend Fire+1"],"picked":"Uppercut+1","floor":10},{"not_picked":["True Grit","Warcry"],"picked":"Iron Wave+1","floor":11},{"not_picked":["Pommel Strike+1","Intimidate"],"picked":"Sword Boomerang+1","floor":12},{"not_picked":["Clothesline+1","Perfected Strike+1"],"picked":"Shrug It Off","floor":14},{"not_picked":["Fiend Fire+1","Dark Embrace"],"picked":"Reaper+1","floor":16},{"not_picked":["Combust","Bloodletting"],"picked":"Feel No Pain","floor":18},{"not_picked":["Flex+1","Twin Strike+1"],"picked":"Battle Trance","floor":19},{"not_picked":["Shrug It Off","Perfected Strike+1"],"picked":"Pommel Strike+1","floor":25},{"not_picked":["Heavy Blade+1","Dual Wield"],"picked":"Anger+1","floor":29},{"not_picked":["Twin Strike+1","Burning Pact"],"picked":"Corruption+1","floor":31},{"not_picked":["Immolate+1","Double Tap"],"picked":"Limit Break","floor":33},{"not_picked":["Havoc","Wild Strike+1","True Grit"],"picked":"SKIP","floor":35},{"not_picked":["Body Slam+1","Armaments"],"picked":"Sword Boomerang+1","floor":38},{"not_picked":["Rampage+1","Warcry","Pommel Strike+1"],"picked":"SKIP","floor":39},{"not_picked":["Body Slam+1","Twin Strike+1"],"picked":"Inflame+1","floor":41},{"not_picked":["Shrug It Off+1","Carnage+1","Armaments"],"picked":"SKIP","floor":42},{"not_picked":["Shrug It Off","Barricade"],"picked":"Shockwave+1","floor":45},{"not_picked":["True Grit+1","Flex","Perfected Strike+1"],"picked":"SKIP","floor":47},{"not_picked":["Body Slam+1","Fire Breathing","Havoc"],"picked":"SKIP","floor":48}],"player_experience":240757,"relics_obtained":[{"floor":6,"key":"Mango"},{"floor":8,"key":"Molten Egg 2"},{"floor":10,"key":"Bottled Flame"},{"floor":12,"key":"Boot"},{"floor":26,"key":"Pen Nib"},{"floor":43,"key":"Incense Burner"}],"event_choices":[{"damage_healed":0,"gold_gain":0,"player_choice":"Entered Light","damage_taken":16,"max_hp_gain":0,"max_hp_loss":0,"event_name":"Shining Light","floor":3,"gold_loss":0,"cards_upgraded":["Bash","Defend_R"]},{"damage_healed":0,"gold_gain":75,"player_choice":"Gather Gold","damage_taken":11,"max_hp_gain":0,"max_hp_loss":0,"event_name":"World of Goop","floor":4,"gold_loss":0},{"damage_healed":31,"gold_gain":0,"player_choice":"Banana","damage_taken":0,"max_hp_gain":0,"max_hp_loss":0,"event_name":"Big Fish","floor":13,"gold_loss":0},{"damage_healed":0,"gold_gain":0,"player_choice":"Shed Blood","damage_taken":24,"max_hp_gain":5,"max_hp_loss":0,"event_name":"Forgotten Altar","floor":20,"gold_loss":0},{"damage_healed":0,"gold_gain":0,"player_choice":"Obtained Relic","damage_taken":0,"relics_obtained":["Omamori"],"max_hp_gain":0,"max_hp_loss":0,"event_name":"Addict","floor":21,"gold_loss":85},{"damage_healed":0,"gold_gain":0,"player_choice":"Ignored","damage_taken":0,"max_hp_gain":0,"max_hp_loss":0,"event_name":"SecretPortal","floor":36,"gold_loss":0},{"damage_healed":0,"gold_gain":0,"player_choice":"Ignored","damage_taken":0,"max_hp_gain":0,"max_hp_loss":0,"event_name":"Tomb of Lord Red Mask","floor":44,"gold_loss":0}],"is_beta":true,"boss_relics":[{"not_picked":["Runic Dome","Ectoplasm"],"picked":"Black Blood"},{"not_picked":["Fusion Hammer","Eternal Feather"],"picked":"Sozu"}],"items_purged_floors":[2,5],"is_endless":false,"potions_floor_spawned":[7,8,11,14,16,18,19,29,31,35,42],"killed_by":"Donu and Deca","ascension_level":8}