{"path_per_floor":["M","?","?","M","M","R","E","M","T","?","R","M","M","?","R"],"character_chosen":"DEFECT","items_purchased":[],"gold_per_floor":[117,117,67,83,99,99,143,164,164,164,164,182,198,231,231,231],"floor_reached":16,"campfire_rested":2,"playtime":530,"item_purchase_floors":[],"current_hp_per_floor":[60,42,42,36,36,36,21,21,21,14,38,36,31,25,49,0],"items_purged":[],"gold":231,"score":102,"play_id":"a9904f27-ab30-4364-9a34-e8290269c245","local_time":"20180603224929","is_prod":false,"is_daily":false,"chose_seed":false,"is_ascension_mode":false,"campfire_upgraded":1,"win_rate":0.0,"timestamp":1528030169,"campfire_choices":[{"data":"BootSequence","floor":6,"key":"SMITH"},{"floor":11,"key":"REST"},{"floor":15,"key":"REST"}],"path_taken":["M","?","?","M","?","R","E","M","T","?","R","?","M","?","R","BOSS"],"build_version":"2018-05-31","seed_source_timestamp":38870045547070,"purchased_purges":0,"victory":false,"master_deck":["Strike_B","Strike_B","Defend_B","Defend_B","Defend_B","Defend_B","Zap","Dualcast","BootSequence+1","Scrape","Sweeping Beam","Seek","Fusion","Fusion"],"max_hp_per_floor":[75,75,75,75,75,75,80,80,80,80,80,80,80,80,80,80],"relics":["Cracked Core","Golden Idol","Ornamental Fan","Centennial Puzzle","Odd Mushroom"],"card_choices":[{"not_picked":["Heatsinks","Barrage"],"picked":"BootSequence","floor":1},{"not_picked":["BootSequence","Turbo"],"picked":"Scrape","floor":4},{"not_picked":["Ball Lightning","Beam Cell"],"picked":"Sweeping Beam","floor":5},{"not_picked":["Heatsinks","Aggregate"],"picked":"Seek","floor":7},{"not_picked":["Turbo","Stack"],"picked":"Fusion","floor":8},{"not_picked":["Leap","Conserve Battery","Streamline"],"picked":"SKIP","floor":12},{"not_picked":["Stack","Double Energy","Turbo"],"picked":"SKIP","floor":13},{"not_picked":["Coolheaded","Beam Cell"],"picked":"Fusion","floor":14}],"player_experience":302833,"potions_floor_usage":[7,7,16],"damage_taken":[{"damage":15,"enemies":"Small Slimes","floor":1,"turns":2},{"damage":6,"enemies":"Jaw Worm","floor":4,"turns":3},{"damage":0,"enemies":"2 Louse","floor":5,"turns":3},{"damage":20,"enemies":"Lagavulin","floor":7,"turns":6},{"damage":0,"enemies":"Lots of Slimes","floor":8,"turns":3},{"damage":2,"enemies":"3 Louse","floor":12,"turns":2},{"damage":5,"enemies":"2 Fungi Beasts","floor":13,"turns":3},{"damage":6,"enemies":"The Mushroom Lair","floor":14,"turns":3},{"damage":55,"enemies":"Hexaghost","floor":16,"turns":10}],"relics_obtained":[{"floor":7,"key":"Ornamental Fan"},{"floor":9,"key":"Centennial Puzzle"},{"floor":14,"key":"Odd Mushroom"}],"event_choices":[{"event_name":"Golden Idol","player_choice":"Take Damage","floor":2,"damage_taken":0},{"event_name":"The Cleric","player_choice":"Card Removal","floor":3,"damage_taken":0},{"event_name":"Golden Wing","player_choice":"Card Removal","floor":10,"damage_taken":0},{"event_name":"Mushrooms","player_choice":"Fought Mushrooms","floor":14,"damage_taken":0}],"boss_relics":[],"items_purged_floors":[],"potions_floor_spawned":[1,5,8],"seed_played":"-7968207524236533834","killed_by":"Hexaghost","ascension_level":0,"potions_obtained":[{"floor":1,"key":"Block Potion"},{"floor":5,"key":"Fruit Juice"},{"floor":8,"key":"Block Potion"}],"is_trial":false}