{"gold_per_floor":[110,128,128,128,147,147,179,16,87,99,115,115,125,125],"floor_reached":14,"playtime":394,"items_purged":["Strike_B"],"score":166,"play_id":"d8a64d80-8c5e-44bc-9cbe-ad6ef1f7c7a9","local_time":"20181108072753","is_ascension_mode":true,"campfire_choices":[{"data":"Streamline","floor":6,"key":"SMITH"},{"floor":12,"key":"REST"}],"neow_cost":"NONE","seed_source_timestamp":840045645904154,"circlet_count":0,"master_deck":["AscendersBane","Strike_B","Strike_B","Defend_B","Defend_B","Defend_B","Defend_B","Zap","Dualcast","FTL","Go for the Eyes","Streamline+1","Gash","Genetic Algorithm","Beam Cell","Undo","Conserve Battery"],"relics":["Cracked Core","NeowsBlessing","Happy Flower","Pen Nib","Pantograph"],"potions_floor_usage":[],"damage_taken":[{"damage":0,"enemies":"Cultist","floor":1,"turns":1},{"damage":0,"enemies":"2 Louse","floor":2,"turns":1},{"damage":0,"enemies":"Small Slimes","floor":5,"turns":1},{"damage":30,"enemies":"Lagavulin","floor":7,"turns":6},{"damage":8,"enemies":"Red Slaver","floor":10,"turns":4},{"damage":15,"enemies":"Large Slime","floor":11,"turns":4},{"damage":7,"enemies":"Looter","floor":13,"turns":3},{"damage":18,"enemies":"Exordium Thugs","floor":14,"turns":3}],"seed_played":"-5923612769214927770","potions_obtained":[{"floor":1,"key":"FocusPotion"},{"floor":2,"key":"PowerPotion"},{"floor":7,"key":"LiquidBronze"}],"is_trial":false,"path_per_floor":["M","M","?","?","M","R","E","$","T","M","M","R","M","M"],"character_chosen":"DEFECT","items_purchased":["Genetic Algorithm"],"campfire_rested":1,"item_purchase_floors":[8],"current_hp_per_floor":[64,64,57,57,57,57,27,27,27,19,4,25,18,0],"gold":125,"neow_bonus":"THREE_ENEMY_KILL","is_prod":false,"is_daily":false,"chose_seed":false,"campfire_upgraded":1,"win_rate":0,"timestamp":1541690873,"path_taken":["M","?","?","?","M","R","E","$","T","M","M","R","M","?"],"build_version":"2018-11-01","purchased_purges":1,"victory":false,"max_hp_per_floor":[71,71,71,71,71,71,71,71,71,71,71,71,71,71],"card_choices":[{"not_picked":["Auto Shields","Stack"],"picked":"FTL","floor":1},{"not_picked":["Consume","Lockon"],"picked":"Go for the Eyes","floor":2},{"not_picked":["Hologram","Fusion"],"picked":"Streamline","floor":5},{"not_picked":["Fusion","Double Energy"],"picked":"Gash","floor":7},{"not_picked":["Consume","Sunder"],"picked":"Beam Cell","floor":10},{"not_picked":["Stack","Turbo"],"picked":"Undo","floor":11},{"not_picked":["Hologram","Rebound"],"picked":"Conserve Battery","floor":13}],"player_experience":1256943,"relics_obtained":[{"floor":7,"key":"Pen Nib"},{"floor":9,"key":"Pantograph"}],"event_choices":[{"cards_removed":["Strike_B"],"damage_healed":0,"gold_gain":0,"player_choice":"Card Removal","damage_taken":7,"max_hp_gain":0,"max_hp_loss":0,"event_name":"Golden Wing","floor":3,"gold_loss":0},{"damage_healed":0,"gold_gain":0,"player_choice":"Gave Potion","damage_taken":0,"relics_obtained":["Happy Flower"],"max_hp_gain":0,"max_hp_loss":0,"event_name":"WeMeetAgain","floor":4,"gold_loss":0}],"is_beta":false,"boss_relics":[],"items_purged_floors":[8],"is_endless":false,"potions_floor_spawned":[1,2,7,11],"killed_by":"Exordium Thugs","ascension_level":16}