{"gold_per_floor":[18,68,85,96,110,143,143,170,196,196,207,132,151,183,183,260,260,270,270,270,282,282,282,302,322,369,284,284,284,284,302,302,302],"floor_reached":33,"playtime":1757,"items_purged":["Strike_B"],"score":481,"play_id":"bdc0b3b7-b44e-4444-8e2b-93f710ef48dd","local_time":"20181112153545","is_ascension_mode":true,"campfire_choices":[{"floor":7.0,"key":"REST"},{"floor":10.0,"key":"REST"},{"data":"Capacitor","floor":15.0,"key":"SMITH"},{"floor":23,"key":"DIG"},{"floor":28,"key":"DIG"},{"floor":30,"key":"DIG"},{"floor":32,"key":"REST"}],"neow_cost":"NO_GOLD","seed_source_timestamp":0,"circlet_count":0,"master_deck":["AscendersBane","Strike_B","Strike_B","Strike_B","Defend_B","Defend_B","Defend_B","Defend_B","Zap","Dualcast","Genetic Algorithm","Ball Lightning","Melter","Sweeping Beam","Compile Driver","Coolheaded","Conserve Battery","Streamline","Capacitor+1","Echo Form","Hologram","Zap","Go for the Eyes","Writhe","Coolheaded"],"special_seed":0,"relics":["Cracked Core","Shovel","FossilizedHelix","Juzu Bracelet","Blood Vial","Art of War","Sozu","DataDisk","Strawberry","Centennial Puzzle","Unceasing Top","WingedGreaves","Bottled Tornado"],"potions_floor_usage":[],"damage_taken":[{"damage":6.0,"enemies":"2 Louse","floor":1.0,"turns":3.0},{"damage":0.0,"enemies":"Cultist","floor":3.0,"turns":3.0},{"damage":8.0,"enemies":"Small Slimes","floor":4.0,"turns":3.0},{"damage":8.0,"enemies":"3 Louse","floor":5.0,"turns":5.0},{"damage":30.0,"enemies":"3 Sentries","floor":6.0,"turns":6.0},{"damage":20.0,"enemies":"Lagavulin","floor":8.0,"turns":7.0},{"damage":0.0,"enemies":"Red Slaver","floor":11.0,"turns":3.0},{"damage":0.0,"enemies":"Lots of Slimes","floor":13.0,"turns":1.0},{"damage":11.0,"enemies":"3 Sentries","floor":14.0,"turns":8.0},{"damage":25.0,"enemies":"Hexaghost","floor":16.0,"turns":9.0},{"damage":9,"enemies":"3 Byrds","floor":18,"turns":5},{"damage":0,"enemies":"Chosen","floor":21,"turns":4},{"damage":0,"enemies":"Snecko","floor":24,"turns":6},{"damage":8,"enemies":"Shelled Parasite and Fungi","floor":25,"turns":7},{"damage":4,"enemies":"Chosen and Byrds","floor":31,"turns":6},{"damage":81,"enemies":"Champ","floor":33,"turns":13}],"seed_played":"-2451328650532782436","potions_obtained":[{"floor":3.0,"key":"SkillPotion"},{"floor":4.0,"key":"LiquidBronze"},{"floor":6.0,"key":"Explosive Potion"},{"floor":14.0,"key":"Explosive Potion"},{"floor":16.0,"key":"EntropicBrew"}],"is_trial":false,"path_per_floor":["M","?","M","M","M","E","R","E","T","R","M","$","M","E","R","B",null,"M","$","?","M","?","R","M","M","T","?","R","?","R","M","R","B"],"character_chosen":"DEFECT","items_purchased":[],"campfire_rested":3,"item_purchase_floors":[],"current_hp_per_floor":[58,58,58,50,42,12,33,13,13,34,36,36,38,29,29,6,55,48,48,48,50,50,57,59,53,53,53,53,53,53,51,74,0],"gold":302,"neow_bonus":"ONE_RARE_RELIC","is_prod":false,"is_daily":false,"chose_seed":false,"campfire_upgraded":1,"win_rate":0,"timestamp":1542065745,"path_taken":["M","?","M","M","?","E","R","E","T","R","M","$","M","E","R","BOSS","M","$","?","M","?","R","M","M","T","?","R","?","R","M","R","BOSS"],"build_version":"2018-11-08","purchased_purges":1,"victory":false,"max_hp_per_floor":[71,71,71,71,71,71,71,71,71,71,71,71,71,71,71,71,71,71,71,71,71,71,78,78,78,78,78,78,78,78,78,78,78],"card_choices":[{"not_picked":["Gash","Static Discharge"],"picked":"Genetic Algorithm","floor":1.0},{"not_picked":["Reprogram","Barrage"],"picked":"Ball Lightning","floor":3.0},{"not_picked":["Genetic Algorithm","Conserve Battery"],"picked":"Melter","floor":4.0},{"not_picked":["Steam","Rip and Tear"],"picked":"Sweeping Beam","floor":5.0},{"not_picked":["FTL","Skim"],"picked":"Compile Driver","floor":6.0},{"not_picked":["Rip and Tear","Beam Cell"],"picked":"Coolheaded","floor":8.0},{"not_picked":["Barrage","Fission"],"picked":"Conserve Battery","floor":11.0},{"not_picked":["Sweeping Beam","Leap"],"picked":"Streamline","floor":13.0},{"not_picked":["FTL","Blizzard"],"picked":"Capacitor","floor":14.0},{"not_picked":["Reboot","Rainbow"],"picked":"Echo Form","floor":16.0},{"not_picked":["Hello World+1","Coolheaded"],"picked":"Hologram","floor":18},{"not_picked":["Leap","Hologram"],"picked":"Go for the Eyes","floor":21},{"not_picked":["Chill","Redo","Doom and Gloom"],"picked":"SKIP","floor":24},{"not_picked":["Double Energy+1","Go for the Eyes"],"picked":"Coolheaded","floor":25},{"not_picked":["Cold Snap","Tempest","Sweeping Beam+1"],"picked":"SKIP","floor":31}],"player_experience":1267369,"relics_obtained":[{"floor":6.0,"key":"FossilizedHelix"},{"floor":8.0,"key":"Juzu Bracelet"},{"floor":9.0,"key":"Blood Vial"},{"floor":14.0,"key":"Art of War"},{"floor":23,"key":"Strawberry"},{"floor":26,"key":"Centennial Puzzle"},{"floor":28,"key":"WingedGreaves"},{"floor":30,"key":"Bottled Tornado"}],"event_choices":[{"damage_healed":0.0,"max_hp_gain":0.0,"max_hp_loss":0.0,"gold_gain":50.0,"event_name":"Golden Shrine","player_choice":"Pray","floor":2.0,"gold_loss":0.0,"damage_taken":0.0},{"damage_healed":0,"gold_gain":0,"player_choice":"1 cards matched","damage_taken":0,"max_hp_gain":0,"max_hp_loss":0,"event_name":"Match and Keep!","floor":20,"gold_loss":0,"cards_obtained":["Zap"]},{"damage_healed":0,"gold_gain":0,"player_choice":"Opened","damage_taken":0,"relics_obtained":["DataDisk"],"max_hp_gain":0,"max_hp_loss":0,"event_name":"The Mausoleum","floor":22,"gold_loss":0,"cards_obtained":["Writhe"]},{"damage_healed":0,"gold_gain":0,"player_choice":"Obtained Relic","damage_taken":0,"relics_obtained":["Unceasing Top"],"max_hp_gain":0,"max_hp_loss":0,"event_name":"Addict","floor":27,"gold_loss":85},{"damage_healed":0,"gold_gain":0,"player_choice":"Got Potions","damage_taken":0,"max_hp_gain":0,"max_hp_loss":0,"event_name":"Lab","floor":29,"gold_loss":0}],"is_beta":false,"boss_relics":[{"not_picked":["Fusion Hammer","White Beast Statue"],"picked":"Sozu"}],"items_purged_floors":[12],"is_endless":false,"potions_floor_spawned":[3,4,6,8,14,16,25,31],"killed_by":"Champ","ascension_level":16}