{"gold_per_floor":[114,128,128,128,203,229,229,257,257,287,300,53,68,86,86,187,187,207,207,167,180,130,130],"floor_reached":23,"playtime":1013,"items_purged":["Strike_R"],"score":328,"play_id":"e124b726-cd85-45a0-99dd-2d6c29e0290e","local_time":"20190101124423","is_ascension_mode":true,"campfire_choices":[{"data":"Anger","floor":7,"key":"SMITH"},{"data":"Demon Form","floor":15,"key":"SMITH"}],"neow_cost":"NONE","seed_source_timestamp":972884735844790,"circlet_count":0,"master_deck":["Strike_R","Strike_R","Strike_R","Strike_R","Defend_R","Defend_R","Defend_R","Bash","Armaments+1","Perfected Strike","Anger+1","Ghostly Armor","Metallicize+1","Flame Barrier","Demon Form+1","Dropkick","Heavy Blade","Double Tap","Blood for Blood","Pummel","Heavy Blade"],"relics":["Black Blood","NeowsBlessing","Kunai","Meat on the Bone","Letter Opener","Smiling Mask"],"potions_floor_usage":[16,16,16,18,18,23],"damage_taken":[{"damage":0,"enemies":"Cultist","floor":1,"turns":1},{"damage":0,"enemies":"2 Louse","floor":2,"turns":2},{"damage":0,"enemies":"Gremlin Nob","floor":6,"turns":1},{"damage":19,"enemies":"3 Sentries","floor":8,"turns":7},{"damage":23,"enemies":"Lagavulin","floor":10,"turns":5},{"damage":7,"enemies":"Jaw Worm","floor":11,"turns":2},{"damage":6,"enemies":"Looter","floor":13,"turns":3},{"damage":0,"enemies":"Blue Slaver","floor":14,"turns":4},{"damage":22,"enemies":"The Guardian","floor":16,"turns":8},{"damage":6,"enemies":"3 Byrds","floor":18,"turns":3},{"damage":23,"enemies":"Spheric Guardian","floor":21,"turns":5},{"damage":64,"enemies":"Book of Stabbing","floor":23,"turns":5}],"seed_played":"9136616457864903794","potions_obtained":[{"floor":10,"key":"EssenceOfSteel"},{"floor":11,"key":"Poison Potion"},{"floor":13,"key":"Weak Potion"}],"is_trial":false,"path_per_floor":["M","M","?","?","?","E","R","E","T","E","M","$","M","M","R","B",null,"M","?","?","M","$","E"],"character_chosen":"IRONCLAD","items_purchased":["Demon Form","EntropicBrew"],"campfire_rested":0,"item_purchase_floors":[12,12],"current_hp_per_floor":[78,80,73,73,62,68,68,55,55,50,49,49,49,55,55,51,73,77,77,77,64,64,0],"gold":130,"neow_bonus":"THREE_ENEMY_KILL","is_prod":false,"is_daily":false,"chose_seed":false,"campfire_upgraded":2,"win_rate":0,"timestamp":1546368263,"path_taken":["M","?","?","?","?","E","R","E","T","E","M","?","M","M","R","BOSS","M","?","?","?","$","E"],"build_version":"2018-12-20","purchased_purges":1,"victory":false,"max_hp_per_floor":[80,80,80,80,80,80,80,80,80,80,80,80,80,80,80,80,80,80,80,80,80,80,80],"card_choices":[{"not_picked":["Clothesline","Searing Blow"],"picked":"Armaments","floor":1},{"not_picked":["Shockwave","Fire Breathing"],"picked":"Perfected Strike","floor":2},{"not_picked":["Rupture","Heavy Blade"],"picked":"Anger","floor":6},{"not_picked":["Havoc","Blood for Blood"],"picked":"Ghostly Armor","floor":8},{"not_picked":["True Grit","Rupture"],"picked":"Metallicize","floor":10},{"not_picked":["Heavy Blade","Rage"],"picked":"Flame Barrier","floor":11},{"not_picked":["Cleave","Bloodletting"],"picked":"Dropkick","floor":13},{"not_picked":["Iron Wave","Headbutt"],"picked":"Heavy Blade","floor":14},{"not_picked":["Brutality","Exhume"],"picked":"Double Tap","floor":16},{"not_picked":["Havoc+1","Disarm"],"picked":"Blood for Blood","floor":18},{"not_picked":["Shrug It Off","Thunderclap"],"picked":"Heavy Blade","floor":21}],"player_experience":361160,"relics_obtained":[{"floor":6,"key":"Kunai"},{"floor":8,"key":"Meat on the Bone"},{"floor":9,"key":"Letter Opener"},{"floor":10,"key":"Smiling Mask"}],"event_choices":[{"cards_removed":["Defend_R"],"damage_healed":0,"gold_gain":0,"player_choice":"Card Removal","damage_taken":7,"max_hp_gain":0,"max_hp_loss":0,"event_name":"Golden Wing","floor":3,"gold_loss":0},{"damage_healed":0,"gold_gain":0,"player_choice":"Grow","damage_taken":0,"max_hp_gain":0,"max_hp_loss":0,"event_name":"Living Wall","floor":4,"gold_loss":0,"cards_upgraded":["Armaments"]},{"damage_healed":0,"gold_gain":75,"player_choice":"Gather Gold","damage_taken":11,"max_hp_gain":0,"max_hp_loss":0,"event_name":"World of Goop","floor":5,"gold_loss":0},{"damage_healed":0,"gold_gain":0,"player_choice":"Read","damage_taken":0,"max_hp_gain":0,"max_hp_loss":0,"event_name":"The Library","floor":19,"gold_loss":0,"cards_obtained":["Pummel"]},{"damage_healed":0,"gold_gain":0,"player_choice":"Upgrade","damage_taken":0,"max_hp_gain":0,"max_hp_loss":0,"event_name":"Designer","floor":20,"gold_loss":40,"cards_upgraded":["Metallicize"]}],"is_beta":false,"boss_relics":[{"not_picked":["Orrery","Empty Cage"],"picked":"Black Blood"}],"items_purged_floors":[22],"is_endless":false,"potions_floor_spawned":[10,11,13],"killed_by":"Book of Stabbing","ascension_level":8}