{"gold_per_floor":[111,111,111,123,35,64,64,74,97,124,124,138,148,166,166,237,237,252,262,262],"floor_reached":20,"playtime":799,"items_purged":[],"score":372,"play_id":"99e44d6e-8a8e-49d7-a8d4-f4fca968e040","local_time":"20181209195102","is_ascension_mode":true,"campfire_choices":[{"floor":7,"key":"REST"},{"floor":11,"key":"REST"},{"floor":15,"key":"REST"}],"neow_cost":"NONE","seed_source_timestamp":195728497689540,"circlet_count":0,"master_deck":["AscendersBane","Strike_R","Strike_R","Strike_R","Strike_R","Strike_R","Defend_R","Defend_R+1","Defend_R","Defend_R+1","Bash+1","Reckless Charge","Pommel Strike","Regret","Body Slam","Armaments","Flame Barrier","Warcry","Feel No Pain","Shockwave","Shrug It Off","Sword Boomerang","Immolate","Ghostly Armor","Dark Embrace","Shrug It Off"],"relics":["Burning Blood","Centennial Puzzle","Dream Catcher","Vajra","War Paint","Black Star"],"potions_floor_usage":[10,16,18],"damage_taken":[{"damage":12,"enemies":"Jaw Worm","floor":1,"turns":2},{"damage":7,"enemies":"Small Slimes","floor":4,"turns":3},{"damage":52,"enemies":"Lagavulin","floor":6,"turns":6},{"damage":2,"enemies":"Cultist","floor":8,"turns":4},{"damage":16,"enemies":"3 Sentries","floor":10,"turns":7},{"damage":20,"enemies":"Lots of Slimes","floor":12,"turns":6},{"damage":6,"enemies":"Red Slaver","floor":13,"turns":3},{"damage":21,"enemies":"Gremlin Gang","floor":14,"turns":3},{"damage":18,"enemies":"Slime Boss","floor":16,"turns":6},{"damage":9,"enemies":"3 Byrds","floor":18,"turns":3},{"damage":18,"enemies":"Chosen","floor":19,"turns":6},{"damage":54,"enemies":"Snake Plant","floor":20,"turns":7}],"seed_played":"-695430861922647124","potions_obtained":[{"floor":6,"key":"PowerPotion"},{"floor":10,"key":"LiquidBronze"},{"floor":13,"key":"Fire Potion"}],"is_trial":false,"path_per_floor":["M","?","?","M","$","E","R","M","T","E","R","M","M","M","R","B",null,"M","M","M"],"character_chosen":"IRONCLAD","items_purchased":["Armaments","Flame Barrier"],"campfire_rested":3,"item_purchase_floors":[5,5],"current_hp_per_floor":[62,62,62,61,61,15,37,41,41,31,53,39,39,24,46,34,65,62,50,0],"gold":262,"neow_bonus":"THREE_CARDS","is_prod":false,"is_daily":false,"chose_seed":false,"campfire_upgraded":0,"win_rate":0,"timestamp":1544410262,"path_taken":["M","?","?","?","?","E","R","M","T","E","R","?","M","M","R","BOSS","M","M","?"],"build_version":"2018-12-06","purchased_purges":0,"victory":false,"max_hp_per_floor":[75,75,75,75,75,75,75,75,75,75,75,75,75,75,75,75,75,75,75,75],"card_choices":[{"not_picked":["Battle Trance","Perfected Strike"],"picked":"Reckless Charge","floor":0},{"not_picked":["Metallicize","Sever Soul"],"picked":"Pommel Strike","floor":1},{"not_picked":["Perfected Strike","Flex"],"picked":"Body Slam","floor":4},{"not_picked":["Twin Strike","Fire Breathing"],"picked":"Warcry","floor":6},{"not_picked":["Iron Wave","True Grit"],"picked":"Feel No Pain","floor":7},{"not_picked":["Wild Strike","Second Wind"],"picked":"Shockwave","floor":8},{"not_picked":["Armaments","Power Through"],"picked":"Shrug It Off","floor":10},{"not_picked":["Shrug It Off","Wild Strike"],"picked":"Sword Boomerang","floor":12},{"not_picked":["Dual Wield","Power Through"],"picked":"Immolate","floor":13},{"not_picked":["Anger","Combust"],"picked":"Ghostly Armor","floor":14},{"not_picked":["Juggernaut","Immolate"],"picked":"Dark Embrace","floor":16},{"not_picked":["Reckless Charge+1","Twin Strike","Anger"],"picked":"SKIP","floor":18},{"not_picked":["Sword Boomerang","Thunderclap"],"picked":"Shrug It Off","floor":19}],"player_experience":568251,"relics_obtained":[{"floor":6,"key":"Dream Catcher"},{"floor":9,"key":"Vajra"},{"floor":10,"key":"War Paint"}],"event_choices":[{"damage_healed":0,"gold_gain":0,"player_choice":"Box","damage_taken":0,"relics_obtained":["Centennial Puzzle"],"max_hp_gain":0,"max_hp_loss":0,"event_name":"Big Fish","floor":2,"gold_loss":0,"cards_obtained":["Regret"]},{"damage_healed":0,"gold_gain":0,"player_choice":"Upgraded","damage_taken":0,"max_hp_gain":0,"max_hp_loss":0,"event_name":"Upgrade Shrine","floor":3,"gold_loss":0,"cards_upgraded":["Bash"]}],"is_beta":false,"boss_relics":[{"not_picked":["Cursed Key","Astrolabe"],"picked":"Black Star"}],"items_purged_floors":[],"is_endless":false,"potions_floor_spawned":[6,10,13],"killed_by":"Snake Plant","ascension_level":20}