{"gold_per_floor":[110,110,60,76,96,125,152,152,179,214,214,214,228,239,239,334,334,334,334,334,334,334,334,334,334,334,334,334,334,129,129,129,129],"floor_reached":33,"playtime":1177,"items_purged":[],"score":325,"play_id":"5cc99ff0-e60c-4f5a-bb03-fdef44941f62","local_time":"20180716121227","is_ascension_mode":false,"campfire_choices":[{"floor":8,"key":"REST"},{"floor":15,"key":"REST"},{"data":"Static Discharge","floor":23,"key":"SMITH"},{"data":"Defragment","floor":25,"key":"SMITH"},{"floor":32,"key":"REST"}],"neow_cost":"NONE","seed_source_timestamp":2434162579734,"circlet_count":0,"master_deck":["Strike_B","Strike_B","Defend_B","Defend_B","Defend_B","Defend_B","Zap","Dualcast","Loop","Defragment","Static Discharge+1","Defragment+1","Gash","Gash","Electrodynamics","Defragment","Gash","Necronomicurse","Ghostly","Ghostly","Ghostly","Ghostly","Ghostly","White Noise","Apotheosis","Gash"],"relics":["Cracked Core","Happy Flower","Odd Mushroom","Orichalcum","Bottled Flame","DataDisk","Ectoplasm","Necronomicon","Oddly Smooth Stone","Emotion Chip","Darkstone Periapt"],"potions_floor_usage":[7,16,16,31],"damage_taken":[{"damage":0,"enemies":"Small Slimes","floor":1,"turns":3},{"damage":0,"enemies":"2 Louse","floor":4,"turns":3},{"damage":8,"enemies":"Jaw Worm","floor":5,"turns":4},{"damage":22,"enemies":"3 Sentries","floor":6,"turns":6},{"damage":16,"floor":7,"turns":4},{"damage":15,"enemies":"Lagavulin","floor":10,"turns":6},{"damage":0,"enemies":"2 Fungi Beasts","floor":13,"turns":4},{"damage":0,"enemies":"Large Slime","floor":14,"turns":4},{"damage":20,"enemies":"Hexaghost","floor":16,"turns":6},{"damage":18,"enemies":"Spheric Guardian","floor":18,"turns":3},{"damage":0,"enemies":"Chosen","floor":22,"turns":5},{"damage":0,"enemies":"Snecko","floor":24,"turns":5},{"damage":18,"enemies":"Book of Stabbing","floor":27,"turns":5},{"damage":0,"enemies":"3 Cultists","floor":28,"turns":5},{"damage":8,"enemies":"Centurion and Healer","floor":31,"turns":4},{"damage":42,"enemies":"Automaton","floor":33,"turns":6}],"seed_played":"-3501729995109246294","potions_obtained":[{"floor":7,"key":"FocusPotion"},{"floor":14,"key":"AttackPotion"},{"floor":16,"key":"SteroidPotion"},{"floor":22,"key":"Block Potion"}],"is_trial":false,"path_per_floor":["M","?","?","M","M","E","?","R","T","E","$","?","M","M","R","B",null,"M","?","?","?","M","R","M","R","T","E","M","T","$","M","R"],"character_chosen":"DEFECT","items_purchased":["Apotheosis"],"campfire_rested":3,"item_purchase_floors":[30],"current_hp_per_floor":[75,68,68,68,60,38,22,44,44,29,29,17,17,17,39,19,75,57,57,41,37,37,37,37,37,37,19,19,19,19,11,22,0],"gold":129,"neow_bonus":"THREE_SMALL_POTIONS","is_prod":false,"is_daily":false,"chose_seed":false,"campfire_upgraded":2,"win_rate":0.0,"timestamp":1531707147,"path_taken":["M","?","?","M","M","E","?","R","T","E","?","?","M","M","R","BOSS","M","?","?","?","M","R","?","R","T","E","M","?","$","M","R","BOSS"],"build_version":"2018-07-12","purchased_purges":0,"victory":false,"max_hp_per_floor":[75,75,75,75,75,75,75,75,75,75,75,75,75,75,75,75,75,75,75,75,37,37,37,37,37,37,37,37,37,37,37,37,37],"card_choices":[{"not_picked":["Steam","Rebound"],"picked":"Loop","floor":1},{"not_picked":["Sweeping Beam","Rip and Tear"],"picked":"Defragment","floor":4},{"not_picked":["Hello World","Tempest"],"picked":"Static Discharge","floor":5},{"not_picked":["Steam","Barrage"],"picked":"Defragment","floor":6},{"not_picked":["All For One","Sweeping Beam"],"picked":"Gash","floor":10},{"not_picked":["Turbo","Force Field"],"picked":"Gash","floor":13},{"not_picked":["Tempest","Turbo","Compile Driver"],"picked":"SKIP","floor":14},{"not_picked":["Amplify","Rainbow"],"picked":"Electrodynamics","floor":16},{"not_picked":["Compile Driver","Hologram"],"picked":"Defragment","floor":18},{"not_picked":["Streamline","Beam Cell"],"picked":"White Noise","floor":22},{"not_picked":["Steam","Darkness","Reprogram+1"],"picked":"SKIP","floor":24},{"not_picked":["Hologram","Go for the Eyes","Cold Snap"],"picked":"SKIP","floor":27},{"not_picked":["Beam Cell","Streamline","Fission"],"picked":"SKIP","floor":28},{"not_picked":["Double Energy","Cold Snap"],"picked":"Gash","floor":31}],"player_experience":371384,"relics_obtained":[{"floor":6,"key":"Happy Flower"},{"floor":7,"key":"Odd Mushroom"},{"floor":9,"key":"Orichalcum"},{"floor":10,"key":"Bottled Flame"},{"floor":20,"key":"Necronomicon"},{"floor":26,"key":"Oddly Smooth Stone"},{"floor":27,"key":"Emotion Chip"},{"floor":29,"key":"Darkstone Periapt"}],"event_choices":[{"event_name":"Golden Wing","player_choice":"Card Removal","floor":2,"damage_taken":0},{"event_name":"The Cleric","player_choice":"Card Removal","floor":3,"damage_taken":0},{"event_name":"Mushrooms","player_choice":"Fought Mushrooms","floor":7,"damage_taken":0},{"event_name":"Scrap Ooze","player_choice":"success","floor":12,"damage_taken":12},{"event_name":"Duplicator","player_choice":"One dupe","floor":19,"damage_taken":0},{"event_name":"Cursed Tome","player_choice":"Obtained Book","floor":20,"damage_taken":0},{"event_name":"Ghosts","player_choice":"Became a Ghost","floor":21,"damage_taken":0}],"boss_relics":[{"not_picked":["Coffee Dripper","Busted Crown"],"picked":"Ectoplasm"}],"items_purged_floors":[],"is_endless":false,"potions_floor_spawned":[5,7,13,14,16,22,28],"killed_by":"Automaton","ascension_level":0}