{"gold_per_floor":[111,111,111,130,147,147,177,177,177,102,127,127,161,61,61,158,158,168,168,188,205,305,305,315,40,64,96,111,111,138,53,53,150,150,165,165,165,182,198,232,232,265,265,282,88,104,104,0,0,0],"floor_reached":51,"playtime":2545,"items_purged":["Strike_R","Strike_R","Strike_R"],"score":1091,"play_id":"1bce6935-472c-4f66-b3cf-0ccbd82253c0","local_time":"20190101220504","is_ascension_mode":true,"campfire_choices":[{"data":"Body Slam","floor":6,"key":"SMITH"},{"data":"Whirlwind","floor":8,"key":"SMITH"},{"data":"Body Slam","floor":12,"key":"SMITH"},{"data":"Bash","floor":15,"key":"SMITH"},{"data":"Limit Break","floor":23,"key":"SMITH"},{"data":"Fiend Fire","floor":32,"key":"SMITH"},{"data":"Body Slam","floor":41,"key":"SMITH"},{"data":"Limit Break","floor":47,"key":"SMITH"},{"data":"Evolve","floor":49,"key":"SMITH"}],"neow_cost":"NONE","seed_source_timestamp":1004982402000289,"circlet_count":0,"master_deck":["Strike_R+1","Defend_R","Defend_R","Defend_R","Bash+1","Ghostly Armor+1","Whirlwind+1","Body Slam+1","Headbutt+1","Evolve+1","Body Slam+1","Reaper+1","Limit Break+1","Power Through+1","Power Through+1","Body Slam+1","Feel No Pain","Warcry+1","Fiend Fire+1","Necronomicurse","Inflame","Limit Break+1","Body Slam+1","True Grit+1","Hemokinesis+1","Body Slam+1"],"relics":["Burning Blood","Mummified Hand","Vajra","Peace Pipe","Odd Mushroom","Bag of Preparation","Lizard Tail","MutagenicStrength","Pen Nib","Bronze Scales","Gremlin Horn","Necronomicon","Potion Belt","Matryoshka","Busted Crown","Centennial Puzzle","Orichalcum","FossilizedHelix","Blood Vial","Whetstone","Red Mask"],"potions_floor_usage":[11,16,16,24,40,42,50,50,50,50],"damage_taken":[{"damage":2,"enemies":"Jaw Worm","floor":1,"turns":3},{"damage":2,"enemies":"Small Slimes","floor":4,"turns":3},{"damage":0,"enemies":"2 Louse","floor":5,"turns":3},{"damage":22,"enemies":"Lagavulin","floor":7,"turns":5},{"damage":18,"enemies":"The Mushroom Lair","floor":11,"turns":3},{"damage":7,"enemies":"3 Sentries","floor":13,"turns":4},{"damage":14,"enemies":"Hexaghost","floor":16,"turns":8},{"damage":12,"enemies":"Shell Parasite","floor":18,"turns":5},{"damage":0,"enemies":"3 Byrds","floor":20,"turns":3},{"damage":30,"enemies":"Snake Plant","floor":21,"turns":4},{"damage":0,"enemies":"3 Cultists","floor":24,"turns":3},{"damage":20,"enemies":"Slavers","floor":27,"turns":5},{"damage":0,"enemies":"Centurion and Healer","floor":28,"turns":6},{"damage":16,"enemies":"Book of Stabbing","floor":30,"turns":4},{"damage":15,"enemies":"Collector","floor":33,"turns":3},{"damage":8,"enemies":"3 Shapes","floor":35,"turns":2},{"damage":0,"enemies":"3 Darklings","floor":38,"turns":2},{"damage":25,"enemies":"Transient","floor":39,"turns":5},{"damage":30,"enemies":"Reptomancer","floor":40,"turns":4},{"damage":44,"enemies":"Nemesis","floor":42,"turns":5},{"damage":0,"enemies":"Maw","floor":44,"turns":5},{"damage":12,"enemies":"4 Shapes","floor":46,"turns":1},{"damage":20,"enemies":"Awakened One","floor":50,"turns":6}],"seed_played":"940397210538535616","potions_obtained":[{"floor":1,"key":"Poison Potion"},{"floor":4,"key":"Fruit Juice"},{"floor":13,"key":"Block Potion"},{"floor":20,"key":"SteroidPotion"},{"floor":21,"key":"FairyPotion"},{"floor":27,"key":"Dexterity Potion"},{"floor":28,"key":"Ancient Potion"},{"floor":39,"key":"Block Potion"},{"floor":40,"key":"Regen Potion"},{"floor":42,"key":"Weak Potion"}],"is_trial":false,"path_per_floor":["M","?","?","M","M","R","E","R","T","$","?","R","E","$","R","B",null,"M","?","M","M","?","R","M","$","T","E","M","?","E","?","R","B",null,"M","?","?","M","M","E","R","E","T","M","$","M","R","?","R","B",null],"character_chosen":"IRONCLAD","items_purchased":["Pen Nib","Whetstone","Strength Potion"],"campfire_rested":0,"item_purchase_floors":[25,45,45],"current_hp_per_floor":[76,60,53,57,63,63,47,47,47,47,40,40,39,39,39,38,73,67,67,85,71,71,71,81,81,81,75,85,69,69,69,69,60,79,85,85,85,85,66,61,61,37,37,56,56,79,79,79,79,81],"gold":0,"neow_bonus":"TRANSFORM_CARD","is_prod":false,"is_daily":false,"chose_seed":false,"campfire_upgraded":9,"win_rate":0,"timestamp":1546401904,"path_taken":["M","?","?","M","M","R","E","R","T","$","?","R","E","$","R","BOSS","M","?","M","M","?","R","?","?","T","E","M","?","E","?","R","BOSS","M","?","?","M","?","E","R","E","T","M","$","M","R","?","R","BOSS"],"build_version":"2018-12-20","purchased_purges":3,"victory":true,"max_hp_per_floor":[80,80,80,80,80,80,80,80,80,80,85,85,85,85,85,85,85,85,85,85,85,85,85,85,85,85,85,85,85,85,85,85,85,85,85,85,85,85,85,85,85,85,85,85,85,85,85,85,85,85],"card_choices":[{"not_picked":["Headbutt","Perfected Strike"],"picked":"Whirlwind","floor":1},{"not_picked":["Cleave","Evolve"],"picked":"Body Slam","floor":4},{"not_picked":["Rage","Cleave"],"picked":"Headbutt","floor":5},{"not_picked":["Reckless Charge","Sword Boomerang"],"picked":"Evolve","floor":7},{"not_picked":["Rupture","Disarm"],"picked":"Body Slam","floor":11},{"not_picked":["Fire Breathing","Infernal Blade"],"picked":"Reaper","floor":13},{"not_picked":["Reaper","Berserk"],"picked":"Limit Break","floor":16},{"not_picked":["Warcry","Twin Strike"],"picked":"Power Through+1","floor":18},{"not_picked":["Twin Strike","Thunderclap"],"picked":"Power Through+1","floor":20},{"not_picked":["Pommel Strike+1","Clothesline"],"picked":"Body Slam+1","floor":21},{"not_picked":["Intimidate","Sword Boomerang"],"picked":"Feel No Pain","floor":24},{"not_picked":["Armaments+1","Shockwave"],"picked":"Warcry+1","floor":27},{"not_picked":["Pommel Strike","Cleave+1"],"picked":"Fiend Fire","floor":28},{"not_picked":["Clash","Bludgeon"],"picked":"Inflame","floor":30},{"not_picked":["Reaper","Brutality"],"picked":"Limit Break","floor":33},{"not_picked":["Reckless Charge"],"picked":"SKIP","floor":35},{"not_picked":["Clash+1"],"picked":"SKIP","floor":38},{"not_picked":[],"picked":"Body Slam","floor":39},{"not_picked":[],"picked":"True Grit+1","floor":40},{"not_picked":[],"picked":"Hemokinesis+1","floor":42},{"not_picked":[],"picked":"Body Slam+1","floor":44},{"not_picked":["Rage"],"picked":"SKIP","floor":46}],"player_experience":364897,"relics_obtained":[{"floor":7,"key":"Vajra"},{"floor":9,"key":"Peace Pipe"},{"floor":11,"key":"Odd Mushroom"},{"floor":13,"key":"Bag of Preparation"},{"floor":26,"key":"Bronze Scales"},{"floor":27,"key":"Gremlin Horn"},{"floor":29,"key":"Necronomicon"},{"floor":30,"key":"Potion Belt"},{"floor":40,"key":"Centennial Puzzle"},{"floor":42,"key":"Orichalcum"},{"floor":43,"key":"FossilizedHelix"},{"floor":43,"key":"Blood Vial"}],"event_choices":[{"damage_healed":0,"gold_gain":0,"player_choice":"Entered Light","damage_taken":16,"max_hp_gain":0,"max_hp_loss":0,"event_name":"Shining Light","floor":2,"gold_loss":0,"cards_upgraded":["Strike_R","Ghostly Armor"]},{"damage_healed":0,"gold_gain":0,"player_choice":"Success","damage_taken":7,"relics_obtained":["Mummified Hand"],"max_hp_gain":0,"max_hp_loss":0,"event_name":"Scrap Ooze","floor":3,"gold_loss":0},{"damage_healed":0,"gold_gain":0,"player_choice":"Fought Mushrooms","damage_taken":0,"max_hp_gain":0,"max_hp_loss":0,"event_name":"Mushrooms","floor":11,"gold_loss":0},{"damage_healed":0,"gold_gain":0,"player_choice":"Inject Mutagens","damage_taken":0,"relics_obtained":["MutagenicStrength"],"max_hp_gain":0,"max_hp_loss":0,"event_name":"Drug Dealer","floor":19,"gold_loss":0},{"damage_healed":0,"gold_gain":100,"player_choice":"Pray","damage_taken":0,"max_hp_gain":0,"max_hp_loss":0,"event_name":"Golden Shrine","floor":22,"gold_loss":0},{"damage_healed":0,"gold_gain":0,"player_choice":"Obtained Book","damage_taken":16,"max_hp_gain":0,"max_hp_loss":0,"event_name":"Cursed Tome","floor":29,"gold_loss":0},{"damage_healed":0,"gold_gain":0,"player_choice":"Obtained Relic","damage_taken":0,"relics_obtained":["Matryoshka"],"max_hp_gain":0,"max_hp_loss":0,"event_name":"Addict","floor":31,"gold_loss":85},{"cards_removed":["Defend_R"],"damage_healed":0,"gold_gain":0,"player_choice":"Removed Skill","damage_taken":0,"max_hp_gain":0,"max_hp_loss":0,"event_name":"Falling","floor":36,"gold_loss":0},{"damage_healed":0,"gold_gain":0,"player_choice":"0 cards matched","damage_taken":0,"max_hp_gain":0,"max_hp_loss":0,"event_name":"Match and Keep!","floor":37,"gold_loss":0,"cards_obtained":[]},{"damage_healed":0,"gold_gain":0,"player_choice":"Paid","damage_taken":0,"relics_obtained":["Red Mask"],"max_hp_gain":0,"max_hp_loss":0,"event_name":"Tomb of Lord Red Mask","floor":48,"gold_loss":104}],"is_beta":false,"boss_relics":[{"not_picked":["Philosopher\u0027s Stone","Fusion Hammer"],"picked":"Lizard Tail"},{"not_picked":["Eternal Feather","Black Blood"],"picked":"Busted Crown"}],"items_purged_floors":[10,14,25],"is_endless":false,"potions_floor_spawned":[1,4,13,20,21,27,28,39,40,42,46],"ascension_level":8}