{"gold_per_floor":[115,128,128,138,138,138,153,153,178,178,212,212],"floor_reached":12,"playtime":617,"items_purged":[],"score":152,"play_id":"70f108b7-6232-4f30-b7b0-e53b1fc24ae3","local_time":"20190123143506","is_ascension_mode":true,"campfire_choices":[{"data":"Inflame","floor":6,"key":"SMITH"},{"data":"Spot Weakness","floor":10,"key":"SMITH"}],"neow_cost":"NONE","seed_source_timestamp":598791413605599,"circlet_count":0,"master_deck":["AscendersBane","Strike_R","Strike_R","Strike_R","Strike_R","Defend_R","Defend_R","Defend_R","Defend_R","Bash","Inflame+1","Twin Strike","Feel No Pain","Spot Weakness+1","Double Tap","Armaments"],"relics":["Burning Blood","Juzu Bracelet","Smiling Mask"],"potions_floor_usage":[],"damage_taken":[{"damage":1,"enemies":"Cultist","floor":1,"turns":3},{"damage":6,"enemies":"2 Louse","floor":2,"turns":3},{"damage":10,"enemies":"Small Slimes","floor":4,"turns":3},{"damage":23,"enemies":"Exordium Thugs","floor":7,"turns":4},{"damage":20,"enemies":"Lagavulin","floor":11,"turns":4},{"damage":43,"enemies":"Gremlin Gang","floor":12,"turns":4}],"seed_played":"7005991325020884272","potions_obtained":[{"floor":1,"key":"SneckoOil"}],"is_trial":false,"path_per_floor":["M","?","?","?"],"character_chosen":"IRONCLAD","items_purchased":[],"campfire_rested":0,"item_purchase_floors":[],"current_hp_per_floor":[80,80,85,81,81,81,64,64,64,64,50,7],"gold":212,"neow_bonus":"TEN_PERCENT_HP_BONUS","is_prod":false,"is_daily":false,"chose_seed":false,"campfire_upgraded":2,"win_rate":0,"timestamp":1548282906,"path_taken":["M","?","?","M","?","R","M","?","T","R","E","M"],"build_version":"2019-01-23","purchased_purges":0,"victory":false,"max_hp_per_floor":[82,82,87,87,87,87,87,87,87,87,87,87],"card_choices":[{"not_picked":["True Grit","Rampage"],"picked":"Inflame","floor":1},{"not_picked":["Armaments","Wild Strike"],"picked":"Twin Strike","floor":2},{"not_picked":["Twin Strike","Thunderclap"],"picked":"Feel No Pain","floor":4},{"not_picked":["Carnage","Heavy Blade"],"picked":"Spot Weakness","floor":7},{"not_picked":["Cleave","Spot Weakness"],"picked":"Armaments","floor":11}],"player_experience":1734201,"relics_obtained":[{"floor":9,"key":"Juzu Bracelet"},{"floor":11,"key":"Smiling Mask"}],"event_choices":[{"damage_healed":0,"gold_gain":0,"player_choice":"Donut","damage_taken":0,"max_hp_gain":5,"max_hp_loss":0,"event_name":"Big Fish","floor":3,"gold_loss":0},{"damage_healed":0,"gold_gain":0,"player_choice":"Leave","damage_taken":0,"max_hp_gain":0,"max_hp_loss":0,"event_name":"The Cleric","floor":5,"gold_loss":0},{"damage_healed":0,"gold_gain":0,"cards_transformed":["Strike_R"],"player_choice":"Transformed","damage_taken":0,"max_hp_gain":0,"max_hp_loss":0,"event_name":"Transmorgrifier","floor":8,"gold_loss":0,"cards_obtained":["Double Tap"]}],"is_beta":false,"boss_relics":[],"items_purged_floors":[],"is_endless":false,"potions_floor_spawned":[1],"killed_by":"Gremlin Gang","ascension_level":19}