{"gold_per_floor":[112,130,130,149,161,187,187,217,243,243,243,243,271,281,281,353,353,353,353,277,192,192,192,192,192,192,192],"floor_reached":27,"playtime":1547,"items_purged":[],"score":442,"play_id":"4c0474bc-0fe0-4414-aab6-517ce6077f1a","local_time":"20181119100939","is_ascension_mode":true,"campfire_choices":[{"floor":7.0,"key":"REST"},{"data":"Zap","floor":10.0,"key":"SMITH"},{"data":"Zap","floor":12.0,"key":"SMITH"},{"data":"Coolheaded","floor":15.0,"key":"SMITH"},{"data":"Consume","floor":23,"key":"SMITH"},{"data":"Fission","floor":25,"key":"SMITH"}],"neow_cost":"PERCENT_DAMAGE","seed_source_timestamp":316976032544510,"circlet_count":0,"master_deck":["AscendersBane","Strike_B","Strike_B","Strike_B","Strike_B","Defend_B","Defend_B","Defend_B","Defend_B+1","Zap+1","Dualcast","Rip and Tear","Reinforced Body+1","Capacitor","Conserve Battery","Electrodynamics","Genetic Algorithm","Zap+1","Capacitor","Undo","Coolheaded+1","Echo Form","Compile Driver","Leap","Consume+1","Fission+1"],"special_seed":0,"relics":["Cracked Core","Torii","War Paint","Odd Mushroom","Lantern","Bronze Scales","Ectoplasm","Du-Vu Doll","MutagenicStrength","Omamori","Oddly Smooth Stone"],"potions_floor_usage":[],"damage_taken":[{"damage":0.0,"enemies":"Small Slimes","floor":1.0,"turns":4.0},{"damage":1.0,"enemies":"2 Louse","floor":2.0,"turns":2.0},{"damage":0.0,"enemies":"Cultist","floor":4.0,"turns":3.0},{"damage":7.0,"enemies":"2 Fungi Beasts","floor":5.0,"turns":3.0},{"damage":23.0,"enemies":"3 Sentries","floor":6.0,"turns":7.0},{"damage":2.0,"enemies":"The Mushroom Lair","floor":8.0,"turns":4.0},{"damage":10.0,"enemies":"Gremlin Nob","floor":13.0,"turns":4.0},{"damage":6.0,"enemies":"Looter","floor":14.0,"turns":3.0},{"damage":3.0,"enemies":"Hexaghost","floor":16.0,"turns":10.0},{"damage":4,"enemies":"Shell Parasite","floor":18,"turns":7},{"damage":3,"enemies":"3 Byrds","floor":19,"turns":3},{"damage":10,"enemies":"Gremlin Leader","floor":24,"turns":7},{"damage":7,"enemies":"Colosseum Slavers","floor":27,"turns":3},{"damage":65,"enemies":"Colosseum Nobs","floor":27,"turns":3}],"seed_played":"-3440757313950165307","potions_obtained":[{"floor":2.0,"key":"PowerPotion"},{"floor":4.0,"key":"Poison Potion"},{"floor":6.0,"key":"Fruit Juice"},{"floor":8.0,"key":"Ancient Potion"},{"floor":18,"key":"Ancient Potion"}],"is_trial":false,"path_per_floor":["M","M","?","M","M","E","R","?","T","R","?","R","E","M","R","B",null,"M","M","$","?","?","R","E","R","T","?"],"character_chosen":"DEFECT","items_purchased":["Consume"],"campfire_rested":1,"item_purchase_floors":[20],"current_hp_per_floor":[46,45,50,50,43,20,42,45,45,45,45,45,35,29,29,26,67,63,60,60,60,60,60,50,50,50,0],"gold":192,"neow_bonus":"ONE_RARE_RELIC","is_prod":false,"is_daily":false,"chose_seed":false,"campfire_upgraded":5,"win_rate":0,"timestamp":1542650979,"path_taken":["M","M","?","M","M","E","R","?","T","R","?","R","E","M","R","BOSS","M","M","$","?","?","R","E","R","T","?"],"build_version":"2018-11-15","purchased_purges":0,"victory":false,"max_hp_per_floor":[71,71,76,76,76,76,76,81,81,81,81,81,81,81,81,81,81,81,81,81,81,81,81,81,81,81,81],"card_choices":[{"not_picked":["Beam Cell","Sweeping Beam"],"picked":"Rip and Tear","floor":1.0},{"not_picked":["Redo","Lockon"],"picked":"Reinforced Body","floor":2.0},{"not_picked":["Static Discharge","Ball Lightning"],"picked":"Capacitor","floor":4.0},{"not_picked":["Double Energy","Stack"],"picked":"Conserve Battery","floor":5.0},{"not_picked":["Chaos","Steam"],"picked":"Electrodynamics","floor":6.0},{"not_picked":["Beam Cell","Chill"],"picked":"Genetic Algorithm","floor":8.0},{"not_picked":["Lockon","Rebound"],"picked":"Undo","floor":13.0},{"not_picked":["Conserve Battery","Compile Driver"],"picked":"Coolheaded","floor":14.0},{"not_picked":["Core Surge","Buffer"],"picked":"Echo Form","floor":16.0},{"not_picked":["Go for the Eyes","Turbo+1"],"picked":"Compile Driver","floor":18},{"not_picked":["Gash","Turbo+1"],"picked":"Leap","floor":19},{"not_picked":["Conserve Battery","Meteor Strike"],"picked":"Fission","floor":24}],"player_experience":1329560,"relics_obtained":[{"floor":6.0,"key":"War Paint"},{"floor":8.0,"key":"Odd Mushroom"},{"floor":9.0,"key":"Lantern"},{"floor":13.0,"key":"Bronze Scales"},{"floor":24,"key":"Omamori"},{"floor":26,"key":"Oddly Smooth Stone"}],"event_choices":[{"damage_healed":0.0,"max_hp_gain":5.0,"max_hp_loss":0.0,"gold_gain":0.0,"event_name":"Big Fish","player_choice":"Donut","floor":3.0,"gold_loss":0.0,"damage_taken":0.0},{"damage_healed":0.0,"max_hp_gain":0.0,"max_hp_loss":0.0,"gold_gain":0.0,"event_name":"Mushrooms","player_choice":"Fought Mushrooms","floor":8.0,"gold_loss":0.0,"damage_taken":0.0},{"damage_healed":0.0,"max_hp_gain":0.0,"max_hp_loss":0.0,"gold_gain":0.0,"event_name":"Match and Keep!","player_choice":"2 cards matched","floor":11.0,"gold_loss":0.0,"damage_taken":0.0,"cards_obtained":["Zap","Capacitor"]},{"damage_healed":0,"gold_gain":0,"player_choice":"Obtained Relic","damage_taken":0,"relics_obtained":["Du-Vu Doll"],"max_hp_gain":0,"max_hp_loss":0,"event_name":"Addict","floor":21,"gold_loss":85},{"damage_healed":0,"gold_gain":0,"player_choice":"Inject Mutagens","damage_taken":0,"relics_obtained":["MutagenicStrength"],"max_hp_gain":0,"max_hp_loss":0,"event_name":"Drug Dealer","floor":22,"gold_loss":0},{"damage_healed":0,"gold_gain":0,"player_choice":"Fight","damage_taken":0,"max_hp_gain":0,"max_hp_loss":0,"event_name":"Colosseum","floor":27,"gold_loss":0},{"damage_healed":0,"gold_gain":0,"player_choice":"Fought Nobs","damage_taken":0,"max_hp_gain":0,"max_hp_loss":0,"event_name":"Colosseum","floor":27,"gold_loss":0}],"is_beta":false,"boss_relics":[{"not_picked":["Velvet Choker","Tiny House"],"picked":"Ectoplasm"}],"items_purged_floors":[],"is_endless":false,"potions_floor_spawned":[2,4,6,8,14,18,27],"killed_by":"Colosseum Nobs","ascension_level":17}