{"gold_per_floor":[114,129,229,229,244,259,259,259,284,314,314,329,18,33,33,133,133,148,163,163,163,178,193,193,208,208,238,238,283,298,21,21,121,121,136,436,436,451,466,466,496,496,496,10,10,25,40,55,55,55],"floor_reached":51,"playtime":2231,"items_purged":[],"score":1053,"play_id":"0d11db7f-331a-4f26-8199-5730f8ddb293","local_time":"20180908075822","daily_mods":["Shiny","Uncertain Future","Vintage"],"is_ascension_mode":false,"campfire_choices":[{"data":"Fission","floor":7,"key":"SMITH"},{"data":"Biased Cognition","floor":11,"key":"SMITH"},{"data":"Hyperbeam","floor":15,"key":"SMITH"},{"floor":24,"key":"REST"},{"data":"Buffer","floor":28,"key":"SMITH"},{"data":"Rainbow","floor":32,"key":"SMITH"},{"data":"Madness","floor":40,"key":"SMITH"},{"data":"Injury","floor":42,"key":"PURGE"},{"data":"Madness","floor":49,"key":"SMITH"}],"neow_cost":"","seed_source_timestamp":0,"circlet_count":0,"master_deck":["Multi-Cast","Hyperbeam+1","Thunder Strike+1","Biased Cognition+1","Machine Learning","Electrodynamics","Buffer+1","Rainbow+1","Seek+1","Echo Form","All For One","Reboot","Amplify","Creative AI","Fission+1","Core Surge+1","Redo","Beam Cell","Glacier+1","Rebound","Loop","Buffer+1","Necronomicurse","Chill","Leap","Steam","Echo Form","Steam","Madness+1","Madness+1","BootSequence","Storm","Deep Breath","Forethought"],"special_seed":17782,"relics":["Cracked Core","Anchor","Strawberry","Regal Pillow","Bronze Scales","Blood Vial","Orichalcum","Incense Burner","Whetstone","Lantern","Omamori","Calling Bell","War Paint","Ornamental Fan","Calipers","Du-Vu Doll","Boot","Necronomicon","Oddly Smooth Stone","Unceasing Top","Sundial","Darkstone Periapt","Art of War","Tiny Chest","Happy Flower","Lee\u0027s Waffle","Juzu Bracelet","Busted Crown","Pen Nib","Old Coin","Shuriken","Smiling Mask","Peace Pipe","Letter Opener","Bag of Preparation","FossilizedHelix","Meat on the Bone","Girya","Thread and Needle"],"potions_floor_usage":[2,6,22,36,41,50,50,50],"damage_taken":[{"damage":0,"enemies":"Small Slimes","floor":1,"turns":1},{"damage":4,"enemies":"Cultist","floor":2,"turns":3},{"damage":0,"enemies":"2 Louse","floor":5,"turns":2},{"damage":0,"enemies":"Exordium Thugs","floor":6,"turns":3},{"damage":0,"enemies":"Lagavulin","floor":10,"turns":5},{"damage":0,"enemies":"3 Louse","floor":12,"turns":1},{"damage":0,"enemies":"2 Fungi Beasts","floor":14,"turns":1},{"damage":0,"enemies":"Slime Boss","floor":16,"turns":4},{"damage":0,"enemies":"2 Thieves","floor":18,"turns":3},{"damage":10,"enemies":"Spheric Guardian","floor":19,"turns":5},{"damage":11,"enemies":"Snake Plant","floor":22,"turns":2},{"damage":0,"enemies":"Snecko","floor":23,"turns":5},{"damage":0,"enemies":"Shelled Parasite and Fungi","floor":25,"turns":3},{"damage":0,"enemies":"Book of Stabbing","floor":27,"turns":4},{"damage":0,"enemies":"Snake Plant","floor":29,"turns":3},{"damage":7,"enemies":"Chosen and Byrds","floor":30,"turns":5},{"damage":0,"enemies":"Automaton","floor":33,"turns":7},{"damage":5,"enemies":"Orb Walker","floor":35,"turns":2},{"damage":0,"enemies":"Mind Bloom Boss Battle","floor":36,"turns":5},{"damage":0,"enemies":"3 Darklings","floor":38,"turns":1},{"damage":0,"enemies":"Sphere and 2 Shapes","floor":39,"turns":1},{"damage":0,"enemies":"Nemesis","floor":41,"turns":5},{"damage":0,"enemies":"Jaw Worm Horde","floor":46,"turns":5},{"damage":0,"enemies":"4 Shapes","floor":47,"turns":3},{"damage":0,"enemies":"Sphere and 2 Shapes","floor":48,"turns":1},{"damage":0,"enemies":"Time Eater","floor":50,"turns":4}],"seed_played":"6885944374877382416","potions_obtained":[{"floor":1,"key":"AttackPotion"},{"floor":2,"key":"AttackPotion"},{"floor":10,"key":"FearPotion"},{"floor":12,"key":"SmokeBomb"},{"floor":19,"key":"Energy Potion"},{"floor":25,"key":"Strength Potion"},{"floor":27,"key":"SteroidPotion"},{"floor":36,"key":"Block Potion"},{"floor":39,"key":"Swift Potion"},{"floor":46,"key":"EssenceOfSteel"},{"floor":47,"key":"Energy Potion"},{"floor":48,"key":"Swift Potion"}],"is_trial":false,"path_per_floor":["M","M","?","?","M","M","R","?","T","E","R","M","$","M","R","B",null,"M","M","?","?","M","M","R","M","T","E","R","M","M","$","R","B",null,"M","?","?","M","M","R","E","R","T","$","?","M","M","M","R","B"],"character_chosen":"DEFECT","items_purchased":["Whetstone","Glacier","Rebound","Loop","Lee\u0027s Waffle","Leap","Steam","Bag of Preparation","Storm","FossilizedHelix"],"campfire_rested":1,"item_purchase_floors":[13,13,13,13,31,31,31,44,44,44],"current_hp_per_floor":[75,78,78,78,78,78,78,78,78,80,80,82,82,82,82,82,82,82,72,56,56,47,49,82,82,82,82,82,82,75,89,89,89,89,84,86,75,77,79,79,81,81,81,81,71,73,75,77,77,79],"gold":55,"neow_bonus":"","is_prod":false,"is_daily":true,"chose_seed":false,"campfire_upgraded":7,"win_rate":0,"timestamp":1536386302,"path_taken":["M","M","?","?","M","M","R","?","T","E","R","M","$","M","R","BOSS","M","M","?","?","M","M","R","M","T","E","R","M","?","$","R","BOSS","M","?","?","M","M","R","E","R","T","$","?","M","M","M","R","BOSS"],"build_version":"2018-09-06","purchased_purges":0,"victory":true,"max_hp_per_floor":[75,82,82,82,82,82,82,82,82,82,82,82,82,82,82,82,82,82,82,82,82,82,82,82,82,82,82,82,82,82,89,89,89,89,89,89,89,89,89,89,89,89,89,89,89,89,89,89,89,89],"card_choices":[{"not_picked":["Loop","Barrage"],"picked":"Beam Cell","floor":10},{"not_picked":["Machine Learning","Rainbow"],"picked":"Buffer","floor":16},{"not_picked":["Self Repair+1","Beam Cell+1"],"picked":"Chill","floor":27},{"not_picked":["Reboot","Meteor Strike"],"picked":"Echo Form","floor":33},{"not_picked":[],"picked":"Steam","floor":36},{"not_picked":[],"picked":"BootSequence","floor":41},{"not_picked":[],"picked":"Deep Breath","floor":45},{"not_picked":[],"picked":"Forethought","floor":45}],"player_experience":110617,"relics_obtained":[{"floor":1,"key":"Anchor"},{"floor":2,"key":"Strawberry"},{"floor":5,"key":"Regal Pillow"},{"floor":6,"key":"Bronze Scales"},{"floor":9,"key":"Blood Vial"},{"floor":10,"key":"Orichalcum"},{"floor":12,"key":"Incense Burner"},{"floor":14,"key":"Lantern"},{"floor":16,"key":"Omamori"},{"floor":17,"key":"War Paint"},{"floor":17,"key":"Ornamental Fan"},{"floor":17,"key":"Calipers"},{"floor":18,"key":"Du-Vu Doll"},{"floor":19,"key":"Boot"},{"floor":20,"key":"Necronomicon"},{"floor":22,"key":"Oddly Smooth Stone"},{"floor":23,"key":"Unceasing Top"},{"floor":25,"key":"Sundial"},{"floor":26,"key":"Darkstone Periapt"},{"floor":27,"key":"Art of War"},{"floor":29,"key":"Tiny Chest"},{"floor":30,"key":"Happy Flower"},{"floor":33,"key":"Juzu Bracelet"},{"floor":35,"key":"Pen Nib"},{"floor":36,"key":"Old Coin"},{"floor":38,"key":"Shuriken"},{"floor":39,"key":"Smiling Mask"},{"floor":41,"key":"Peace Pipe"},{"floor":43,"key":"Letter Opener"},{"floor":46,"key":"Meat on the Bone"},{"floor":47,"key":"Girya"},{"floor":48,"key":"Thread and Needle"}],"event_choices":[{"event_name":"Golden Shrine","player_choice":"Pray","floor":3,"damage_taken":0},{"event_name":"Transmorgrifier","player_choice":"Transform","floor":4,"damage_taken":0},{"event_name":"Living Wall","player_choice":"Grow","floor":8,"damage_taken":0},{"event_name":"Cursed Tome","player_choice":"Obtained Book","floor":20,"damage_taken":0},{"event_name":"Ghosts","player_choice":"Ignored","floor":21,"damage_taken":0},{"event_name":"MindBloom","player_choice":"Fight","floor":36,"damage_taken":0},{"event_name":"Winding Halls","player_choice":"Embrace Madness","floor":37,"damage_taken":0},{"event_name":"SensoryStone","player_choice":"Memory 3","floor":45,"damage_taken":0}],"is_beta":true,"boss_relics":[{"not_picked":["Cursed Key","Tiny House"],"picked":"Calling Bell"},{"not_picked":["White Beast Statue","Sozu"],"picked":"Busted Crown"}],"items_purged_floors":[],"is_endless":false,"potions_floor_spawned":[1,2,10,12,19,25,27,29,36,39,46,47,48],"ascension_level":0}