{"path_per_floor":["M","M","?","$","?","E","?","R","T","M","R","$","E","M","R","B",null,"M","?","M","$","M"],"character_chosen":"THE_SILENT","items_purchased":["Accuracy","Infinite Blades"],"gold_per_floor":[113,130,230,80,80,107,107,107,107,119,119,40,68,80,80,176,176,191,191,204,104,122,122],"floor_reached":23,"campfire_rested":1,"playtime":1029,"current_hp_per_floor":[70,70,70,70,56,28,45,45,45,41,41,41,35,28,49,40,74,57,57,25,25,5,0],"items_purged":["Strike_G","Parasite"],"gold":122,"score":229,"play_id":"892131bd-4dfa-4fef-a6ab-478a1b2e391e","local_time":"20180404225312","is_prod":false,"is_daily":false,"is_ascension_mode":true,"campfire_upgraded":2,"timestamp":1522900392,"path_taken":["M","M","?","$","?","E","?","R","T","M","R","$","E","M","R","BOSS","M","?","?","$","M","E"],"build_version":"2018-03-29v2","purchased_purges":2,"victory":false,"master_deck":["Defend_G","Defend_G","Defend_G","Defend_G+1","Defend_G","Strike_G","Strike_G","Strike_G","Survivor","Neutralize","Backstab","Infinite Blades+1","Accuracy+1","Footwork","Accuracy+1","Infinite Blades","Well Laid Plans","PiercingWail+1"],"max_hp_per_floor":[70,70,70,70,70,70,70,70,70,70,70,70,72,72,72,74,74,74,74,76,73,75,75],"relics":["Ring of the Snake","Ancient Tea Set","Singing Bowl","White Beast Statue","Nloth\u0027s Gift"],"card_choices":[{"not_picked":["Slice","Endless Agony"],"picked":"Backstab","floor":1},{"not_picked":["Footwork","Eviscerate"],"picked":"Infinite Blades","floor":2},{"not_picked":["Prepared","Eviscerate"],"picked":"Footwork","floor":6},{"not_picked":["Backflip","Dodge and Roll"],"picked":"Accuracy","floor":10},{"not_picked":["Riddle With Holes","Quick Slash"],"picked":"Well Laid Plans","floor":14},{"not_picked":["Poisoned Stab","Masterful Stab"],"picked":"PiercingWail","floor":18}],"player_experience":127719,"potions_floor_usage":[16,18,20,20,23,23,23],"damage_taken":[{"damage":0,"enemies":"Jaw Worm","floor":1,"turns":8},{"damage":0,"enemies":"Cultist","floor":2,"turns":4},{"damage":28,"enemies":"Lagavulin","floor":6,"turns":8},{"damage":4,"enemies":"2 Louse","floor":10,"turns":3},{"damage":8,"enemies":"Gremlin Nob","floor":13,"turns":3},{"damage":7,"enemies":"Looter","floor":14,"turns":3},{"damage":11,"enemies":"The Guardian","floor":16,"turns":9},{"damage":17,"enemies":"3 Byrds","floor":18,"turns":6},{"damage":34,"enemies":"2 Thieves","floor":20,"turns":4},{"damage":22,"enemies":"Snake Plant","floor":22,"turns":7},{"damage":14,"enemies":"Gremlin Leader","floor":23,"turns":2}],"event_choices":[{"event_name":"Golden Shrine","player_choice":"Pray","floor":3,"damage_taken":0},{"event_name":"Shining Light","player_choice":"Entered Light","floor":5,"damage_taken":0},{"event_name":"Mushrooms","player_choice":"Healed and dodged fight","floor":7,"damage_taken":0},{"event_name":"N\u0027loth","player_choice":"Traded a Art of War","floor":19,"damage_taken":0}],"boss_relics":[{"not_picked":["Runic Dome","Runic Pyramid"],"picked":"White Beast Statue"}],"potions_floor_spawned":[6,10,14,16,18,20,22],"seed_played":"-3176611122159175163","killed_by":"Gremlin Leader","ascension_level":3,"is_trial":false}