{"path_per_floor":["M","?","$","?","M","E","?","R","T","?","M","M","M","$","R"],"character_chosen":"DEFECT","items_purchased":["Go for the Eyes","Streamline"],"gold_per_floor":[115,115,92,92,108,143,143,143,143,143,157,176,193,145,145,145],"floor_reached":16,"campfire_rested":1,"playtime":567,"current_hp_per_floor":[75,68,68,53,52,5,5,27,27,27,26,21,18,18,18,0],"items_purged":[],"gold":145,"score":100,"play_id":"e1985269-d798-4abd-8bbe-931f7bdeadc1","local_time":"20180428025619","is_prod":false,"is_daily":false,"chose_seed":false,"is_ascension_mode":false,"campfire_upgraded":1,"timestamp":1524848179,"path_taken":["M","?","$","?","M","E","?","R","T","?","M","M","M","?","R","BOSS"],"build_version":"2018-04-26v2","seed_source_timestamp":47685057945960,"purchased_purges":0,"victory":false,"master_deck":["Strike_B","Strike_B","Strike_B","Strike_B","Defend_B+1","Defend_B","Defend_B","Defend_B","Zap+1","Dualcast","Capacitor","Go for the Eyes","Capacitor","Self Repair","Reboot","Glacier","White Noise","Streamline+1"],"max_hp_per_floor":[75,75,75,75,75,75,75,75,75,75,75,75,75,75,75,75],"relics":["Cracked Core","Dead Branch","Gambling Chip","Toolbox"],"card_choices":[{"not_picked":["Gash","Impulse"],"picked":"Capacitor","floor":1},{"not_picked":["Beam Cell","Gash"],"picked":"Capacitor","floor":5},{"not_picked":["Blizzard","Hologram"],"picked":"Self Repair","floor":6},{"not_picked":["Barrage","Blaster"],"picked":"Reboot","floor":11},{"not_picked":["Sweeping Beam","Double Energy"],"picked":"Glacier","floor":12},{"not_picked":["Skim","Rip and Tear"],"picked":"White Noise","floor":13}],"player_experience":132784,"potions_floor_usage":[6,12,12,12],"damage_taken":[{"damage":0,"enemies":"Cultist","floor":1,"turns":4},{"damage":1,"enemies":"Small Slimes","floor":5,"turns":3},{"damage":47,"enemies":"Gremlin Nob","floor":6,"turns":6},{"damage":8,"enemies":"Jaw Worm","floor":11,"turns":3},{"damage":21,"enemies":"Large Slime","floor":12,"turns":4},{"damage":3,"enemies":"Blue Slaver","floor":13,"turns":2},{"damage":26,"enemies":"Slime Boss","floor":16,"turns":3}],"event_choices":[{"event_name":"Scrap Ooze","player_choice":"success","floor":2,"damage_taken":7},{"event_name":"Shining Light","player_choice":"Entered Light","floor":4,"damage_taken":0},{"event_name":"Liars Game","player_choice":"disagreed","floor":7,"damage_taken":0},{"event_name":"The Lab","player_choice":"Got Potions","floor":10,"damage_taken":0}],"boss_relics":[],"potions_floor_spawned":[1,11,12],"seed_played":"-705650670016310163","killed_by":"Slime Boss","ascension_level":0,"is_trial":false}