{"gold_per_floor":[114,114,127,138,138,167,167,132,132,166,184,184,212,227,227,303,303,320,340,358,384,384,384,404,431,506,506,532,32,32,32,32,110,110,129,129,139,156,156,156,156,156],"floor_reached":42,"playtime":2424,"items_purged":["Strike_B"],"score":888,"play_id":"c3cc740f-5453-42b0-a301-b85b225d89a0","local_time":"20181220161056","is_ascension_mode":true,"campfire_choices":[{"data":"Defragment","floor":7.0,"key":"SMITH"},{"data":"Barrage","floor":15,"key":"SMITH"},{"floor":23,"key":"REST"},{"data":"Biased Cognition","floor":32,"key":"SMITH"},{"floor":40,"key":"RECALL"}],"neow_cost":"NONE","seed_source_timestamp":103556759358743,"circlet_count":0,"master_deck":["AscendersBane","Strike_B","Strike_B","Defend_B","Defend_B","Defend_B","Defend_B","Zap","Dualcast","Trip","Ball Lightning+1","Defragment+1","Self Repair","FTL","Reinforced Body","Barrage+1","Undo","Cold Snap+1","Biased Cognition+1","Ball Lightning+1","Barrage+1","Leap","Glacier","Hologram","Steam","Leap","RitualDagger","Fission","Go for the Eyes+1","Hologram"],"special_seed":0,"relics":["Cracked Core","Meat on the Bone","Anchor","Gremlin Horn","Bronze Scales","Bag of Preparation","Inserter","Red Mask","Dream Catcher","Mercury Hourglass","Whetstone","Bag of Marbles","Juzu Bracelet","Nuclear Battery","DataDisk","Regal Pillow"],"potions_floor_usage":[18,21,25,33],"damage_taken":[{"damage":14.0,"enemies":"Jaw Worm","floor":1.0,"turns":4.0},{"damage":2.0,"enemies":"Small Slimes","floor":3.0,"turns":3.0},{"damage":1.0,"enemies":"Cultist","floor":4.0,"turns":3.0},{"damage":30.0,"enemies":"Lagavulin","floor":6.0,"turns":6.0},{"damage":40.0,"enemies":"3 Sentries","floor":10.0,"turns":7.0},{"damage":19.0,"enemies":"Gremlin Gang","floor":11.0,"turns":5.0},{"damage":8.0,"enemies":"Gremlin Nob","floor":13.0,"turns":3.0},{"damage":0,"enemies":"2 Fungi Beasts","floor":14,"turns":2},{"damage":32,"enemies":"Hexaghost","floor":16,"turns":8},{"damage":0,"enemies":"Spheric Guardian","floor":18,"turns":3},{"damage":26,"enemies":"Shell Parasite","floor":19,"turns":5},{"damage":30,"enemies":"Centurion and Healer","floor":20,"turns":5},{"damage":31,"enemies":"Masked Bandits","floor":21,"turns":4},{"damage":15,"enemies":"3 Cultists","floor":24,"turns":4},{"damage":27,"enemies":"Book of Stabbing","floor":25,"turns":4},{"damage":33,"enemies":"Gremlin Leader","floor":28,"turns":5},{"damage":20,"enemies":"Champ","floor":33,"turns":9},{"damage":12,"enemies":"3 Shapes","floor":35,"turns":6},{"damage":0,"enemies":"Orb Walker","floor":37,"turns":3},{"damage":0,"enemies":"4 Shapes","floor":38,"turns":7},{"damage":74,"enemies":"Giant Head","floor":42,"turns":7}],"seed_played":"7732064803629630922","potions_obtained":[{"floor":4.0,"key":"FocusPotion"},{"floor":6.0,"key":"Poison Potion"},{"floor":11.0,"key":"Weak Potion"},{"floor":13.0,"key":"SteroidPotion"},{"floor":16,"key":"Weak Potion"},{"floor":18,"key":"SteroidPotion"},{"floor":21,"key":"LiquidBronze"},{"floor":28,"key":"FearPotion"},{"floor":33,"key":"Regen Potion"}],"is_trial":false,"path_per_floor":["M","?","M","M","?","E","R","?","T","E","M","?","E","M","R","B",null,"M","M","M","?","?","R","M","E","T","?","E","$","?","?","R","B",null,"M","?","M","M","?","R","T","E"],"character_chosen":"DEFECT","items_purchased":["Steam","Leap","Bag of Marbles","Juzu Bracelet"],"campfire_rested":1,"item_purchase_floors":[29,29,29,29],"current_hp_per_floor":[50,24,34,45,45,34,34,51,51,30,30,30,41,48,48,35,62,62,43,32,20,20,41,38,30,30,71,45,45,39,53,53,52,66,61,61,68,71,71,71,71,0],"gold":156,"neow_bonus":"RANDOM_COLORLESS","is_prod":false,"is_daily":false,"chose_seed":false,"campfire_upgraded":3,"win_rate":0,"timestamp":1545351056,"path_taken":["M","?","M","M","?","E","R","?","T","E","?","?","E","?","R","BOSS","M","M","?","?","?","R","M","E","T","?","E","$","?","?","R","BOSS","M","?","M","M","?","R","?","E"],"build_version":"2018-12-13","purchased_purges":1,"victory":false,"max_hp_per_floor":[71,71,71,71,71,71,71,71,71,71,71,71,71,71,71,71,71,71,71,71,71,71,71,71,71,71,71,71,71,71,71,71,71,71,71,71,71,71,71,71,71,71],"card_choices":[{"not_picked":["Cold Snap","Beam Cell"],"picked":"Ball Lightning","floor":1.0},{"not_picked":["Ball Lightning","Recycle"],"picked":"Defragment","floor":3.0},{"not_picked":["Stack","Rebound"],"picked":"Self Repair","floor":4.0},{"not_picked":["Turbo","Stack"],"picked":"FTL","floor":6.0},{"not_picked":["Double Energy","Gash"],"picked":"Reinforced Body","floor":10.0},{"not_picked":["Turbo","Chaos"],"picked":"Barrage","floor":11.0},{"not_picked":["Coolheaded","Rebound"],"picked":"Cold Snap","floor":13.0},{"not_picked":["Darkness","Redo","Stack"],"picked":"SKIP","floor":14},{"not_picked":["Meteor Strike","Hyperbeam"],"picked":"Biased Cognition","floor":16},{"not_picked":["Lockon","Go for the Eyes"],"picked":"Ball Lightning+1","floor":18},{"not_picked":["Compile Driver","Sunder"],"picked":"Barrage+1","floor":19},{"not_picked":["Beam Cell","Recycle"],"picked":"Leap","floor":20},{"not_picked":["Barrage","Capacitor"],"picked":"Glacier","floor":24},{"not_picked":["Beam Cell","Darkness"],"picked":"Hologram","floor":25},{"not_picked":["Go for the Eyes","All For One","Undo"],"picked":"SKIP","floor":28},{"not_picked":["Thunder Strike","Biased Cognition"],"picked":"Fission","floor":33},{"not_picked":["Steam","Barrage+1","Skim"],"picked":"SKIP","floor":35},{"not_picked":["Chaos+1","Sweeping Beam"],"picked":"Go for the Eyes+1","floor":37},{"not_picked":["Barrage","Doom and Gloom"],"picked":"Hologram","floor":38}],"player_experience":1592420,"relics_obtained":[{"floor":6.0,"key":"Anchor"},{"floor":9.0,"key":"Gremlin Horn"},{"floor":10.0,"key":"Bronze Scales"},{"floor":13.0,"key":"Bag of Preparation"},{"floor":21,"key":"Red Mask"},{"floor":25,"key":"Dream Catcher"},{"floor":26,"key":"Mercury Hourglass"},{"floor":28,"key":"Whetstone"},{"floor":41,"key":"Regal Pillow"}],"event_choices":[{"damage_healed":0.0,"max_hp_gain":0.0,"max_hp_loss":0.0,"gold_gain":0.0,"event_name":"Scrap Ooze","player_choice":"Success","floor":2.0,"gold_loss":0.0,"damage_taken":26.0,"relics_obtained":["Meat on the Bone"]},{"damage_healed":0.0,"max_hp_gain":0.0,"max_hp_loss":0.0,"gold_gain":0.0,"event_name":"Liars Game","player_choice":"Ignored","floor":5.0,"gold_loss":0.0,"damage_taken":0.0},{"damage_healed":17.0,"max_hp_gain":0.0,"max_hp_loss":0.0,"gold_gain":0.0,"event_name":"The Cleric","player_choice":"Healed","floor":8.0,"gold_loss":35.0,"damage_taken":0.0},{"damage_healed":0.0,"max_hp_gain":0.0,"max_hp_loss":0.0,"gold_gain":0.0,"cards_transformed":["Strike_B"],"event_name":"Transmorgrifier","player_choice":"Transformed","floor":12.0,"gold_loss":0.0,"damage_taken":0.0,"cards_obtained":["Undo"]},{"damage_healed":0,"gold_gain":0,"player_choice":"Fought Bandits","damage_taken":0,"max_hp_gain":0,"max_hp_loss":0,"event_name":"Masked Bandits","floor":21,"gold_loss":0},{"damage_healed":0,"gold_gain":0,"player_choice":"Ignored","damage_taken":0,"max_hp_gain":0,"max_hp_loss":0,"event_name":"The Mausoleum","floor":22,"gold_loss":0},{"damage_healed":41,"gold_gain":0,"player_choice":"Full Heal","damage_taken":0,"max_hp_gain":0,"max_hp_loss":0,"event_name":"Wheel of Change","floor":27,"gold_loss":0},{"damage_healed":0,"gold_gain":0,"player_choice":"Joined the Cult","damage_taken":6,"max_hp_gain":0,"max_hp_loss":0,"event_name":"Nest","floor":30,"gold_loss":0,"cards_obtained":["RitualDagger"]},{"damage_healed":14,"gold_gain":0,"player_choice":"Heal","damage_taken":0,"max_hp_gain":0,"max_hp_loss":0,"event_name":"The Library","floor":31,"gold_loss":0},{"damage_healed":0,"gold_gain":0,"player_choice":"Ignored","damage_taken":0,"max_hp_gain":0,"max_hp_loss":0,"event_name":"SecretPortal","floor":36,"gold_loss":0},{"damage_healed":0,"gold_gain":0,"player_choice":"Gave Potion","damage_taken":0,"relics_obtained":["DataDisk"],"max_hp_gain":0,"max_hp_loss":0,"event_name":"WeMeetAgain","floor":39,"gold_loss":0}],"is_beta":false,"boss_relics":[{"not_picked":["Cursed Key","Philosopher\u0027s Stone"],"picked":"Inserter"},{"not_picked":["Velvet Choker","Lizard Tail"],"picked":"Nuclear Battery"}],"items_purged_floors":[29],"is_endless":false,"potions_floor_spawned":[4,6,11,13,16,18,21,28,33,38],"killed_by":"Giant Head","ascension_level":18}