{"gold_per_floor":[114,129,144,195,45,75,75,105,105,120,120,170,170,170,170,270,270,285,285,300,68,103,103,103,133,133,163,78,78],"floor_reached":29,"playtime":1176,"items_purged":[],"score":329,"play_id":"9e344e30-e946-4df4-8f68-61de095fbe1f","local_time":"20190202212342","daily_mods":["Shiny","Colorless Cards","Lethality"],"is_ascension_mode":false,"campfire_choices":[{"data":"Crippling Poison","floor":7,"key":"SMITH"},{"data":"After Image","floor":11,"key":"SMITH"},{"floor":13,"key":"REST"},{"data":"Corpse Explosion","floor":15,"key":"SMITH"},{"data":"Unload","floor":24,"key":"SMITH"}],"neow_cost":"","seed_source_timestamp":2055236200433,"circlet_count":0,"master_deck":["Venomology","Corpse Explosion+1","Malaise","Phantasmal Killer","Die Die Die","Adrenaline","Envenom","Doppelganger","Burst","Tools of the Trade","Night Terror","Unload+1","After Image+1","Bullet Time","Storm of Steel","Glass Knife","A Thousand Cuts","Grand Finale","Thinking Ahead","Metamorphosis","Master of Strategy","Magnetism","Chrysalis","Transmutation","HandOfGreed","Mayhem","Apotheosis","Secret Weapon","Panache","Violence","Secret Technique","The Bomb","Sadistic Nature","Well Laid Plans","Crippling Poison+1","Deep Breath","Dagger Throw+1","Glass Knife+1","Catalyst","Poisoned Stab+1","Mind Blast+1","PiercingWail","Footwork"],"special_seed":17929,"relics":["Ring of the Snake","Strawberry","Turnip","Vajra","Molten Egg 2","Bottled Lightning","Oddly Smooth Stone","Runic Pyramid","PreservedInsect","Bag of Marbles","Regal Pillow","Potion Belt","Frozen Egg 2"],"potions_floor_usage":[3,8,16,18,22,22],"damage_taken":[{"damage":0,"enemies":"2 Louse","floor":1,"turns":1},{"damage":0,"enemies":"Cultist","floor":2,"turns":1},{"damage":0,"enemies":"Small Slimes","floor":3,"turns":1},{"damage":12,"enemies":"3 Sentries","floor":6,"turns":2},{"damage":11,"enemies":"Gremlin Nob","floor":8,"turns":3},{"damage":0,"enemies":"Blue Slaver","floor":10,"turns":1},{"damage":29,"enemies":"3 Sentries","floor":12,"turns":3},{"damage":14,"enemies":"The Guardian","floor":16,"turns":7},{"damage":16,"enemies":"Chosen","floor":18,"turns":3},{"damage":7,"enemies":"Shell Parasite","floor":20,"turns":2},{"damage":32,"enemies":"Centurion and Healer","floor":22,"turns":4},{"damage":0,"enemies":"Slavers","floor":25,"turns":1},{"damage":27,"enemies":"Gremlin Leader","floor":27,"turns":3},{"damage":23,"enemies":"Shelled Parasite and Fungi","floor":29,"turns":3}],"seed_played":"1821043760548627163","potions_obtained":[{"floor":3,"key":"Dexterity Potion"},{"floor":6,"key":"SpeedPotion"},{"floor":8,"key":"Strength Potion"},{"floor":12,"key":"Block Potion"},{"floor":16,"key":"Strength Potion"},{"floor":18,"key":"PowerPotion"},{"floor":27,"key":"FearPotion"}],"is_trial":false,"path_per_floor":["M","M","M","?","$","E","R","E","T","M","R","E","R","?","R","B",null,"M","?","M","$","M","?","R","E","T","E","?","M"],"character_chosen":"THE_SILENT","items_purchased":["Strawberry","PreservedInsect","Mind Blast+1"],"campfire_rested":1,"item_purchase_floors":[5,21,21],"current_hp_per_floor":[70,70,70,70,77,65,65,54,54,54,54,25,48,48,48,34,77,61,61,54,54,22,47,47,47,47,20,20,0],"gold":78,"neow_bonus":"","is_prod":false,"is_daily":true,"chose_seed":false,"campfire_upgraded":4,"win_rate":0,"timestamp":1549139022,"path_taken":["M","M","M","?","$","E","R","E","T","M","R","E","R","?","R","BOSS","M","?","?","$","M","?","R","E","T","E","?","M"],"build_version":"2019-01-23","purchased_purges":0,"victory":false,"max_hp_per_floor":[70,70,70,70,77,77,77,77,77,77,77,77,77,77,77,77,77,77,77,77,77,77,77,77,77,77,77,77,77],"card_choices":[{"not_picked":["Outmaneuver","Flash of Steel"],"picked":"Madness","floor":1},{"not_picked":["Blade Dance","Deep Breath"],"picked":"Well Laid Plans","floor":2},{"not_picked":["Deflect","Dodge and Roll","Bane"],"picked":"SKIP","floor":3},{"not_picked":["Blind","Quick Slash"],"picked":"Crippling Poison","floor":6},{"not_picked":["Forethought","Dramatic Entrance"],"picked":"Deep Breath","floor":8},{"not_picked":["Underhanded Strike+1","Prepared"],"picked":"Dagger Throw+1","floor":10},{"not_picked":["Good Instincts","Underhanded Strike+1","Sucker Punch+1"],"picked":"SKIP","floor":12},{"not_picked":["Phantasmal Killer","Corpse Explosion"],"picked":"Glass Knife+1","floor":16},{"not_picked":["Dagger Spray+1","Acrobatics+1","Underhanded Strike+1"],"picked":"SKIP","floor":18},{"not_picked":["Dagger Spray+1","Trip"],"picked":"Poisoned Stab+1","floor":20},{"not_picked":["Phantasmal Killer","Flying Knee+1"],"picked":"PiercingWail","floor":22},{"not_picked":["Cloak And Dagger","Sucker Punch+1","Acrobatics+1"],"picked":"SKIP","floor":25},{"not_picked":["Outmaneuver","Slice+1"],"picked":"Footwork","floor":27}],"player_experience":235638,"relics_obtained":[{"floor":6,"key":"Turnip"},{"floor":8,"key":"Vajra"},{"floor":9,"key":"Molten Egg 2"},{"floor":12,"key":"Bottled Lightning"},{"floor":25,"key":"Bag of Marbles"},{"floor":26,"key":"Regal Pillow"},{"floor":27,"key":"Potion Belt"}],"event_choices":[{"damage_healed":0,"gold_gain":51,"player_choice":"Gained Gold","damage_taken":0,"max_hp_gain":0,"max_hp_loss":0,"event_name":"Golden Wing","floor":4,"gold_loss":0},{"cards_removed":["Madness"],"damage_healed":0,"gold_gain":0,"player_choice":"Gave Card","damage_taken":0,"relics_obtained":["Oddly Smooth Stone"],"max_hp_gain":0,"max_hp_loss":0,"event_name":"WeMeetAgain","floor":14,"gold_loss":0},{"damage_healed":0,"gold_gain":0,"cards_transformed":["Wraith Form v2"],"player_choice":"Transformed","damage_taken":0,"max_hp_gain":0,"max_hp_loss":0,"event_name":"Transmorgrifier","floor":19,"gold_loss":0,"cards_obtained":["Catalyst"]},{"damage_healed":25,"gold_gain":0,"player_choice":"Heal","damage_taken":0,"max_hp_gain":0,"max_hp_loss":0,"event_name":"The Library","floor":23,"gold_loss":0},{"damage_healed":0,"gold_gain":0,"player_choice":"Obtained Relic","damage_taken":0,"relics_obtained":["Frozen Egg 2"],"max_hp_gain":0,"max_hp_loss":0,"event_name":"Addict","floor":28,"gold_loss":85}],"is_beta":true,"boss_relics":[{"not_picked":["Fusion Hammer","Black Star"],"picked":"Runic Pyramid"}],"items_purged_floors":[],"is_endless":false,"potions_floor_spawned":[3,6,8,12,16,18,27],"killed_by":"Shelled Parasite and Fungi","ascension_level":0}