{"gold_per_floor":[112,112,112,35,49,49,74,92,162,162,162,181,212,225,225,225],"floor_reached":16,"playtime":700,"items_purged":[],"score":209,"play_id":"53af0500-f334-4195-814e-1f53c5874687","local_time":"20181213082252","is_ascension_mode":true,"campfire_choices":[{"data":"Poisoned Stab","floor":6,"key":"SMITH"},{"floor":11,"key":"REST"},{"floor":15,"key":"REST"}],"neow_cost":"NONE","seed_source_timestamp":93924077166576,"circlet_count":0,"master_deck":["AscendersBane","Defend_G","Defend_G","Defend_G","Defend_G","Defend_G","Strike_G","Strike_G","Strike_G","Strike_G","Strike_G","Survivor","Neutralize","Quick Slash","Poisoned Stab+1","Deflect","Dash","Adrenaline","Crippling Poison","Concentrate","Calculated Gamble"],"relics":["Ring of the Snake","Juzu Bracelet","Regal Pillow","Tough Bandages","Kunai","Bird Faced Urn","Vajra"],"potions_floor_usage":[7],"damage_taken":[{"damage":2,"enemies":"Cultist","floor":1,"turns":5},{"damage":0,"enemies":"Small Slimes","floor":5,"turns":4},{"damage":28,"enemies":"Gremlin Nob","floor":7,"turns":4},{"damage":2,"enemies":"Jaw Worm","floor":8,"turns":3},{"damage":14,"enemies":"3 Louse","floor":12,"turns":4},{"damage":31,"enemies":"3 Sentries","floor":13,"turns":12},{"damage":2,"enemies":"Exordium Thugs","floor":14,"turns":6},{"damage":39,"enemies":"Hexaghost","floor":16,"turns":11}],"seed_played":"3824482077236192090","potions_obtained":[{"floor":1,"key":"Fire Potion"},{"floor":8,"key":"Strength Potion"}],"is_trial":false,"path_per_floor":["M","?","?","$","M","R","E","M","T","?","R","M","E","M","R","B"],"character_chosen":"THE_SILENT","items_purchased":["Poisoned Stab","Deflect"],"campfire_rested":2,"item_purchase_floors":[4,4],"current_hp_per_floor":[57,57,46,46,46,46,18,16,16,16,50,36,5,3,37,0],"gold":225,"neow_bonus":"RANDOM_COMMON_RELIC","is_prod":false,"is_daily":false,"chose_seed":false,"campfire_upgraded":1,"win_rate":0,"timestamp":1544718172,"path_taken":["M","?","?","?","M","R","E","M","T","?","R","M","E","M","R","BOSS"],"build_version":"2018-12-06","purchased_purges":0,"victory":false,"max_hp_per_floor":[66,66,66,66,66,66,66,66,66,66,66,66,66,66,66,66],"card_choices":[{"not_picked":["Flechettes","Sucker Punch"],"picked":"Quick Slash","floor":1},{"not_picked":["Bane","Eviscerate","Quick Slash"],"picked":"SKIP","floor":5},{"not_picked":["Acrobatics","Tactician"],"picked":"Dash","floor":7},{"not_picked":["Prepared","Infinite Blades"],"picked":"Adrenaline","floor":8},{"not_picked":["Slice","Acrobatics"],"picked":"Crippling Poison","floor":12},{"not_picked":["Cloak And Dagger","Crippling Poison"],"picked":"Concentrate","floor":13},{"not_picked":["Cloak And Dagger","Outmaneuver"],"picked":"Calculated Gamble","floor":14}],"player_experience":1555679,"relics_obtained":[{"floor":7,"key":"Tough Bandages"},{"floor":9,"key":"Kunai"},{"floor":13,"key":"Vajra"}],"event_choices":[{"damage_healed":0,"gold_gain":0,"player_choice":"Leave","damage_taken":0,"max_hp_gain":0,"max_hp_loss":0,"event_name":"The Cleric","floor":2,"gold_loss":0},{"damage_healed":0,"gold_gain":0,"player_choice":"Success","damage_taken":11,"relics_obtained":["Regal Pillow"],"max_hp_gain":0,"max_hp_loss":0,"event_name":"Scrap Ooze","floor":3,"gold_loss":0},{"damage_healed":0,"gold_gain":0,"player_choice":"Gave Potion","damage_taken":0,"relics_obtained":["Bird Faced Urn"],"max_hp_gain":0,"max_hp_loss":0,"event_name":"WeMeetAgain","floor":10,"gold_loss":0}],"is_beta":false,"boss_relics":[],"items_purged_floors":[],"is_endless":false,"potions_floor_spawned":[1,8],"killed_by":"Hexaghost","ascension_level":18}