{"path_per_floor":["M","$","?","M","M","R","?","R","T","?","R","E","?","M","R","B",null,"M","$","M"],"character_chosen":"DEFECT","items_purchased":["Apotheosis","Double Energy","Toy Ornithopter"],"gold_per_floor":[118,43,43,60,77,77,77,77,132,307,307,333,333,350,350,452,452,462,14,32,32],"floor_reached":21,"campfire_rested":0,"playtime":495,"item_purchase_floors":[19,19,19],"current_hp_per_floor":[69,69,69,68,63,63,56,56,56,56,56,35,35,35,35,4,75,28,28,7,0],"items_purged":["Strike_B"],"gold":32,"score":177,"play_id":"6e68b40d-6124-4ade-9135-3c0b9f37da81","local_time":"20180603231439","is_prod":false,"is_daily":false,"chose_seed":false,"is_ascension_mode":false,"campfire_upgraded":4,"win_rate":0.0,"timestamp":1528031679,"campfire_choices":[{"data":"Electrodynamics","floor":6,"key":"SMITH"},{"data":"Rip and Tear","floor":8,"key":"SMITH"},{"data":"Dualcast","floor":11,"key":"SMITH"},{"data":"Buffer","floor":15,"key":"SMITH"}],"path_taken":["M","$","?","M","M","R","?","R","T","?","R","E","?","M","R","BOSS","M","$","M","M"],"build_version":"2018-05-31","seed_source_timestamp":40413045380159,"purchased_purges":1,"victory":false,"master_deck":["Strike_B","Strike_B","Defend_B","Defend_B","Defend_B","Defend_B","Zap","Dualcast+1","Rip and Tear+1","Electrodynamics+1","Doubt","Darkness+1","Buffer+1","Creative AI","Genetic Algorithm+1","Apotheosis","Double Energy","Auto Shields+1"],"max_hp_per_floor":[75,75,75,75,75,75,75,75,75,75,75,75,75,75,75,75,75,75,75,75,75],"relics":["Cracked Core","Ancient Tea Set","Kunai","Inserter","Toy Ornithopter"],"card_choices":[{"not_picked":["Turbo","Lockon"],"picked":"Rip and Tear","floor":1},{"not_picked":["Redo","Gash","Compile Driver"],"picked":"SKIP","floor":4},{"not_picked":["Ball Lightning","Turbo","Go for the Eyes"],"picked":"SKIP","floor":5},{"not_picked":["Scrape","Go for the Eyes"],"picked":"Darkness","floor":12},{"not_picked":["Recycle","Doom and Gloom"],"picked":"Buffer","floor":14},{"not_picked":["Biased Cognition","Meteor Strike"],"picked":"Creative AI","floor":16},{"not_picked":["Reinforced Body","Stack+1"],"picked":"Genetic Algorithm+1","floor":18},{"not_picked":["Beam Cell","Fusion"],"picked":"Auto Shields+1","floor":20}],"player_experience":304344,"potions_floor_usage":[12,16,16,20],"damage_taken":[{"damage":6,"enemies":"Jaw Worm","floor":1,"turns":3},{"damage":1,"enemies":"Cultist","floor":4,"turns":3},{"damage":5,"enemies":"2 Louse","floor":5,"turns":2},{"damage":21,"enemies":"Lagavulin","floor":12,"turns":5},{"damage":0,"enemies":"Large Slime","floor":14,"turns":3},{"damage":31,"enemies":"The Guardian","floor":16,"turns":6},{"damage":47,"enemies":"3 Byrds","floor":18,"turns":5},{"damage":24,"enemies":"Spheric Guardian","floor":20,"turns":4},{"damage":10,"enemies":"Snecko","floor":21,"turns":2}],"relics_obtained":[{"floor":9,"key":"Ancient Tea Set"},{"floor":12,"key":"Kunai"}],"event_choices":[{"event_name":"Match and Keep!","player_choice":"1 cards matched","floor":3,"damage_taken":0},{"event_name":"Golden Wing","player_choice":"Card Removal","floor":7,"damage_taken":0},{"event_name":"Liars Game","player_choice":"agreed","floor":10,"damage_taken":0},{"event_name":"Upgrade Shrine","player_choice":"Upgraded","floor":13,"damage_taken":0}],"boss_relics":[{"not_picked":["Pandora\u0027s Box","Cursed Key"],"picked":"Inserter"}],"items_purged_floors":[2],"potions_floor_spawned":[1,14],"seed_played":"-3968369784495755933","killed_by":"Snecko","ascension_level":0,"potions_obtained":[{"floor":14,"key":"AttackPotion"}],"is_trial":false}