{"gold_per_floor":[113,113,125,144,164,195,195,213,213,213,242,167,342,356,356,356],"floor_reached":16,"playtime":700,"items_purged":["Strike_R"],"score":151,"play_id":"6dfcd7db-a97d-4477-9fb2-eca967403550","local_time":"20181209173744","is_ascension_mode":true,"campfire_choices":[{"data":"Bash","floor":7,"key":"SMITH"},{"data":"Body Slam","floor":10,"key":"SMITH"},{"data":"Entrench","floor":15,"key":"SMITH"}],"neow_cost":"NONE","seed_source_timestamp":1966291780240711,"circlet_count":0,"master_deck":["Strike_R","Strike_R","Strike_R","Defend_R","Defend_R","Defend_R","Defend_R","Bash+1","Inflame","Dropkick","Body Slam+1","Clothesline","Clash","Iron Wave","Entrench+1","Doubt","Whirlwind"],"relics":["Burning Blood","Meat on the Bone","Matryoshka","Bottled Lightning"],"potions_floor_usage":[16,16,16],"damage_taken":[{"damage":3,"enemies":"Small Slimes","floor":1,"turns":3},{"damage":1,"enemies":"Cultist","floor":3,"turns":4},{"damage":3,"enemies":"2 Louse","floor":4,"turns":3},{"damage":10,"enemies":"2 Fungi Beasts","floor":5,"turns":4},{"damage":50,"enemies":"3 Sentries","floor":6,"turns":8},{"damage":14,"enemies":"3 Louse","floor":8,"turns":4},{"damage":6,"enemies":"Gremlin Nob","floor":11,"turns":3},{"damage":13,"enemies":"Red Slaver","floor":14,"turns":3},{"damage":61,"enemies":"Slime Boss","floor":16,"turns":8}],"seed_played":"-4991810282328628775","potions_obtained":[{"floor":1,"key":"FearPotion"},{"floor":5,"key":"SmokeBomb"},{"floor":8,"key":"Block Potion"},{"floor":11,"key":"SteroidPotion"}],"is_trial":false,"path_per_floor":["M","?","M","M","M","E","R","M","T","R","E","$","?","M","R","B"],"character_chosen":"IRONCLAD","items_purchased":[],"campfire_rested":0,"item_purchase_floors":[],"current_hp_per_floor":[83,83,88,88,84,40,40,44,44,44,56,56,56,61,61,0],"gold":356,"neow_bonus":"TEN_PERCENT_HP_BONUS","is_prod":false,"is_daily":false,"chose_seed":false,"campfire_upgraded":3,"win_rate":0,"timestamp":1544398664,"path_taken":["M","?","M","M","?","E","R","M","T","R","E","$","?","M","R","BOSS"],"build_version":"2018-12-06","purchased_purges":1,"victory":false,"max_hp_per_floor":[88,88,88,88,88,88,88,88,88,88,88,88,88,88,88,88],"card_choices":[{"not_picked":["Searing Blow","Iron Wave"],"picked":"Inflame","floor":1},{"not_picked":["Carnage","Blood for Blood"],"picked":"Dropkick","floor":3},{"not_picked":["Combust","Corruption"],"picked":"Body Slam","floor":4},{"not_picked":["Perfected Strike","Havoc"],"picked":"Clothesline","floor":5},{"not_picked":["Sword Boomerang","Reckless Charge"],"picked":"Clash","floor":6},{"not_picked":["Evolve","Sword Boomerang"],"picked":"Iron Wave","floor":8},{"not_picked":["Fire Breathing","Evolve"],"picked":"Entrench","floor":11},{"not_picked":["Warcry","Heavy Blade"],"picked":"Whirlwind","floor":14}],"player_experience":291338,"relics_obtained":[{"floor":6,"key":"Meat on the Bone"},{"floor":9,"key":"Matryoshka"},{"floor":11,"key":"Bottled Lightning"}],"event_choices":[{"cards_removed":["Strike_R"],"damage_healed":0,"gold_gain":0,"player_choice":"Offered Basic","damage_taken":0,"max_hp_gain":0,"max_hp_loss":0,"event_name":"Bonfire Elementals","floor":2,"gold_loss":0},{"damage_healed":0,"gold_gain":175,"player_choice":"AGREE","damage_taken":0,"max_hp_gain":0,"max_hp_loss":0,"event_name":"Liars Game","floor":13,"gold_loss":0,"cards_obtained":["Doubt"]}],"is_beta":false,"boss_relics":[],"items_purged_floors":[12],"is_endless":false,"potions_floor_spawned":[1,5,8,11],"killed_by":"Slime Boss","ascension_level":7}