{"gold_per_floor":[115,125,125,75,0,35,47,59,125,137,178,203,215,243,255,364,426,451,463,475,501,343,343,369,6,6,6,6,35,46,46,46,141,141,154,254,164,175,175,203,215,249,249,249,598,337,355,160,160,160,160,160,25,58,58],"floor_reached":55,"playtime":2865,"items_purged":["Defend_B","Writhe","Strike_B"],"score":847,"play_id":"a98b7d1e-992b-4a72-acf1-3504af0a5da4","local_time":"20181104103456","is_ascension_mode":false,"campfire_choices":[{"data":"Zap","floor":7,"key":"SMITH"},{"data":"FTL","floor":10,"key":"SMITH"},{"data":"Go for the Eyes","floor":15,"key":"SMITH"},{"data":"Sunder","floor":23,"key":"SMITH"},{"data":"Capacitor","floor":28,"key":"SMITH"},{"data":"Dualcast","floor":32,"key":"SMITH"},{"data":"Fission","floor":44,"key":"SMITH"},{"floor":49,"key":"RECALL"},{"data":"Coolheaded","floor":52,"key":"SMITH"}],"neow_cost":"NONE","seed_source_timestamp":621397608536953,"circlet_count":0,"master_deck":["Defend_B+1","Zap+1","Dualcast+1","Leap","FTL+1","Go for the Eyes+1","Conserve Battery","Cold Snap+1","Reboot","Beam Cell+1","Redo+1","Sunder+1","Capacitor+1","Ball Lightning+1","All For One","Coolheaded+1","Fission+1","Go for the Eyes+1","Consume+1","All For One","Panache+1","Loop+1","Defragment+1","Capacitor+1","Undo"],"relics":["Cracked Core","NeowsBlessing","MawBank","Blood Vial","Ancient Tea Set","Tiny House","Bronze Scales","Kunai","Symbiotic Virus","Whetstone","Runic Dome","Ice Cream","Frozen Egg 2","Bag of Marbles","Dodecahedron","Old Coin","Lee\u0027s Waffle","Strawberry"],"potions_floor_usage":[18,29,33,45,45,50,55],"damage_taken":[{"damage":0,"enemies":"2 Louse","floor":1,"turns":1},{"damage":0,"enemies":"Small Slimes","floor":2,"turns":1},{"damage":0,"enemies":"Gremlin Nob","floor":6,"turns":1},{"damage":22,"enemies":"Lagavulin","floor":11,"turns":6},{"damage":0,"enemies":"Cultist","floor":12,"turns":2},{"damage":7,"enemies":"Exordium Thugs","floor":14,"turns":4},{"damage":27,"enemies":"Hexaghost","floor":16,"turns":12},{"damage":10,"enemies":"2 Thieves","floor":18,"turns":4},{"damage":0,"enemies":"Chosen","floor":21,"turns":4},{"damage":8,"enemies":"Book of Stabbing","floor":24,"turns":5},{"damage":22,"enemies":"Gremlin Leader","floor":29,"turns":7},{"damage":4,"enemies":"Snecko","floor":30,"turns":4},{"damage":10,"enemies":"Automaton","floor":33,"turns":7},{"damage":0,"enemies":"3 Shapes","floor":35,"turns":4},{"damage":11,"enemies":"Mind Bloom Boss Battle","floor":36,"turns":5},{"damage":5,"enemies":"3 Darklings","floor":38,"turns":4},{"damage":9,"enemies":"Giant Head","floor":40,"turns":6},{"damage":0,"enemies":"Spire Growth","floor":41,"turns":4},{"damage":3,"enemies":"Reptomancer","floor":42,"turns":6},{"damage":11,"enemies":"2 Orb Walkers","floor":45,"turns":3},{"damage":0,"enemies":"4 Shapes","floor":47,"turns":3},{"damage":14,"enemies":"Donu and Deca","floor":50,"turns":5},{"damage":43,"enemies":"Shield and Spear","floor":54,"turns":5},{"damage":55,"enemies":"The Heart","floor":55,"turns":5}],"seed_played":"-5941225929994469338","potions_obtained":[{"floor":11,"key":"Fire Potion"},{"floor":12,"key":"Energy Potion"},{"floor":16,"key":"AttackPotion"},{"floor":17,"key":"Dexterity Potion"},{"floor":24,"key":"SpeedPotion"},{"floor":30,"key":"SteroidPotion"},{"floor":40,"key":"GamblersBrew"},{"floor":45,"key":"Poison Potion"},{"floor":47,"key":"Block Potion"}],"is_trial":false,"path_per_floor":["M","M","?","?","$","E","R","?","T","R","E","M","?","M","R","B",null,"M","?","?","M","$","R","E","$","T","?","R","E","M","?","R","B",null,"M","?","?","M","?","E","M","E","T","R","?","$","M","$","R","B",null,"R","$","E","B"],"character_chosen":"DEFECT","items_purchased":["Capacitor","Symbiotic Virus","Panache+1","Loop+1","Lee\u0027s Waffle","Capacitor+1","Undo"],"campfire_rested":0,"item_purchase_floors":[22,25,46,46,48,53,53],"current_hp_per_floor":[75,75,68,68,68,68,68,68,68,68,48,50,55,50,50,25,85,75,75,75,77,77,77,71,71,71,71,71,51,49,49,49,41,85,85,74,74,71,71,64,66,65,65,65,56,56,58,88,88,74,88,88,88,52,0],"gold":58,"neow_bonus":"THREE_ENEMY_KILL","is_prod":false,"is_daily":false,"chose_seed":false,"campfire_upgraded":8,"win_rate":0,"timestamp":1541345696,"path_taken":["M","M","?","?","$","E","R","?","T","R","E","M","?","M","R","BOSS","M","?","?","?","$","R","E","?","T","?","R","E","M","?","R","BOSS","M","?","?","?","?","E","M","E","T","R","?","$","M","$","R","BOSS","R","$","E","BOSS"],"build_version":"2018-10-30","purchased_purges":3,"victory":false,"max_hp_per_floor":[75,75,75,75,75,75,75,75,75,75,75,75,80,80,80,80,85,85,85,85,85,85,85,85,85,85,85,85,85,85,85,85,85,85,85,85,85,85,81,81,81,81,81,81,81,81,81,88,88,88,88,88,88,95,95],"card_choices":[{"not_picked":["Barrage","Rebound","Storm"],"picked":"SKIP","floor":1},{"not_picked":["Darkness","Rebound"],"picked":"Leap","floor":2},{"not_picked":["Conserve Battery","BootSequence"],"picked":"FTL","floor":6},{"not_picked":["Fusion","Steam"],"picked":"Go for the Eyes","floor":11},{"not_picked":["Stack","Sweeping Beam"],"picked":"Conserve Battery","floor":12},{"not_picked":["Hologram","Steam"],"picked":"Cold Snap","floor":14},{"not_picked":["Meteor Strike","Fission"],"picked":"Reboot","floor":16},{"not_picked":["Auto Shields","Force Field"],"picked":"Beam Cell","floor":17},{"not_picked":["Chill","Conserve Battery"],"picked":"Redo+1","floor":18},{"not_picked":["Barrage","Cold Snap"],"picked":"Sunder","floor":21},{"not_picked":["Darkness","Aggregate"],"picked":"Ball Lightning","floor":24},{"not_picked":["Ball Lightning","Conserve Battery"],"picked":"All For One","floor":29},{"not_picked":["Sweeping Beam","Streamline"],"picked":"Coolheaded","floor":30},{"not_picked":["Biased Cognition","Buffer"],"picked":"Fission","floor":33},{"not_picked":["Tempest+1","Stack+1"],"picked":"Go for the Eyes+1","floor":35},{"not_picked":["Cold Snap","Capacitor"],"picked":"Consume+1","floor":36},{"not_picked":["Rebound","Turbo","Lockon"],"picked":"SKIP","floor":38},{"not_picked":["Gash","Go for the Eyes","Hello World+1"],"picked":"SKIP","floor":40},{"not_picked":["Recycle+1","Doom and Gloom","Cold Snap"],"picked":"SKIP","floor":41},{"not_picked":["Creative AI+1","Ball Lightning+1"],"picked":"All For One","floor":42},{"not_picked":["Coolheaded","Chill"],"picked":"Defragment+1","floor":47},{"not_picked":["Beam Cell","Genetic Algorithm","Double Energy+1"],"picked":"SKIP","floor":54}],"player_experience":914688,"relics_obtained":[{"floor":6,"key":"MawBank"},{"floor":9,"key":"Blood Vial"},{"floor":11,"key":"Ancient Tea Set"},{"floor":24,"key":"Kunai"},{"floor":29,"key":"Whetstone"},{"floor":36,"key":"Ice Cream"},{"floor":40,"key":"Frozen Egg 2"},{"floor":42,"key":"Bag of Marbles"},{"floor":43,"key":"Dodecahedron"},{"floor":45,"key":"Old Coin"},{"floor":54,"key":"Strawberry"}],"event_choices":[{"cards_removed":["Strike_B"],"damage_healed":0,"gold_gain":0,"player_choice":"Card Removal","damage_taken":7,"max_hp_gain":0,"max_hp_loss":0,"event_name":"Golden Wing","floor":3,"gold_loss":0},{"cards_removed":["Defend_B"],"damage_healed":0,"gold_gain":0,"player_choice":"Card Removal","damage_taken":0,"max_hp_gain":0,"max_hp_loss":0,"event_name":"The Cleric","floor":4,"gold_loss":50},{"cards_removed":["Strike_B"],"damage_healed":0,"gold_gain":0,"player_choice":"Forget","damage_taken":0,"max_hp_gain":0,"max_hp_loss":0,"event_name":"Living Wall","floor":8,"gold_loss":0},{"damage_healed":0,"gold_gain":0,"player_choice":"Donut","damage_taken":0,"max_hp_gain":5,"max_hp_loss":0,"event_name":"Big Fish","floor":13,"gold_loss":0},{"damage_healed":0,"gold_gain":0,"player_choice":"Opened","damage_taken":0,"relics_obtained":["Bronze Scales"],"max_hp_gain":0,"max_hp_loss":0,"event_name":"The Mausoleum","floor":19,"gold_loss":0,"cards_obtained":["Writhe"]},{"damage_healed":0,"gold_gain":0,"player_choice":"Forge","damage_taken":0,"max_hp_gain":0,"max_hp_loss":0,"event_name":"Accursed Blacksmith","floor":20,"gold_loss":0,"cards_upgraded":["Beam Cell"]},{"damage_healed":0,"gold_gain":0,"player_choice":"Ignored","damage_taken":0,"max_hp_gain":0,"max_hp_loss":0,"event_name":"Vampires","floor":27,"gold_loss":0},{"cards_removed":["Defend_B"],"damage_healed":0,"gold_gain":0,"player_choice":"Elegance","damage_taken":0,"max_hp_gain":0,"max_hp_loss":0,"event_name":"Back to Basics","floor":31,"gold_loss":0},{"damage_healed":0,"gold_gain":0,"player_choice":"Fight","damage_taken":0,"max_hp_gain":0,"max_hp_loss":0,"event_name":"MindBloom","floor":36,"gold_loss":0},{"cards_removed":["Strike_B"],"damage_healed":0,"gold_gain":0,"player_choice":"Upgrade and Remove","damage_taken":0,"max_hp_gain":0,"max_hp_loss":0,"event_name":"Designer","floor":37,"gold_loss":90,"cards_upgraded":["Ball Lightning"]},{"damage_healed":0,"gold_gain":0,"player_choice":"Max HP","damage_taken":0,"max_hp_gain":0,"max_hp_loss":4,"event_name":"Winding Halls","floor":39,"gold_loss":0},{"damage_healed":0,"gold_gain":0,"player_choice":"Fight","damage_taken":0,"max_hp_gain":0,"max_hp_loss":0,"event_name":"Mysterious Sphere","floor":45,"gold_loss":0}],"is_beta":true,"boss_relics":[{"not_picked":["Pandora\u0027s Box","Fusion Hammer"],"picked":"Tiny House"},{"not_picked":["Eternal Feather","Runic Pyramid"],"picked":"Runic Dome"}],"items_purged_floors":[5,22,25],"is_endless":false,"potions_floor_spawned":[11,12,16,24,30,40,45,47],"killed_by":"The Heart","ascension_level":0}