{"path_per_floor":["M","?","M","M","?","E","R","?","T","E","$","R","E","M","R","B",null,"M","?","M","?","M","E","M","E","T","E","T","M","?","M","R","B",null,"M","?","$","?","$","E","$","E","T","?","R","M","E","M","R","B"],"character_chosen":"THE_SILENT","items_purchased":["Noxious Fumes","Dream Catcher","Accuracy","Bottled Tornado","Noxious Fumes","Infinite Blades"],"gold_per_floor":[111,111,124,143,143,168,168,198,198,223,1,1,31,46,46,145,145,165,165,176,176,192,225,237,266,266,301,327,343,443,461,461,563,563,576,576,202,202,80,108,26,51,51,51,51,69,96,113,113,113],"floor_reached":51,"campfire_rested":6,"playtime":4260,"current_hp_per_floor":[66,54,55,50,36,4,26,26,26,17,17,46,38,18,47,30,94,88,65,62,62,29,40,35,18,18,23,23,16,16,12,33,12,73,32,32,32,32,32,48,48,34,34,34,56,68,66,57,79,53],"items_purged":["Defend_G","Defend_G"],"gold":113,"score":963,"play_id":"e25b02d9-6ef1-4d73-a118-c1ab9f86bbc8","local_time":"20180415185843","is_prod":false,"is_daily":false,"chose_seed":false,"is_ascension_mode":true,"campfire_upgraded":0,"timestamp":1523836723,"path_taken":["M","?","?","M","?","E","R","?","T","E","$","R","E","M","R","BOSS","M","?","M","?","M","E","?","E","T","E","?","?","?","M","R","BOSS","M","?","$","?","$","E","$","E","T","?","R","M","E","M","R","BOSS"],"build_version":"2018-04-12","seed_source_timestamp":1806720404875022,"purchased_purges":2,"victory":true,"master_deck":["Defend_G+1","Survivor","Neutralize+1","Backflip","Bane","Noxious Fumes+1","Cloak And Dagger","Cloak And Dagger","Adrenaline","Blade Dance","Bite","Bite","Bite","Bite","Bite","Reflex","Blade Dance+1","Cloak And Dagger+1","Cloak And Dagger","Dagger Throw","Well Laid Plans+1","Escape Plan+1","Tools of the Trade+1","Backflip+1","Accuracy+1","Noxious Fumes+1","Infinite Blades+1","Bane","Injury","Flying Knee+1","Panache+1","Dagger Spray+1","Catalyst","PiercingWail"],"max_hp_per_floor":[70,70,72,72,72,74,74,74,74,90,90,92,92,92,94,94,94,94,65,67,67,69,69,69,69,69,71,71,71,71,73,73,73,73,73,73,73,73,73,75,75,75,75,75,75,77,77,79,79,79],"relics":["Ring of the Snake","Pen Nib","Singing Bowl","Frozen Egg 2","Prayer Wheel","Mango","Dream Catcher","Kunai","White Beast Statue","Blue Candle","Bottled Lightning","Smiling Mask","Bird Faced Urn","Anchor","Cursed Key","Bottled Tornado","Bronze Scales","Lantern","Unceasing Top","Gremlin Horn"],"card_choices":[{"not_picked":["Deflect","All Out Attack"],"picked":"Backflip","floor":1},{"not_picked":["Deadly Poison","Quick Slash"],"picked":"Bane","floor":4},{"not_picked":["Outmaneuver","Dagger Spray"],"picked":"Cloak And Dagger","floor":13},{"not_picked":["Calculated Gamble","Outmaneuver"],"picked":"Cloak And Dagger","floor":14},{"not_picked":["Die Die Die","Tactician"],"picked":"Adrenaline","floor":16},{"not_picked":["Slice","Predator"],"picked":"Blade Dance","floor":18},{"not_picked":["Heel Hook","Calculated Gamble"],"picked":"Blade Dance","floor":23},{"not_picked":["Deadly Poison","Underhanded Strike"],"picked":"Cloak And Dagger","floor":24},{"not_picked":["Predator","Blur"],"picked":"Cloak And Dagger","floor":25},{"not_picked":["PiercingWail","Flying Knee"],"picked":"Dagger Throw","floor":26},{"not_picked":["Caltrops","Underhanded Strike"],"picked":"Well Laid Plans","floor":28},{"not_picked":["Quick Slash","Dagger Spray"],"picked":"Escape Plan","floor":29},{"not_picked":["Acrobatics","Eviscerate"],"picked":"Poisoned Stab","floor":32},{"not_picked":["Die Die Die","A Thousand Cuts"],"picked":"Tools of the Trade","floor":33},{"not_picked":["Concentrate","Prepared"],"picked":"Backflip","floor":35},{"not_picked":["Prepared","All Out Attack"],"picked":"Bane","floor":42},{"not_picked":["Dash","Masterful Stab"],"picked":"Flying Knee","floor":43},{"not_picked":["Master of Strategy","Secret Technique"],"picked":"Panache","floor":44},{"not_picked":["Calculated Gamble","Heel Hook"],"picked":"Dagger Spray","floor":45},{"not_picked":["Dagger Spray","Eviscerate"],"picked":"Catalyst","floor":47},{"not_picked":["Choke","Quick Slash"],"picked":"PiercingWail","floor":49}],"player_experience":163617,"potions_floor_usage":[10,20,22,23,24,25,25,27,27,33,33,33,35,40,47,48,50,50,50],"damage_taken":[{"damage":4,"enemies":"Small Slimes","floor":1,"turns":4},{"damage":1,"enemies":"Jaw Worm","floor":3,"turns":4},{"damage":5,"enemies":"Cultist","floor":4,"turns":4},{"damage":34,"enemies":"Gremlin Nob","floor":6,"turns":5},{"damage":25,"enemies":"3 Sentries","floor":10,"turns":10},{"damage":8,"enemies":"Lagavulin","floor":13,"turns":8},{"damage":20,"enemies":"Gremlin Gang","floor":14,"turns":6},{"damage":17,"enemies":"Slime Boss","floor":16,"turns":10},{"damage":6,"enemies":"3 Byrds","floor":18,"turns":5},{"damage":11,"enemies":"Chosen","floor":20,"turns":5},{"damage":49,"enemies":"3 Cultists","floor":22,"turns":6},{"damage":9,"enemies":"Gremlin Leader","floor":23,"turns":8},{"damage":21,"enemies":"Centurion and Healer","floor":24,"turns":7},{"damage":23,"enemies":"Book of Stabbing","floor":25,"turns":4},{"damage":7,"enemies":"Slavers","floor":27,"turns":5},{"damage":21,"enemies":"Snake Plant","floor":29,"turns":5},{"damage":22,"enemies":"3 Cultists","floor":31,"turns":5},{"damage":60,"enemies":"Automaton","floor":33,"turns":12},{"damage":55,"enemies":"3 Darklings","floor":35,"turns":6},{"damage":10,"enemies":"Giant Head","floor":40,"turns":8},{"damage":36,"enemies":"Nemesis","floor":42,"turns":5},{"damage":0,"enemies":"Orb Walker","floor":46,"turns":2},{"damage":14,"enemies":"2 Orb Walkers","floor":47,"turns":3},{"damage":32,"enemies":"Maw","floor":48,"turns":5},{"damage":61,"enemies":"Donu and Deca","floor":50,"turns":8}],"event_choices":[{"event_name":"Scrap Ooze","player_choice":"success","floor":2,"damage_taken":12},{"event_name":"Shining Light","player_choice":"Entered Light","floor":5,"damage_taken":0},{"event_name":"Dead Adventurer","player_choice":"Searched \u00272\u0027 times","floor":8,"damage_taken":0},{"event_name":"Vampires","player_choice":"Became a vampire","floor":19,"damage_taken":0},{"event_name":"Transmorgrifier","player_choice":"Transform","floor":21,"damage_taken":0},{"event_name":"Golden Shrine","player_choice":"Pray","floor":30,"damage_taken":0},{"event_name":"Purifier","player_choice":"One Purge","floor":36,"damage_taken":0},{"event_name":"SensoryStone","player_choice":"Memory 1","floor":44,"damage_taken":0}],"boss_relics":[{"not_picked":["Eternal Feather","Tiny House"],"picked":"White Beast Statue"},{"not_picked":["Sozu","Runic Pyramid"],"picked":"Cursed Key"}],"potions_floor_spawned":[4,6,16,18,20,22,23,24,25,27,29,31,33,35,40,42,46,47,48],"seed_played":"-9155321687329455656","ascension_level":4,"is_trial":false}