{"gold_per_floor":[114,114,114,139,61,61,96,96,96,112,143,143,163,196,196,274,274,289,304,304],"floor_reached":20,"playtime":882,"items_purged":[],"score":366,"play_id":"3623fe29-b27e-46c7-8ad3-0132f16b0d16","local_time":"20181024143834","is_ascension_mode":true,"campfire_choices":[{"data":"Rampage","floor":6.0,"key":"SMITH"},{"data":"Pummel","floor":8.0,"key":"SMITH"},{"data":"Bash","floor":12,"key":"SMITH"},{"floor":15,"key":"DIG"}],"neow_cost":"NONE","seed_source_timestamp":1284240507642575,"circlet_count":0,"master_deck":["Strike_R","Strike_R","Strike_R","Strike_R","Defend_R","Defend_R","Defend_R","Defend_R","Bash+1","AscendersBane","Seeing Red","Rampage+1","Pummel+1","Metallicize","Pommel Strike","Ghostly Armor","Impervious","Cleave"],"special_seed":0,"relics":["Burning Blood","NeowsBlessing","Vajra","Kunai","Paper Frog","Shovel","Pear","Smiling Mask","Cursed Key"],"potions_floor_usage":[16,19],"damage_taken":[{"damage":0.0,"enemies":"Small Slimes","floor":1.0,"turns":1.0},{"damage":0.0,"enemies":"Gremlin Nob","floor":7.0,"turns":1.0},{"damage":0.0,"enemies":"2 Louse","floor":10.0,"turns":1.0},{"damage":29,"enemies":"3 Sentries","floor":11,"turns":10},{"damage":7,"enemies":"Jaw Worm","floor":13,"turns":3},{"damage":17,"enemies":"Lagavulin","floor":14,"turns":5},{"damage":48,"enemies":"The Guardian","floor":16,"turns":11},{"damage":17,"enemies":"3 Byrds","floor":18,"turns":7},{"damage":24,"enemies":"2 Thieves","floor":19,"turns":4},{"damage":44,"enemies":"Sentry and Sphere","floor":20,"turns":7}],"seed_played":"-7858922279382721533","potions_obtained":[{"floor":13,"key":"Explosive Potion"},{"floor":14,"key":"AttackPotion"},{"floor":16,"key":"Explosive Potion"}],"is_trial":false,"path_per_floor":["M","?","?","T","$","R","E","R","T","M","E","R","M","E","R","B",null,"M","M"],"character_chosen":"IRONCLAD","items_purchased":["Rampage"],"campfire_rested":0,"item_purchase_floors":[5],"current_hp_per_floor":[74,79,72,72,72,72,78,78,78,80,57,57,56,55,55,13,71,60,42,0],"gold":304,"neow_bonus":"THREE_ENEMY_KILL","is_prod":false,"is_daily":false,"chose_seed":false,"campfire_upgraded":3,"win_rate":0,"timestamp":1540417114,"path_taken":["M","?","?","?","$","R","E","R","T","M","E","R","M","E","R","BOSS","M","M","M"],"build_version":"2018-10-18","purchased_purges":0,"victory":false,"max_hp_per_floor":[75,80,80,80,80,80,80,80,80,80,80,80,80,90,90,90,90,90,90,90],"card_choices":[{"not_picked":["Flex","Clash"],"picked":"Seeing Red","floor":1.0},{"not_picked":["True Grit","Havoc"],"picked":"Pummel","floor":7.0},{"not_picked":["Anger","Sentinel"],"picked":"Metallicize","floor":10.0},{"not_picked":["Body Slam","Second Wind"],"picked":"Pommel Strike","floor":11},{"not_picked":["Flex","Pummel"],"picked":"Ghostly Armor","floor":13},{"not_picked":["Clash","Ghostly Armor","Berserk"],"picked":"SKIP","floor":14},{"not_picked":["Berserk","Limit Break"],"picked":"Impervious","floor":16},{"not_picked":["Armaments","Bloodletting","Body Slam"],"picked":"SKIP","floor":18},{"not_picked":["Shrug It Off","Body Slam"],"picked":"Cleave","floor":19}],"player_experience":1198941,"relics_obtained":[{"floor":4.0,"key":"Vajra"},{"floor":7.0,"key":"Kunai"},{"floor":9.0,"key":"Paper Frog"},{"floor":11,"key":"Shovel"},{"floor":14,"key":"Pear"},{"floor":15,"key":"Smiling Mask"}],"event_choices":[{"damage_healed":0.0,"max_hp_gain":5.0,"max_hp_loss":0.0,"gold_gain":0.0,"event_name":"Big Fish","player_choice":"Donut","floor":2.0,"gold_loss":0.0,"damage_taken":0.0},{"cards_removed":["Strike_R"],"damage_healed":0.0,"max_hp_gain":0.0,"max_hp_loss":0.0,"gold_gain":0.0,"event_name":"Golden Wing","player_choice":"Card Removal","floor":3.0,"gold_loss":0.0,"damage_taken":7.0}],"is_beta":false,"boss_relics":[{"not_picked":["Black Star","Mark of Pain"],"picked":"Cursed Key"}],"items_purged_floors":[],"is_endless":false,"potions_floor_spawned":[13,14,16],"killed_by":"Sentry and Sphere","ascension_level":14}