{"gold_per_floor":[117,167,167,167,167,196,211,211,238,238,11,22,22,52,52,147,147,159,159,159,84,9,9,43,43,43,143,143,143,169,268,268,268],"floor_reached":33,"playtime":1351,"items_purged":["Regret"],"score":441,"play_id":"7c953187-db47-4f31-b98a-7369a5e74dc0","local_time":"20190104195654","is_ascension_mode":true,"campfire_choices":[{"floor":8,"key":"REST"},{"floor":10,"key":"REST"},{"data":"Self Repair","floor":13,"key":"SMITH"},{"data":"Reinforced Body","floor":15,"key":"SMITH"},{"data":"Electrodynamics","floor":23,"key":"SMITH"},{"data":"Transmutation","floor":29,"key":"SMITH"},{"data":"Defragment","floor":32,"key":"SMITH"}],"neow_cost":"NONE","seed_source_timestamp":1257694014847710,"circlet_count":0,"master_deck":["Strike_B+1","Strike_B","Strike_B","Defend_B","Defend_B","Defend_B","Defend_B+1","Zap+1","Steam+1","Rebound","Compile Driver","BootSequence","Self Repair+1","Reinforced Body+1","Impatience","Electrodynamics+1","Parasite","Ball Lightning","Self Repair+1","Transmutation+1","Ghostly","Ghostly","Ghostly","Ghostly","Ghostly","Berserk","Defragment+1"],"relics":["Cracked Core","Juzu Bracelet","War Paint","Vajra","Dream Catcher","PrismaticShard","PreservedInsect","Orichalcum","Cables","Ginger","Nloth\u0027s Gift","Blood Vial","Happy Flower","Turnip","Pear","Omamori"],"potions_floor_usage":[14,24,24],"damage_taken":[{"damage":1,"enemies":"Cultist","floor":1,"turns":3},{"damage":39,"enemies":"Gremlin Nob","floor":6,"turns":5},{"damage":4,"enemies":"Small Slimes","floor":7,"turns":3},{"damage":0,"enemies":"Jaw Worm","floor":12,"turns":3},{"damage":17,"enemies":"3 Sentries","floor":14,"turns":6},{"damage":24,"enemies":"The Guardian","floor":16,"turns":12},{"damage":17,"enemies":"2 Thieves","floor":18,"turns":3},{"damage":29,"enemies":"Book of Stabbing","floor":24,"turns":4},{"damage":4,"enemies":"Colosseum Slavers","floor":27,"turns":3},{"damage":0,"enemies":"Colosseum Nobs","floor":27,"turns":4},{"damage":0,"enemies":"Slavers","floor":30,"turns":4},{"damage":52,"enemies":"Champ","floor":33,"turns":11}],"seed_played":"-4431315230945664308","potions_obtained":[{"floor":7,"key":"Fruit Juice"},{"floor":16,"key":"Swift Potion"},{"floor":18,"key":"LiquidBronze"},{"floor":27,"key":"SteroidPotion"}],"is_trial":false,"path_per_floor":["M","T","?","?","?","E","M","R","T","R","$","M","R","E","R","B",null,"M","?","?","$","?","R","E","?","T","?","?","R","E","?","R","B"],"character_chosen":"DEFECT","items_purchased":["PrismaticShard","Self Repair"],"campfire_rested":2,"item_purchase_floors":[11,11],"current_hp_per_floor":[67,67,67,52,45,6,2,24,24,46,46,53,53,51,51,37,69,52,52,52,52,52,52,43,40,40,50,50,50,50,50,50,0],"gold":268,"neow_bonus":"RANDOM_COMMON_RELIC","is_prod":false,"is_daily":false,"chose_seed":false,"campfire_upgraded":5,"win_rate":0,"timestamp":1546653414,"path_taken":["M","?","?","?","?","E","M","R","T","R","?","M","R","E","R","BOSS","M","?","?","$","?","R","E","?","T","?","?","R","E","?","R","BOSS"],"build_version":"2019-01-03v4","purchased_purges":1,"victory":false,"max_hp_per_floor":[75,75,75,75,75,75,75,75,75,75,75,75,75,80,80,80,80,80,80,80,80,80,80,80,40,40,50,50,50,50,50,50,50],"card_choices":[{"not_picked":["Barrage","Reprogram"],"picked":"Steam","floor":1},{"not_picked":["Recycle","Reprogram"],"picked":"Rebound","floor":6},{"not_picked":["Chaos","Rebound"],"picked":"Compile Driver","floor":7},{"not_picked":["Hyperbeam","Stack"],"picked":"BootSequence","floor":10},{"not_picked":["Coolheaded","Hologram"],"picked":"Reinforced Body","floor":12},{"not_picked":["Combust","Outmaneuver"],"picked":"Impatience","floor":14},{"not_picked":["Doppelganger","Exhume"],"picked":"Electrodynamics","floor":16},{"not_picked":["Dodge and Roll","Body Slam"],"picked":"Ball Lightning","floor":18},{"not_picked":["Recycle+1","Armaments"],"picked":"Transmutation","floor":24},{"not_picked":["Clash","Distraction+1"],"picked":"Berserk","floor":27},{"not_picked":["After Image","Clash","True Grit"],"picked":"SKIP","floor":30}],"player_experience":370889,"relics_obtained":[{"floor":2,"key":"War Paint"},{"floor":6,"key":"Vajra"},{"floor":9,"key":"Dream Catcher"},{"floor":14,"key":"PreservedInsect"},{"floor":17,"key":"Orichalcum"},{"floor":17,"key":"Cables"},{"floor":17,"key":"Ginger"},{"floor":24,"key":"Blood Vial"},{"floor":26,"key":"Happy Flower"},{"floor":27,"key":"Turnip"},{"floor":27,"key":"Pear"},{"floor":30,"key":"Omamori"}],"event_choices":[{"cards_removed":["Dualcast"],"damage_healed":0,"gold_gain":0,"player_choice":"Purged","damage_taken":0,"max_hp_gain":0,"max_hp_loss":0,"event_name":"Purifier","floor":3,"gold_loss":0},{"damage_healed":0,"gold_gain":0,"player_choice":"Entered Light","damage_taken":15,"max_hp_gain":0,"max_hp_loss":0,"event_name":"Shining Light","floor":4,"gold_loss":0,"cards_upgraded":["Zap","Strike_B"]},{"cards_removed":["Strike_B"],"damage_healed":0,"gold_gain":0,"player_choice":"Card Removal","damage_taken":7,"max_hp_gain":0,"max_hp_loss":0,"event_name":"Golden Wing","floor":5,"gold_loss":0},{"damage_healed":0,"gold_gain":0,"player_choice":"Copied","damage_taken":0,"max_hp_gain":0,"max_hp_loss":0,"event_name":"Duplicator","floor":19,"gold_loss":0,"cards_obtained":["Self Repair"]},{"damage_healed":0,"gold_gain":0,"player_choice":"Traded Relic","damage_taken":0,"relics_obtained":["Nloth\u0027s Gift"],"max_hp_gain":0,"max_hp_loss":0,"event_name":"N\u0027loth","floor":20,"relics_lost":["Calling Bell"],"gold_loss":0},{"cards_removed":["Writhe"],"damage_healed":0,"gold_gain":0,"player_choice":"Gave Gold","damage_taken":0,"max_hp_gain":0,"max_hp_loss":0,"event_name":"Beggar","floor":22,"gold_loss":75},{"damage_healed":0,"gold_gain":0,"player_choice":"Became a Ghost","damage_taken":0,"max_hp_gain":0,"max_hp_loss":40,"event_name":"Ghosts","floor":25,"gold_loss":0,"cards_obtained":["Ghostly","Ghostly","Ghostly","Ghostly","Ghostly"]},{"damage_healed":0,"gold_gain":0,"player_choice":"Fight","damage_taken":0,"max_hp_gain":0,"max_hp_loss":0,"event_name":"Colosseum","floor":27,"gold_loss":0},{"damage_healed":0,"gold_gain":0,"player_choice":"Fought Nobs","damage_taken":0,"max_hp_gain":0,"max_hp_loss":0,"event_name":"Colosseum","floor":27,"gold_loss":0},{"damage_healed":0,"gold_gain":0,"player_choice":"Read","damage_taken":0,"max_hp_gain":0,"max_hp_loss":0,"event_name":"The Library","floor":28,"gold_loss":0,"cards_obtained":["Defragment"]},{"damage_healed":0,"gold_gain":99,"player_choice":"Stole From Cult","damage_taken":0,"max_hp_gain":0,"max_hp_loss":0,"event_name":"Nest","floor":31,"gold_loss":0}],"is_beta":false,"boss_relics":[{"not_picked":["Empty Cage","Busted Crown"],"picked":"Calling Bell"}],"items_purged_floors":[21],"is_endless":false,"potions_floor_spawned":[7,16,18,27],"killed_by":"Champ","ascension_level":7}