{"gold_per_floor":[112,112,127,127,142,482,184,154,154,54,54,90,90,106,106,225,225,250,375,365,365,388,388,24,37,37,37,51,51,51,51],"floor_reached":31,"playtime":1205,"items_purged":["Injury","Strike_B","Strike_B"],"score":255,"play_id":"b45ae774-9305-4e99-8d7a-53193ad684f8","local_time":"20190203115857","is_ascension_mode":true,"campfire_choices":[{"floor":11,"key":"REST"},{"data":"Rainbow","floor":13,"key":"SMITH"},{"floor":15,"key":"REST"},{"floor":23,"key":"REST"},{"data":"Biased Cognition","floor":27,"key":"SMITH"},{"data":"Dualcast","floor":30,"key":"SMITH"}],"neow_cost":"NONE","seed_source_timestamp":444173264552902,"circlet_count":0,"master_deck":["Strike_B","Strike_B","Defend_B+1","Defend_B","Defend_B","Defend_B","Zap+1","Dualcast+1","Rainbow+1","Biased Cognition+1","Doom and Gloom","Doom and Gloom","Core Surge","Gash+1","Conserve Battery+1","Coolheaded+1","Chill+1","Chaos+1","Gash+1"],"relics":["Cracked Core","Bloody Idol","Old Coin","Blood Vial","WingedGreaves","Ornamental Fan","Inserter","Du-Vu Doll","Toxic Egg 2","ClockworkSouvenir","Blue Candle"],"potions_floor_usage":[19,19,20,22,31],"damage_taken":[{"damage":2,"enemies":"Cultist","floor":1,"turns":4},{"damage":7,"enemies":"Small Slimes","floor":3,"turns":3},{"damage":4,"enemies":"Jaw Worm","floor":5,"turns":3},{"damage":41,"enemies":"Gremlin Nob","floor":6,"turns":5},{"damage":13,"enemies":"Lagavulin","floor":12,"turns":5},{"damage":6,"enemies":"Exordium Wildlife","floor":14,"turns":4},{"damage":28,"enemies":"Hexaghost","floor":16,"turns":8},{"damage":17,"enemies":"Spheric Guardian","floor":18,"turns":6},{"damage":0,"enemies":"Colosseum Slavers","floor":19,"turns":1},{"damage":38,"enemies":"Colosseum Nobs","floor":19,"turns":5},{"damage":16,"enemies":"2 Thieves","floor":20,"turns":4},{"damage":8,"enemies":"Centurion and Healer","floor":22,"turns":6},{"damage":0,"enemies":"Chosen and Byrds","floor":25,"turns":5},{"damage":14,"enemies":"Snake Plant","floor":28,"turns":5},{"damage":18,"enemies":"3 Cultists","floor":31,"turns":3}],"seed_played":"7686699112090540221","potions_obtained":[{"floor":1,"key":"Dexterity Potion"},{"floor":8,"key":"SmokeBomb"},{"floor":8,"key":"SpeedPotion"},{"floor":12,"key":"Weak Potion"},{"floor":18,"key":"Ancient Potion"},{"floor":20,"key":"Ancient Potion"},{"floor":28,"key":"Weak Potion"}],"is_trial":false,"path_per_floor":["M","?","M","?","M","E","$","?","T","$","R","E","R","M","R","B",null,"M","?","M","?","M","R","$","M","T","R","M","?","R","M"],"character_chosen":"DEFECT","items_purchased":["Blood Vial","Doom and Gloom","ClockworkSouvenir","Chill+1"],"campfire_rested":3,"item_purchase_floors":[7,7,24,24],"current_hp_per_floor":[73,58,51,51,47,6,6,6,6,6,28,17,17,13,35,9,75,58,24,10,10,4,26,26,28,28,28,16,16,16,0],"gold":51,"neow_bonus":"ONE_RANDOM_RARE_CARD","is_prod":false,"is_daily":false,"chose_seed":false,"campfire_upgraded":3,"win_rate":0,"timestamp":1549155537,"path_taken":["M","?","M","?","?","E","$","?","T","?","R","E","R","M","R","BOSS","M","?","M","?","M","R","$","?","T","R","M","?","R","M"],"build_version":"2019-01-23","purchased_purges":3,"victory":false,"max_hp_per_floor":[75,75,75,75,75,75,75,75,75,75,75,75,75,75,75,75,75,75,75,75,75,75,75,75,75,75,75,75,75,75,75],"card_choices":[{"not_picked":["Compile Driver","Beam Cell","Steam"],"picked":"SKIP","floor":1},{"not_picked":["Scrape","Coolheaded","Streamline"],"picked":"SKIP","floor":3},{"not_picked":["Rip and Tear","Skim","Genetic Algorithm"],"picked":"SKIP","floor":5},{"not_picked":["Hyperbeam","FTL"],"picked":"Biased Cognition","floor":6},{"not_picked":["Rebound","Barrage","Melter"],"picked":"SKIP","floor":12},{"not_picked":["Steam","Rebound"],"picked":"Doom and Gloom","floor":14},{"not_picked":["Reboot","Seek"],"picked":"Core Surge","floor":16},{"not_picked":["Rebound","Beam Cell","Compile Driver"],"picked":"SKIP","floor":18},{"not_picked":["Compile Driver+1","Streamline"],"picked":"Gash+1","floor":19},{"not_picked":["Static Discharge","Capacitor"],"picked":"Conserve Battery+1","floor":20},{"not_picked":["Compile Driver","Sunder"],"picked":"Coolheaded+1","floor":22},{"not_picked":["Stack+1","Turbo+1"],"picked":"Chaos+1","floor":25},{"not_picked":["Conserve Battery+1","Cold Snap"],"picked":"Gash+1","floor":28}],"player_experience":1228063,"relics_obtained":[{"floor":6,"key":"Old Coin"},{"floor":9,"key":"WingedGreaves"},{"floor":12,"key":"Ornamental Fan"},{"floor":19,"key":"Du-Vu Doll"},{"floor":19,"key":"Toxic Egg 2"},{"floor":26,"key":"Blue Candle"}],"event_choices":[{"damage_healed":0,"gold_gain":0,"player_choice":"Entered Light","damage_taken":15,"max_hp_gain":0,"max_hp_loss":0,"event_name":"Shining Light","floor":2,"gold_loss":0,"cards_upgraded":["Zap","Defend_B"]},{"damage_healed":0,"gold_gain":0,"player_choice":"Take Wound","damage_taken":0,"relics_obtained":["Golden Idol"],"max_hp_gain":0,"max_hp_loss":0,"event_name":"Golden Idol","floor":4,"gold_loss":0,"cards_obtained":["Injury"]},{"damage_healed":0,"gold_gain":0,"player_choice":"Bought 2 Potions","damage_taken":0,"max_hp_gain":0,"max_hp_loss":0,"event_name":"The Woman in Blue","floor":8,"gold_loss":0},{"damage_healed":0,"gold_gain":0,"player_choice":"Fight","damage_taken":0,"max_hp_gain":0,"max_hp_loss":0,"event_name":"Colosseum","floor":19,"gold_loss":0},{"damage_healed":0,"gold_gain":0,"player_choice":"Fought Nobs","damage_taken":0,"max_hp_gain":0,"max_hp_loss":0,"event_name":"Colosseum","floor":19,"gold_loss":0},{"damage_healed":0,"gold_gain":0,"player_choice":"Ignored","damage_taken":0,"max_hp_gain":0,"max_hp_loss":0,"event_name":"NoteForYourself","floor":21,"gold_loss":0},{"damage_healed":0,"gold_gain":0,"player_choice":"Gave Idol","damage_taken":0,"relics_obtained":["Bloody Idol"],"max_hp_gain":0,"max_hp_loss":0,"event_name":"Forgotten Altar","floor":29,"relics_lost":["Golden Idol"],"gold_loss":0}],"is_beta":true,"boss_relics":[{"not_picked":["Empty Cage","Calling Bell"],"picked":"Inserter"}],"items_purged_floors":[7,10,24],"is_endless":false,"potions_floor_spawned":[1,12,14,16,18,20,28],"killed_by":"3 Cultists","ascension_level":1}