{"gold_per_floor":[113,38,51,51,62,62,62,62,87,122,122,136,165,90,90,165,165,176,85,102,120,120,120,138,38,38,38,38,58,69,69,69,143,143,158,258,276,276,288,288,300,300,325,325,325,350,225,236,236,236],"floor_reached":50,"playtime":2874,"items_purged":["Strike_R","Strike_R","Writhe"],"score":840,"play_id":"30a76f96-2734-49c6-a752-054ea5c8f11f","local_time":"20181029125640","is_ascension_mode":true,"campfire_choices":[{"data":"Bash","floor":6.0,"key":"SMITH"},{"data":"Carnage","floor":8.0,"key":"SMITH"},{"floor":11.0,"key":"REST"},{"floor":15.0,"key":"REST"},{"floor":23.0,"key":"REST"},{"data":"Shrug It Off","floor":27.0,"key":"SMITH"},{"floor":32.0,"key":"REST"},{"floor":40,"key":"REST"},{"floor":42,"key":"REST"},{"data":"Discovery","floor":45,"key":"SMITH"},{"floor":49,"key":"REST"}],"neow_cost":"NONE","seed_source_timestamp":0,"circlet_count":0,"master_deck":["Bash+1","AscendersBane","Carnage+1","Thunderclap","Rampage","Battle Trance","Immolate","Shrug It Off+1","Inflame+1","Armaments","Spot Weakness","Demon Form+1","Disarm","Combust+1","Clothesline","Body Slam","Spot Weakness","Warcry","Blood for Blood","Iron Wave","Shrug It Off+1","True Grit","Ghostly Armor","Shrug It Off+1","Discovery+1","Sword Boomerang+1"],"special_seed":0,"relics":["Burning Blood","NeowsBlessing","Frozen Egg 2","Bronze Scales","Oddly Smooth Stone","Vajra","Velvet Choker","Enchiridion","Letter Opener","Pandora\u0027s Box","Turnip","Happy Flower","Strawberry"],"potions_floor_usage":[46,50],"damage_taken":[{"damage":0.0,"enemies":"2 Louse","floor":1.0,"turns":1.0},{"damage":0.0,"enemies":"Jaw Worm","floor":3.0,"turns":1.0},{"damage":0.0,"enemies":"Small Slimes","floor":5.0,"turns":1.0},{"damage":35.0,"enemies":"3 Sentries","floor":10.0,"turns":5.0},{"damage":10.0,"enemies":"Exordium Wildlife","floor":12.0,"turns":3.0},{"damage":40.0,"enemies":"Lagavulin","floor":13.0,"turns":6.0},{"damage":26.0,"enemies":"Slime Boss","floor":16.0,"turns":6.0},{"damage":0.0,"enemies":"3 Byrds","floor":18.0,"turns":2.0},{"damage":21.0,"enemies":"Shell Parasite","floor":20.0,"turns":4.0},{"damage":6.0,"enemies":"3 Cultists","floor":21.0,"turns":3.0},{"damage":3.0,"enemies":"Snake Plant","floor":24.0,"turns":3.0},{"damage":6.0,"enemies":"Snecko","floor":29.0,"turns":3.0},{"damage":1.0,"enemies":"Cultist and Chosen","floor":30.0,"turns":6.0},{"damage":69.0,"enemies":"Automaton","floor":33.0,"turns":8.0},{"damage":28,"enemies":"3 Darklings","floor":35,"turns":4},{"damage":0,"enemies":"Mind Bloom Boss Battle","floor":36,"turns":6},{"damage":10,"enemies":"Orb Walker","floor":37,"turns":2},{"damage":21,"enemies":"Transient","floor":39,"turns":5},{"damage":36,"enemies":"Jaw Worm Horde","floor":41,"turns":4},{"damage":31,"enemies":"Reptomancer","floor":46,"turns":6},{"damage":26,"enemies":"Sphere and 2 Shapes","floor":48,"turns":3},{"damage":54,"enemies":"Time Eater","floor":50,"turns":6}],"seed_played":"4417654016590995558","potions_obtained":[{"floor":5.0,"key":"Ancient Potion"},{"floor":13.0,"key":"Explosive Potion"},{"floor":16.0,"key":"Poison Potion"},{"floor":29.0,"key":"SteroidPotion"},{"floor":35,"key":"SkillPotion"},{"floor":36,"key":"SteroidPotion"},{"floor":41,"key":"Regen Potion"},{"floor":48,"key":"AttackPotion"}],"is_trial":false,"path_per_floor":["M","?","M","T","M","R","?","R","T","E","R","M","E","$","R","B",null,"M","$","M","M","?","R","M","$","T","R","$","M","M","?","R","B",null,"M","?","M","?","M","R","M","R","T","?","R","E","$","M","R"],"character_chosen":"IRONCLAD","items_purchased":["Shrug It Off","Inflame+1"],"campfire_rested":7,"item_purchase_floors":[19,19],"current_hp_per_floor":[74,74,75,75,75,75,52,52,52,23,45,41,7,7,29,9,59,65,65,50,50,29,51,54,54,54,54,54,54,59,59,75,12,59,37,43,39,54,39,61,31,53,53,53,53,50,50,30,54,0],"gold":236,"neow_bonus":"THREE_ENEMY_KILL","is_prod":false,"is_daily":false,"chose_seed":false,"campfire_upgraded":4,"win_rate":0,"timestamp":1540843000,"path_taken":["M","?","M","?","M","R","?","R","T","E","R","M","E","?","R","BOSS","M","?","?","M","?","R","?","?","T","R","$","M","M","?","R","BOSS","M","?","M","?","?","R","M","R","T","?","R","E","$","M","R","BOSS"],"build_version":"2018-10-25v2","purchased_purges":3,"victory":false,"max_hp_per_floor":[75,75,75,75,75,75,75,75,75,75,75,75,75,75,75,75,75,75,75,75,75,75,75,75,75,75,75,75,75,75,75,75,75,75,75,75,75,75,75,75,75,75,75,75,75,82,82,82,82,82],"card_choices":[{"not_picked":["Clash","Cleave","Searing Blow"],"picked":"SKIP","floor":1.0},{"not_picked":["Clash","Searing Blow"],"picked":"Cleave","floor":1.0},{"not_picked":["Perfected Strike","True Grit"],"picked":"Carnage","floor":3.0},{"not_picked":["Wild Strike","Iron Wave"],"picked":"Thunderclap","floor":5.0},{"not_picked":["Brutality+1","Hemokinesis","Second Wind"],"picked":"SKIP","floor":10.0},{"not_picked":["Hemokinesis","True Grit"],"picked":"Rampage","floor":12.0},{"not_picked":["Pommel Strike","Havoc"],"picked":"Battle Trance","floor":13.0},{"not_picked":["Barricade+1","Limit Break"],"picked":"Immolate","floor":16.0},{"not_picked":["Anger","Havoc","Clash"],"picked":"SKIP","floor":18.0},{"not_picked":["Cleave+1","Sword Boomerang"],"picked":"Armaments","floor":20.0},{"not_picked":["Reckless Charge","Searing Blow"],"picked":"Spot Weakness","floor":21.0},{"not_picked":["Heavy Blade","Thunderclap"],"picked":"Demon Form+1","floor":24.0},{"not_picked":["Cleave","Intimidate"],"picked":"Disarm","floor":29.0},{"not_picked":["Pommel Strike","Carnage","Perfected Strike"],"picked":"SKIP","floor":30.0},{"not_picked":["Whirlwind","Havoc+1"],"picked":"Shrug It Off+1","floor":35},{"not_picked":["Immolate","Pommel Strike"],"picked":"True Grit","floor":37},{"not_picked":["Heavy Blade","Battle Trance"],"picked":"Ghostly Armor","floor":39},{"not_picked":["Clothesline+1","Power Through"],"picked":"Shrug It Off+1","floor":41},{"not_picked":["Swift Strike","Panacea"],"picked":"Discovery","floor":44},{"not_picked":["Pommel Strike","Flex"],"picked":"Sword Boomerang+1","floor":46},{"not_picked":["Spot Weakness","Thunderclap+1","Clash"],"picked":"SKIP","floor":48}],"player_experience":1216411,"relics_obtained":[{"floor":4.0,"key":"Frozen Egg 2"},{"floor":9.0,"key":"Bronze Scales"},{"floor":10.0,"key":"Oddly Smooth Stone"},{"floor":13.0,"key":"Vajra"},{"floor":22.0,"key":"Enchiridion"},{"floor":26.0,"key":"Letter Opener"},{"floor":36,"key":"Turnip"},{"floor":43,"key":"Happy Flower"},{"floor":46,"key":"Strawberry"}],"event_choices":[{"cards_removed":["Strike_R"],"damage_healed":0.0,"max_hp_gain":0.0,"max_hp_loss":0.0,"gold_gain":0.0,"event_name":"The Cleric","player_choice":"Card Removal","floor":2.0,"gold_loss":75.0,"damage_taken":0.0},{"damage_healed":0.0,"max_hp_gain":0.0,"max_hp_loss":0.0,"gold_gain":0.0,"event_name":"Shining Light","player_choice":"Entered Light","floor":7.0,"gold_loss":0.0,"damage_taken":23.0,"cards_upgraded":["Strike_R","Strike_R"]},{"damage_healed":0.0,"max_hp_gain":0.0,"max_hp_loss":0.0,"gold_gain":0.0,"event_name":"Cursed Tome","player_choice":"Obtained Book","floor":22.0,"gold_loss":0.0,"damage_taken":21.0},{"damage_healed":0.0,"max_hp_gain":0.0,"max_hp_loss":0.0,"gold_gain":0.0,"cards_transformed":["Cleave"],"event_name":"Transmorgrifier","player_choice":"Transformed","floor":31.0,"gold_loss":0.0,"damage_taken":0.0,"cards_obtained":["Combust"]},{"damage_healed":0,"gold_gain":0,"player_choice":"Fight","damage_taken":0,"max_hp_gain":0,"max_hp_loss":0,"event_name":"MindBloom","floor":36,"gold_loss":0},{"damage_healed":15,"gold_gain":0,"player_choice":"Writhe","damage_taken":0,"max_hp_gain":0,"max_hp_loss":0,"event_name":"Winding Halls","floor":38,"gold_loss":0,"cards_obtained":["Writhe"]},{"damage_healed":0,"gold_gain":0,"player_choice":"Memory 1","damage_taken":0,"max_hp_gain":0,"max_hp_loss":0,"event_name":"SensoryStone","floor":44,"gold_loss":0}],"is_beta":false,"boss_relics":[{"not_picked":["Calling Bell","Philosopher\u0027s Stone"],"picked":"Velvet Choker"},{"not_picked":["Snecko Eye","Coffee Dripper"],"picked":"Pandora\u0027s Box"}],"items_purged_floors":[14,25,47],"is_endless":false,"potions_floor_spawned":[5,13,16,18,29,30,35,36,41,48],"killed_by":"Time Eater","ascension_level":15}