{"gold_per_floor":[109,184,184,184,195,195,229,240,240,240,254,281,295,295,295,391,391,410,429,442,442],"floor_reached":21,"playtime":1110,"items_purged":[],"score":327,"play_id":"6970e374-f6d8-4b4a-ab29-18786a3e2642","local_time":"20190105133028","is_ascension_mode":true,"campfire_choices":[{"data":"Zap","floor":6,"key":"SMITH"},{"data":"Chill","floor":10,"key":"SMITH"},{"data":"Blizzard","floor":15,"key":"SMITH"}],"neow_cost":"NONE","seed_source_timestamp":1321151340806643,"circlet_count":0,"master_deck":["Strike_B","Strike_B","Strike_B","Defend_B","Defend_B","Defend_B","Defend_B","Zap+1","Dualcast","Glacier","Steam Power","Streamline","Chill+1","Cold Snap","Leap","Aggregate","Blizzard+1","Machine Learning","Leap+1","Loop","Gash"],"relics":["FrozenCore","NeowsBlessing","Pear","Potion Belt","Anchor"],"potions_floor_usage":[16,20,21,21,21],"damage_taken":[{"damage":0,"enemies":"Jaw Worm","floor":1,"turns":1},{"damage":0,"enemies":"2 Louse","floor":5,"turns":1},{"damage":0,"enemies":"Gremlin Nob","floor":7,"turns":1},{"damage":0,"enemies":"Cultist","floor":8,"turns":3},{"damage":3,"enemies":"2 Fungi Beasts","floor":11,"turns":3},{"damage":5,"enemies":"3 Sentries","floor":12,"turns":9},{"damage":0,"enemies":"Looter","floor":13,"turns":4},{"damage":41,"enemies":"Slime Boss","floor":16,"turns":12},{"damage":6,"enemies":"Shell Parasite","floor":18,"turns":8},{"damage":6,"enemies":"Spheric Guardian","floor":19,"turns":6},{"damage":34,"enemies":"3 Cultists","floor":20,"turns":6},{"damage":27,"enemies":"Masked Bandits","floor":21,"turns":3}],"seed_played":"-5919597775996223611","potions_obtained":[{"floor":1,"key":"Swift Potion"},{"floor":5,"key":"EntropicBrew"},{"floor":7,"key":"EssenceOfSteel"},{"floor":13,"key":"SpeedPotion"},{"floor":14,"key":"Fruit Juice"},{"floor":19,"key":"Ancient Potion"}],"is_trial":false,"path_per_floor":["M","?","?","$","M","R","E","M","T","R","M","E","M","?","R","B",null,"M","M","M","?"],"character_chosen":"DEFECT","items_purchased":[],"campfire_rested":0,"item_purchase_floors":[],"current_hp_per_floor":[68,57,57,57,57,57,67,67,67,67,64,59,59,59,59,23,73,67,61,27,0],"gold":442,"neow_bonus":"THREE_ENEMY_KILL","is_prod":false,"is_daily":false,"chose_seed":false,"campfire_upgraded":3,"win_rate":0,"timestamp":1546716628,"path_taken":["M","?","?","$","M","R","E","M","T","R","M","E","M","?","R","BOSS","M","?","M","?"],"build_version":"2019-01-03v4","purchased_purges":0,"victory":false,"max_hp_per_floor":[75,75,75,75,75,75,85,85,85,85,85,85,85,85,85,90,90,90,90,90,90],"card_choices":[{"not_picked":["Aggregate","Ball Lightning"],"picked":"Glacier","floor":1},{"not_picked":["Force Field","Aggregate"],"picked":"Streamline","floor":5},{"not_picked":["Reinforced Body","Coolheaded"],"picked":"Chill","floor":7},{"not_picked":["BootSequence","Go for the Eyes"],"picked":"Cold Snap","floor":8},{"not_picked":["Barrage","Lockon"],"picked":"Leap","floor":11},{"not_picked":["Barrage","Tempest"],"picked":"Aggregate","floor":12},{"not_picked":["Gash","Fusion"],"picked":"Blizzard","floor":13},{"not_picked":["Multi-Cast","Electrodynamics"],"picked":"Machine Learning","floor":16},{"not_picked":["Cold Snap","Blizzard"],"picked":"Leap+1","floor":18},{"not_picked":["Go for the Eyes","Blizzard"],"picked":"Loop","floor":19},{"not_picked":["Chaos","Melter"],"picked":"Gash","floor":20}],"player_experience":381662,"relics_obtained":[{"floor":7,"key":"Pear"},{"floor":9,"key":"Potion Belt"},{"floor":12,"key":"Anchor"}],"event_choices":[{"damage_healed":0,"gold_gain":75,"player_choice":"Gather Gold","damage_taken":11,"max_hp_gain":0,"max_hp_loss":0,"event_name":"World of Goop","floor":2,"gold_loss":0},{"damage_healed":0,"gold_gain":0,"cards_transformed":["Strike_B"],"player_choice":"Change","damage_taken":0,"max_hp_gain":0,"max_hp_loss":0,"event_name":"Living Wall","floor":3,"gold_loss":0,"cards_obtained":["Steam Power"]},{"damage_healed":0,"gold_gain":0,"player_choice":"Got Potions","damage_taken":0,"max_hp_gain":0,"max_hp_loss":0,"event_name":"Lab","floor":14,"gold_loss":0},{"damage_healed":0,"gold_gain":0,"player_choice":"Fought Bandits","damage_taken":0,"max_hp_gain":0,"max_hp_loss":0,"event_name":"Masked Bandits","floor":21,"gold_loss":0}],"is_beta":false,"boss_relics":[{"not_picked":["Nuclear Battery","Orrery"],"picked":"FrozenCore"}],"items_purged_floors":[],"is_endless":false,"potions_floor_spawned":[1,5,7,13,19],"killed_by":"Masked Bandits","ascension_level":8}