{"gold_per_floor":[117,117,128,141,141,161,187,199,273,301,301,314,314,349,349,449,449,469,469,469,488,488,514,514],"floor_reached":24,"playtime":1252,"items_purged":[],"score":308,"play_id":"f6ba6dd0-4916-441a-8f4f-b37c945b31df","local_time":"20181229155055","is_ascension_mode":true,"campfire_choices":[{"data":"Glacier","floor":11,"key":"SMITH"},{"data":"Blizzard","floor":13,"key":"SMITH"},{"data":"Loop","floor":15,"key":"SMITH"}],"neow_cost":"NONE","seed_source_timestamp":724635981207288,"circlet_count":0,"master_deck":["Defend_B","Defend_B","Defend_B","Defend_B","Zap+1","Cold Snap","Steam Power","Leap","Ball Lightning","Glacier+1","Self Repair","Stack","Cold Snap","Blizzard+1","Loop+1","Creative AI","Rebound+1","Bite","Bite","Bite","Bite","Bite","Aggregate","Streamline+1"],"relics":["Cracked Core","Gremlin Horn","Bottled Lightning","Ice Cream","Cursed Key","Nloth\u0027s Gift","Sundial"],"potions_floor_usage":[10,14,16,16,23],"damage_taken":[{"damage":0,"enemies":"Cultist","floor":1,"turns":1},{"damage":0,"enemies":"Small Slimes","floor":3,"turns":1},{"damage":0,"enemies":"2 Louse","floor":4,"turns":1},{"damage":3,"enemies":"2 Fungi Beasts","floor":6,"turns":3},{"damage":29,"enemies":"Gremlin Nob","floor":7,"turns":5},{"damage":1,"enemies":"Large Slime","floor":8,"turns":5},{"damage":26,"enemies":"Lagavulin","floor":10,"turns":7},{"damage":0,"enemies":"Red Slaver","floor":12,"turns":4},{"damage":9,"enemies":"Gremlin Nob","floor":14,"turns":5},{"damage":8,"enemies":"Hexaghost","floor":16,"turns":12},{"damage":5,"enemies":"3 Byrds","floor":18,"turns":5},{"damage":22,"enemies":"Spheric Guardian","floor":21,"turns":4},{"damage":44,"enemies":"Book of Stabbing","floor":23,"turns":5},{"damage":41,"enemies":"Snake Plant","floor":24,"turns":5}],"seed_played":"-5309576501383359027","potions_obtained":[{"floor":4,"key":"LiquidBronze"},{"floor":7,"key":"EssenceOfSteel"},{"floor":8,"key":"Weak Potion"},{"floor":10,"key":"Regen Potion"},{"floor":21,"key":"Weak Potion"}],"is_trial":false,"path_per_floor":["M","?","M","M","?","M","E","M","T","E","R","M","R","E","R","B",null,"M","?","?","M","?","E","M"],"character_chosen":"DEFECT","items_purchased":[],"campfire_rested":0,"item_purchase_floors":[],"current_hp_per_floor":[75,75,75,75,75,72,43,49,49,30,30,37,37,49,49,50,75,75,75,75,64,64,31,0],"gold":514,"neow_bonus":"THREE_ENEMY_KILL","is_prod":false,"is_daily":false,"chose_seed":false,"campfire_upgraded":3,"win_rate":0,"timestamp":1546120255,"path_taken":["M","?","M","M","?","M","E","?","T","E","R","M","R","E","R","BOSS","M","?","?","M","?","E","M"],"build_version":"2018-12-20","purchased_purges":0,"victory":false,"max_hp_per_floor":[75,75,75,75,75,75,75,75,75,75,75,75,75,75,75,75,75,75,75,75,75,75,75,75],"card_choices":[{"not_picked":["Steam","Loop"],"picked":"Cold Snap","floor":1},{"not_picked":["Hologram","Streamline"],"picked":"Leap","floor":3},{"not_picked":["Blizzard","Force Field"],"picked":"Ball Lightning","floor":4},{"not_picked":["Gash","Steam Power"],"picked":"Glacier","floor":6},{"not_picked":["Skim","Steam"],"picked":"Self Repair","floor":7},{"not_picked":["Coolheaded","FTL"],"picked":"Stack","floor":8},{"not_picked":["FTL","Skim"],"picked":"Cold Snap","floor":10},{"not_picked":["Conserve Battery","Capacitor"],"picked":"Blizzard","floor":12},{"not_picked":["Ball Lightning","Turbo"],"picked":"Loop","floor":14},{"not_picked":["Machine Learning","Buffer"],"picked":"Creative AI","floor":16},{"not_picked":["Lockon","Ball Lightning"],"picked":"Rebound+1","floor":18},{"not_picked":["Go for the Eyes","Genetic Algorithm+1"],"picked":"Aggregate","floor":21},{"not_picked":["Reprogram","Compile Driver"],"picked":"Streamline+1","floor":23}],"player_experience":328244,"relics_obtained":[{"floor":7,"key":"Gremlin Horn"},{"floor":9,"key":"Bottled Lightning"},{"floor":10,"key":"Ice Cream"},{"floor":14,"key":"Blood Vial"},{"floor":23,"key":"Sundial"}],"event_choices":[{"damage_healed":0,"gold_gain":0,"cards_transformed":["Dualcast"],"player_choice":"Change","damage_taken":0,"max_hp_gain":0,"max_hp_loss":0,"event_name":"Living Wall","floor":2,"gold_loss":0,"cards_obtained":["Steam Power"]},{"damage_healed":0,"gold_gain":0,"player_choice":"Upgraded","damage_taken":0,"max_hp_gain":0,"max_hp_loss":0,"event_name":"Upgrade Shrine","floor":5,"gold_loss":0,"cards_upgraded":["Zap"]},{"damage_healed":0,"gold_gain":0,"player_choice":"Ignored","damage_taken":0,"max_hp_gain":0,"max_hp_loss":0,"event_name":"Ghosts","floor":19,"gold_loss":0},{"damage_healed":0,"gold_gain":0,"player_choice":"Became a vampire (Vial)","damage_taken":0,"max_hp_gain":0,"max_hp_loss":0,"event_name":"Vampires","floor":20,"relics_lost":["Blood Vial"],"gold_loss":0,"cards_obtained":["Bite","Bite","Bite","Bite","Bite"]},{"damage_healed":0,"gold_gain":0,"player_choice":"Traded Relic","damage_taken":0,"relics_obtained":["Nloth\u0027s Gift"],"max_hp_gain":0,"max_hp_loss":0,"event_name":"N\u0027loth","floor":22,"relics_lost":["NeowsBlessing"],"gold_loss":0}],"is_beta":false,"boss_relics":[{"not_picked":["Sozu","Fusion Hammer"],"picked":"Cursed Key"}],"items_purged_floors":[],"is_endless":false,"potions_floor_spawned":[4,7,8,10,12,21],"killed_by":"Snake Plant","ascension_level":4}