{"gold_per_floor":[114,127,77,77,92,92,126,141,141,175,195,214,214,227,227,304,304,318,498,10,23,23,23,49,49,100,133,133],"floor_reached":28,"playtime":1342,"items_purged":["Strike_R"],"score":467,"play_id":"0377ddeb-082f-4ba1-9c99-fdac4b3980c4","local_time":"20190129225955","is_ascension_mode":true,"campfire_choices":[{"data":"Blood for Blood","floor":6,"key":"SMITH"},{"data":"Armaments","floor":13,"key":"SMITH"},{"data":"Berserk","floor":15,"key":"SMITH"},{"data":"Feed","floor":23,"key":"SMITH"}],"neow_cost":"NONE","seed_source_timestamp":99780717378017,"circlet_count":0,"master_deck":["AscendersBane","Strike_R","Strike_R","Strike_R","Defend_R","Defend_R","Defend_R","Defend_R","Bash","Shrug It Off","Blood for Blood+1","Shrug It Off","Pommel Strike","Ghostly Armor","Uppercut","Pommel Strike","Armaments+1","Berserk+1","Feed+1","Pommel Strike","Metallicize","Combust","Pain","Power Through"],"relics":["Burning Blood","Pen Nib","Mummified Hand","Bronze Scales","Strawberry","Cursed Key","Shuriken","Bag of Preparation","Boot","Ancient Tea Set","Darkstone Periapt"],"potions_floor_usage":[10,18,24,28],"damage_taken":[{"damage":13,"enemies":"Jaw Worm","floor":1,"turns":4},{"damage":12,"enemies":"Small Slimes","floor":2,"turns":4},{"damage":0,"enemies":"2 Louse","floor":5,"turns":4},{"damage":8,"enemies":"Gremlin Nob","floor":7,"turns":3},{"damage":16,"enemies":"Exordium Thugs","floor":8,"turns":4},{"damage":32,"enemies":"Lagavulin","floor":10,"turns":5},{"damage":1,"enemies":"Exordium Wildlife","floor":11,"turns":3},{"damage":0,"enemies":"Looter","floor":12,"turns":2},{"damage":3,"enemies":"3 Louse","floor":14,"turns":3},{"damage":15,"enemies":"Hexaghost","floor":16,"turns":9},{"damage":4,"enemies":"3 Byrds","floor":18,"turns":2},{"damage":1,"enemies":"Spheric Guardian","floor":21,"turns":3},{"damage":22,"enemies":"Slavers","floor":24,"turns":8},{"damage":49,"enemies":"Book of Stabbing","floor":27,"turns":5},{"damage":9,"enemies":"Snake Plant","floor":28,"turns":4}],"seed_played":"-9128306929787396372","potions_obtained":[{"floor":2,"key":"EssenceOfSteel"},{"floor":5,"key":"AttackPotion"},{"floor":10,"key":"AttackPotion"},{"floor":18,"key":"Poison Potion"},{"floor":21,"key":"LiquidBronze"}],"is_trial":false,"path_per_floor":["M","M","?","?","M","R","E","M","T","E","M","M","R","M","R","B",null,"M","?","$","M","$","R","E","$","T","E","M"],"character_chosen":"IRONCLAD","items_purchased":["Shuriken","Bag of Preparation"],"campfire_rested":0,"item_purchase_floors":[20,20],"current_hp_per_floor":[73,67,67,55,61,61,59,49,49,30,35,41,41,44,44,35,80,86,59,59,64,64,64,52,52,52,9,0],"gold":133,"neow_bonus":"TEN_PERCENT_HP_BONUS","is_prod":false,"is_daily":false,"chose_seed":false,"campfire_upgraded":4,"win_rate":0,"timestamp":1548824395,"path_taken":["M","M","?","?","M","R","E","M","T","E","M","M","R","?","R","BOSS","M","?","?","M","?","R","E","$","T","E","M"],"build_version":"2019-01-23","purchased_purges":1,"victory":false,"max_hp_per_floor":[88,88,88,88,88,88,88,88,88,95,95,95,95,95,95,95,95,99,99,99,99,99,99,103,103,103,103,103],"card_choices":[{"not_picked":["True Grit","Searing Blow"],"picked":"Shrug It Off","floor":1},{"not_picked":["Anger","Havoc"],"picked":"Blood for Blood","floor":2},{"not_picked":["Warcry","Havoc"],"picked":"Shrug It Off","floor":5},{"not_picked":["Exhume","Double Tap"],"picked":"Pommel Strike","floor":7},{"not_picked":["Rampage","Reckless Charge"],"picked":"Ghostly Armor","floor":8},{"not_picked":["Entrench","Carnage"],"picked":"Uppercut","floor":10},{"not_picked":["Second Wind","Anger"],"picked":"Pommel Strike","floor":11},{"not_picked":["Sever Soul","Anger"],"picked":"Armaments","floor":12},{"not_picked":["Clash","Twin Strike"],"picked":"Berserk","floor":14},{"not_picked":["Double Tap","Dark Embrace"],"picked":"Feed","floor":16},{"not_picked":["Perfected Strike","Havoc"],"picked":"Pommel Strike","floor":18},{"not_picked":["Wild Strike","Dual Wield"],"picked":"Metallicize","floor":21},{"not_picked":["Immolate","Dual Wield"],"picked":"Combust","floor":24},{"not_picked":["Dual Wield","Headbutt"],"picked":"Power Through","floor":27}],"player_experience":503483,"relics_obtained":[{"floor":7,"key":"Mummified Hand"},{"floor":9,"key":"Bronze Scales"},{"floor":10,"key":"Strawberry"},{"floor":24,"key":"Boot"},{"floor":26,"key":"Ancient Tea Set"},{"floor":27,"key":"Darkstone Periapt"}],"event_choices":[{"cards_removed":["Strike_R"],"damage_healed":0,"gold_gain":0,"player_choice":"Card Removal","damage_taken":0,"max_hp_gain":0,"max_hp_loss":0,"event_name":"The Cleric","floor":3,"gold_loss":50},{"damage_healed":0,"gold_gain":0,"player_choice":"Success","damage_taken":12,"relics_obtained":["Pen Nib"],"max_hp_gain":0,"max_hp_loss":0,"event_name":"Scrap Ooze","floor":4,"gold_loss":0},{"damage_healed":0,"gold_gain":180,"player_choice":"GOLD GOLD ","damage_taken":27,"max_hp_gain":0,"max_hp_loss":0,"event_name":"Knowing Skull","floor":19,"potions_obtained":[],"gold_loss":0,"cards_obtained":[]}],"is_beta":false,"boss_relics":[{"not_picked":["Runic Cube","Black Star"],"picked":"Cursed Key"}],"items_purged_floors":[20],"is_endless":false,"potions_floor_spawned":[2,5,10,16,18,21],"killed_by":"Snake Plant","ascension_level":13}