{"gold_per_floor":[109,109,127,148,171,206,219,262,262,276,310,310,334,372,372,498,498,498,6,6,6,6,6,6,0,0,0,0,0,0,0,0,0,0,0,0,0,0,0,0,0,0,0,0,0,0,0,0,0,0],"floor_reached":50,"playtime":2531,"items_purged":[],"score":1099,"play_id":"e5bef0dc-93fc-4ac9-8edf-006f56cff390","local_time":"20180719205114","is_ascension_mode":true,"campfire_choices":[{"floor":12,"key":"REST"},{"floor":15,"key":"REST"},{"floor":24,"key":"REST"},{"floor":32,"key":"REST"},{"data":"FTL","floor":41,"key":"SMITH"},{"data":"FTL","floor":45,"key":"SMITH"},{"floor":49,"key":"REST"}],"neow_cost":"NONE","seed_source_timestamp":421144643466,"circlet_count":0,"master_deck":["Strike_B+1","Strike_B+1","Strike_B+1","Defend_B+1","Defend_B+1","Defend_B+1","Defend_B+1","Zap","Skim","FTL+1","Ball Lightning","Beam Cell","FTL+1","Defragment","Ball Lightning","Cold Snap","Cold Snap","Stack","Beam Cell","Steam","Seek","Stack+1","Master of Strategy","Leap","Leap","Self Repair","Ball Lightning+1","Stack","Echo Form","Redo+1","Stack+1","Master of Strategy","Steam+1","Injury","Electrodynamics"],"relics":["Cracked Core","Golden Idol","Blood Vial","Incense Burner","Boot","Centennial Puzzle","Bottled Tornado","Ectoplasm","Meat on the Bone","Pen Nib","Bottled Flame","Bottled Lightning","Dead Branch","Cursed Key","Unceasing Top","Singing Bowl","Bag of Preparation","Gremlin Horn","Pear","Dodecahedron"],"potions_floor_usage":[6,8,8,11,18,30,30,33,35,39,42,48,48,50,50],"damage_taken":[{"damage":10,"enemies":"2 Louse","floor":1,"turns":3},{"damage":2,"enemies":"Jaw Worm","floor":3,"turns":4},{"damage":0,"enemies":"Cultist","floor":4,"turns":3},{"damage":7,"enemies":"3 Louse","floor":5,"turns":3},{"damage":15,"enemies":"Gremlin Nob","floor":6,"turns":3},{"damage":2,"enemies":"Looter","floor":7,"turns":3},{"damage":5,"enemies":"3 Sentries","floor":8,"turns":5},{"damage":3,"enemies":"Blue Slaver","floor":10,"turns":2},{"damage":20,"enemies":"Lagavulin","floor":11,"turns":4},{"damage":16,"enemies":"Exordium Thugs","floor":13,"turns":4},{"damage":10,"enemies":"Gremlin Nob","floor":14,"turns":4},{"damage":19,"enemies":"The Guardian","floor":16,"turns":9},{"damage":11,"enemies":"Shell Parasite","floor":18,"turns":4},{"damage":13,"enemies":"Gremlin Leader","floor":23,"turns":6},{"damage":3,"enemies":"2 Thieves","floor":25,"turns":4},{"damage":25,"enemies":"Snecko","floor":28,"turns":5},{"damage":0,"enemies":"Book of Stabbing","floor":30,"turns":5},{"damage":16,"enemies":"Snake Plant","floor":31,"turns":3},{"damage":25,"enemies":"Champ","floor":33,"turns":11},{"damage":0,"enemies":"3 Shapes","floor":35,"turns":3},{"damage":0,"enemies":"Flame Bruiser 1 Orb","floor":36,"turns":3},{"damage":0,"floor":39,"turns":6},{"damage":7,"enemies":"Nemesis","floor":40,"turns":5},{"damage":27,"enemies":"2 Orb Walkers","floor":42,"turns":3},{"damage":37,"enemies":"Nemesis","floor":44,"turns":7},{"damage":26,"enemies":"Transient","floor":46,"turns":5},{"damage":8,"enemies":"2 Orb Walkers","floor":48,"turns":4},{"damage":144,"enemies":"Time Eater","floor":50,"turns":15}],"seed_played":"-2235826280220460665","potions_obtained":[{"floor":4,"key":"AttackPotion"},{"floor":5,"key":"LiquidBronze"},{"floor":7,"key":"EssenceOfSteel"},{"floor":8,"key":"Swift Potion"},{"floor":13,"key":"FairyPotion"},{"floor":16,"key":"SkillPotion"},{"floor":23,"key":"Ancient Potion"},{"floor":28,"key":"Fire Potion"},{"floor":30,"key":"FearPotion"},{"floor":33,"key":"Explosive Potion"},{"floor":35,"key":"Regen Potion"},{"floor":36,"key":"LiquidBronze"},{"floor":44,"key":"EntropicBrew"},{"floor":48,"key":"Weak Potion"}],"is_trial":false,"path_per_floor":["M","?","M","M","M","E","M","E","T","M","E","R","M","E","R","B",null,"M","$","?","$","?","E","R","M","T","?","M","?","E","M","R","B",null,"M","M","?","?","?","E","R","E","T","E","R","M","$","E","R"],"character_chosen":"DEFECT","items_purchased":["Master of Strategy","Meat on the Bone","Leap"],"campfire_rested":5,"item_purchase_floors":[19,19,19],"current_hp_per_floor":[65,47,45,45,38,23,23,20,20,19,1,23,9,1,23,6,75,64,64,64,64,64,53,75,72,72,72,49,49,58,51,73,57,75,75,75,75,75,75,77,77,57,57,51,51,41,41,49,76,0],"gold":0,"neow_bonus":"TRANSFORM_CARD","is_prod":false,"is_daily":false,"chose_seed":false,"campfire_upgraded":2,"win_rate":0,"timestamp":1532026274,"path_taken":["M","?","M","M","M","E","M","E","T","M","E","R","M","E","R","BOSS","M","$","?","?","?","E","R","M","T","?","?","?","E","M","R","BOSS","M","M","?","?","?","E","R","E","T","E","R","M","$","E","R","BOSS"],"build_version":"2018-07-18","purchased_purges":0,"victory":false,"max_hp_per_floor":[75,75,75,75,75,75,75,75,75,75,75,75,75,75,75,75,75,75,75,75,75,75,75,75,75,75,75,75,75,75,75,75,75,75,75,75,75,75,75,77,77,79,79,89,89,91,91,93,93,93],"card_choices":[{"not_picked":["Turbo","Defragment"],"picked":"FTL","floor":1},{"not_picked":["Streamline","Sunder"],"picked":"Ball Lightning","floor":3},{"not_picked":["Lockon","Redo"],"picked":"Beam Cell","floor":4},{"not_picked":["Cold Snap","Fusion"],"picked":"FTL","floor":5},{"not_picked":["Streamline","Melter"],"picked":"Defragment","floor":6},{"not_picked":["Cold Snap","Recycle"],"picked":"Ball Lightning","floor":7},{"not_picked":["Coolheaded","Multi-Cast"],"picked":"Cold Snap","floor":8},{"not_picked":["Beam Cell","Genetic Algorithm"],"picked":"Cold Snap","floor":10},{"not_picked":["Tempest","Skim"],"picked":"Stack","floor":11},{"not_picked":["Gash","Streamline"],"picked":"Beam Cell","floor":13},{"not_picked":["Amplify","Heatsinks"],"picked":"Steam","floor":14},{"not_picked":["Fission","Hyperbeam"],"picked":"Seek","floor":16},{"not_picked":["Barrage","Consume"],"picked":"Stack+1","floor":18},{"not_picked":["Coolheaded","Static Discharge"],"picked":"Leap","floor":23},{"not_picked":["Storm","Conserve Battery","Turbo"],"picked":"SKIP","floor":25},{"not_picked":["Streamline","Machine Learning"],"picked":"Self Repair","floor":28},{"not_picked":["Compile Driver+1","Genetic Algorithm+1"],"picked":"Ball Lightning+1","floor":30},{"not_picked":["Coolheaded","Barrage"],"picked":"Stack","floor":31},{"not_picked":["Fission","Machine Learning"],"picked":"Echo Form","floor":33},{"not_picked":["Rebound","Streamline+1"],"picked":"Redo+1","floor":35},{"not_picked":["Scrape","Aggregate+1"],"picked":"Stack+1","floor":36},{"not_picked":["Leap","Turbo+1"],"picked":"Steam+1","floor":39},{"not_picked":["Meteor Strike","Leap+1","Hyperbeam"],"picked":"Singing Bowl","floor":40},{"not_picked":["Steam","Gash+1","Streamline"],"picked":"Singing Bowl","floor":42},{"not_picked":["Double Energy","Genetic Algorithm"],"picked":"Electrodynamics","floor":44},{"not_picked":["Loop","Hologram","Steam+1"],"picked":"Singing Bowl","floor":46},{"not_picked":["Core Surge","Fusion","Defragment"],"picked":"Singing Bowl","floor":48}],"player_experience":329881,"relics_obtained":[{"floor":6,"key":"Blood Vial"},{"floor":8,"key":"Incense Burner"},{"floor":9,"key":"Boot"},{"floor":11,"key":"Centennial Puzzle"},{"floor":14,"key":"Bottled Tornado"},{"floor":23,"key":"Bottled Flame"},{"floor":26,"key":"Bottled Lightning"},{"floor":30,"key":"Dead Branch"},{"floor":39,"key":"Unceasing Top"},{"floor":40,"key":"Singing Bowl"},{"floor":42,"key":"Bag of Preparation"},{"floor":43,"key":"Gremlin Horn"},{"floor":44,"key":"Pear"},{"floor":48,"key":"Dodecahedron"}],"event_choices":[{"event_name":"Golden Idol","player_choice":"Take Damage","floor":2,"damage_taken":0},{"event_name":"The Mausoleum","player_choice":"Yes","floor":20,"damage_taken":0},{"event_name":"Beggar","player_choice":"Ignored","floor":22,"damage_taken":0},{"event_name":"Back to Basics","player_choice":"Simplicity","floor":27,"damage_taken":0},{"event_name":"Ghosts","player_choice":"Ignored","floor":29,"damage_taken":0},{"event_name":"Duplicator","player_choice":"One dupe","floor":37,"damage_taken":0},{"event_name":"Falling","player_choice":"Removed Attack","floor":38,"damage_taken":0},{"event_name":"MindBloom","player_choice":"Fight","floor":39,"damage_taken":0}],"is_beta":true,"boss_relics":[{"not_picked":["Lizard Tail","White Beast Statue"],"picked":"Ectoplasm"},{"not_picked":["Eternal Feather","Tiny House"],"picked":"Cursed Key"}],"items_purged_floors":[],"is_endless":false,"potions_floor_spawned":[4,5,7,8,13,16,23,28,30,33,35,36,44,48],"killed_by":"Time Eater","ascension_level":4}