{"path_per_floor":["M","M","?","$","M","R","E","R","T","M","E","R","M","T","R","B",null,"M","T","M","$","T","R","E","R","T","M","$","E","R","M","R","B",null,"M","$","?","M","M","R","E","R","T","R","M","E","?","M","R","B"],"character_chosen":"THE_SILENT","items_purchased":["Infinite Blades","Bird Faced Urn","Accuracy","Accuracy","Dash+1","Cloak And Dagger"],"gold_per_floor":[212,231,181,35,45,45,78,78,108,119,148,148,159,159,159,264,294,307,307,326,27,27,27,62,62,89,103,23,54,54,74,74,179,179,192,42,94,105,125,125,154,154,154,154,166,191,291,302,302,302],"floor_reached":51,"campfire_rested":5,"playtime":2408,"item_purchase_floors":[4,21,28,36,36,36],"current_hp_per_floor":[70,68,68,68,65,65,58,58,58,53,32,53,50,50,50,13,80,73,73,73,73,87,87,74,74,74,72,72,55,83,65,93,75,94,92,92,58,58,60,88,84,84,84,84,90,73,73,78,94,33],"items_purged":["Defend_G"],"gold":302,"score":838,"play_id":"8af85648-1e44-41dc-a60f-b3d9ea76d686","local_time":"20180521230855","is_prod":false,"is_daily":false,"chose_seed":false,"is_ascension_mode":true,"campfire_upgraded":7,"timestamp":1526936935,"campfire_choices":[{"data":"Infinite Blades","floor":6,"key":"SMITH"},{"data":"Envenom","floor":8,"key":"SMITH"},{"floor":12,"key":"REST"},{"data":"Poisoned Stab","floor":15,"key":"SMITH"},{"data":"Survivor","floor":23,"key":"SMITH"},{"data":"Slice","floor":25,"key":"SMITH"},{"floor":30,"key":"REST"},{"floor":32,"key":"REST"},{"floor":40,"key":"REST"},{"data":"Accuracy","floor":42,"key":"SMITH"},{"data":"Accuracy","floor":44,"key":"SMITH"},{"floor":49,"key":"REST"}],"path_taken":["M","M","?","$","?","R","E","R","T","M","E","R","M","?","R","BOSS","M","?","M","$","?","R","E","R","T","M","$","E","R","M","R","BOSS","M","$","?","M","?","R","E","R","T","R","M","E","?","?","R","BOSS"],"build_version":"2018-05-18","seed_source_timestamp":52139562507099,"purchased_purges":1,"victory":true,"master_deck":["Defend_G","Defend_G","Defend_G","Strike_G","Strike_G","Strike_G","Strike_G+1","Strike_G+1","Survivor+1","Neutralize+1","Poisoned Stab+1","Escape Plan","Infinite Blades+1","Slice+1","Envenom+1","Deadly Poison","Backstab+1","Riddle With Holes+1","Glass Knife+1","Poisoned Stab+1","Sucker Punch+1","Slice+1","Cloak And Dagger+1","Blur+1","Accuracy+1","Blur","Backflip+1","Envenom","Wraith Form v2","Backstab+1","Accuracy+1","Dash+1","Cloak And Dagger","Prepared+1","Backflip+1","Slice+1","Bane+1","Backflip+1","Dagger Throw+1","Blur+1","Infinite Blades+1"],"max_hp_per_floor":[70,70,70,70,70,70,70,70,70,70,70,70,75,75,75,75,80,80,80,80,80,94,94,94,94,94,94,94,94,94,94,94,94,94,94,94,94,94,94,94,94,94,94,94,94,94,94,94,94,94],"relics":["Ring of the Snake","Molten Egg 2","Tiny Chest","Potion Belt","Bag of Marbles","Tiny House","Meat on the Bone","Bird Faced Urn","Mango","Vajra","Bag of Preparation","Dream Catcher","Sozu","Ice Cream","Whetstone","Question Card","Toxic Egg 2"],"card_choices":[{"not_picked":["Choke","Noxious Fumes"],"picked":"Poisoned Stab","floor":1},{"not_picked":["Underhanded Strike","PiercingWail"],"picked":"Escape Plan","floor":2},{"not_picked":["Dodge and Roll","Reflex"],"picked":"Slice","floor":5},{"not_picked":["Dodge and Roll","Acrobatics"],"picked":"Envenom","floor":7},{"not_picked":["Dodge and Roll","Predator+1"],"picked":"Deadly Poison","floor":10},{"not_picked":["Flying Knee+1","All Out Attack+1"],"picked":"Backstab+1","floor":11},{"not_picked":["Deflect","Crippling Poison"],"picked":"Riddle With Holes+1","floor":13},{"not_picked":["Doppelganger","Venomology"],"picked":"Glass Knife+1","floor":16},{"not_picked":["Prepared","Underhanded Strike+1"],"picked":"Poisoned Stab+1","floor":17},{"not_picked":["Deflect","Dodge and Roll+1"],"picked":"Sucker Punch+1","floor":18},{"not_picked":["Crippling Poison","Deflect"],"picked":"Slice+1","floor":20},{"not_picked":["Quick Slash+1","Crippling Poison+1"],"picked":"Cloak And Dagger+1","floor":24},{"not_picked":["Dagger Throw+1","Bane+1"],"picked":"Blur+1","floor":27},{"not_picked":["Dodge and Roll+1","Deflect"],"picked":"Blur","floor":29},{"not_picked":["Slice+1","Acrobatics"],"picked":"Backflip+1","floor":30},{"not_picked":["PiercingWail","Heel Hook+1","Deflect+1"],"picked":"SKIP","floor":31},{"not_picked":["PiercingWail","Acrobatics"],"picked":"Envenom","floor":32},{"not_picked":["Unload+1","Tactician"],"picked":"Wraith Form v2","floor":33},{"not_picked":["Sucker Punch+1","Malaise"],"picked":"Backstab+1","floor":35},{"not_picked":["Cloak And Dagger","Dodge and Roll+1"],"picked":"Prepared+1","floor":37},{"not_picked":["Outmaneuver+1","Underhanded Strike+1"],"picked":"Backflip+1","floor":38},{"not_picked":["PiercingWail","Deadly Poison"],"picked":"Slice+1","floor":39},{"not_picked":["Heel Hook+1","Backflip+1"],"picked":"Bane+1","floor":40},{"not_picked":["Blade Dance","Underhanded Strike+1","Choke+1"],"picked":"SKIP","floor":41},{"not_picked":["Cloak And Dagger","Outmaneuver","Glass Knife+1"],"picked":"Backflip+1","floor":45},{"not_picked":["Noxious Fumes","PiercingWail+1","Slice+1"],"picked":"Dagger Throw+1","floor":46},{"not_picked":["Poisoned Stab+1","Predator+1","Slice+1"],"picked":"Blur+1","floor":48},{"not_picked":["Choke+1","Dodge and Roll+1","Deflect+1"],"picked":"Infinite Blades+1","floor":49}],"player_experience":138507,"potions_floor_usage":[7,7,13,33,33,33,50,50],"damage_taken":[{"damage":0,"enemies":"2 Louse","floor":1,"turns":3},{"damage":2,"enemies":"Cultist","floor":2,"turns":4},{"damage":3,"enemies":"Jaw Worm","floor":5,"turns":4},{"damage":7,"enemies":"3 Sentries","floor":7,"turns":8},{"damage":5,"enemies":"Exordium Thugs","floor":10,"turns":4},{"damage":21,"enemies":"Lagavulin","floor":11,"turns":5},{"damage":8,"enemies":"3 Louse","floor":13,"turns":3},{"damage":37,"enemies":"The Guardian","floor":16,"turns":9},{"damage":7,"enemies":"2 Thieves","floor":18,"turns":2},{"damage":0,"enemies":"Chosen","floor":20,"turns":2},{"damage":17,"enemies":"Gremlin Leader","floor":24,"turns":7},{"damage":6,"enemies":"3 Cultists","floor":27,"turns":4},{"damage":21,"enemies":"Slavers","floor":29,"turns":4},{"damage":24,"enemies":"Slaver and Parasite","floor":31,"turns":5},{"damage":34,"enemies":"Automaton","floor":33,"turns":11},{"damage":2,"enemies":"Orb Walker","floor":35,"turns":2},{"damage":48,"enemies":"Mysterious Sphere","floor":37,"turns":4},{"damage":8,"enemies":"3 Darklings","floor":38,"turns":4},{"damage":6,"enemies":"Sphere and 2 Shapes","floor":39,"turns":4},{"damage":12,"enemies":"Nemesis","floor":41,"turns":5},{"damage":0,"enemies":"Flame Bruiser 2 Orb","floor":45,"turns":5},{"damage":23,"enemies":"Giant Head","floor":46,"turns":7},{"damage":3,"enemies":"4 Shapes","floor":48,"turns":5},{"damage":81,"enemies":"Donu and Deca","floor":50,"turns":10}],"relics_obtained":[{"floor":7,"key":"Molten Egg 2"},{"floor":9,"key":"Tiny Chest"},{"floor":11,"key":"Potion Belt"},{"floor":14,"key":"Bag of Marbles"},{"floor":19,"key":"Meat on the Bone"},{"floor":22,"key":"Mango"},{"floor":24,"key":"Vajra"},{"floor":26,"key":"Bag of Preparation"},{"floor":29,"key":"Dream Catcher"},{"floor":37,"key":"Ice Cream"},{"floor":41,"key":"Whetstone"},{"floor":43,"key":"Question Card"},{"floor":46,"key":"Toxic Egg 2"}],"event_choices":[{"event_name":"The Cleric","player_choice":"Card Removal","floor":3,"damage_taken":0},{"event_name":"Mysterious Sphere","player_choice":"Fight","floor":37,"damage_taken":0},{"event_name":"Golden Shrine","player_choice":"Pray","floor":47,"damage_taken":0}],"boss_relics":[{"not_picked":["Orrery","Philosopher\u0027s Stone"],"picked":"Tiny House"},{"not_picked":["Snecko Eye","Runic Dome"],"picked":"Sozu"}],"items_purged_floors":[4],"potions_floor_spawned":[1,5,11,20,27,29,33,35,39,45,46],"seed_played":"-2951150299956729441","ascension_level":1,"potions_obtained":[{"floor":1,"key":"Swift Potion"},{"floor":5,"key":"GhostInAJar"},{"floor":11,"key":"Fruit Juice"},{"floor":17,"key":"Weak Potion"},{"floor":20,"key":"GhostInAJar"},{"floor":27,"key":"Regen Potion"},{"floor":29,"key":"AttackPotion"},{"floor":33,"key":"Swift Potion"}],"is_trial":false}