{"gold_per_floor":[110,110,110,120,78,78,109,123,123,156,121,150,109,126,126,198,198,214,214,214,228,208,208,223,237,237,237,251,251,251,101,101,101],"floor_reached":33,"playtime":1667,"items_purged":["Strike_B"],"score":500,"play_id":"cefc5780-311f-40e3-b2ba-0847d53ef52e","local_time":"20181130025248","is_ascension_mode":true,"campfire_choices":[{"data":"Zap","floor":6,"key":"SMITH"},{"floor":15,"key":"REST"},{"floor":23,"key":"REST"},{"floor":27,"key":"REST"},{"floor":30,"key":"REST"},{"data":"Hello World","floor":32,"key":"SMITH"}],"neow_cost":"CURSE","seed_source_timestamp":108765344718583,"circlet_count":0,"master_deck":["AscendersBane","Strike_B","Defend_B","Defend_B","Defend_B","Defend_B","Zap+1","Dualcast","Electrodynamics","Capacitor","FTL","Coolheaded","Reinforced Body","Cold Snap","Reboot","BootSequence","Storm","Conserve Battery","Hello World+1","BootSequence","Stack","Cold Snap","Ball Lightning+1","Consume","Chill+1","Static Discharge"],"relics":["Cracked Core","Bottled Tornado","Dodecahedron","Matryoshka","Calipers","Orrery","Blood Vial","Unceasing Top"],"potions_floor_usage":[10,12,16,21,25,25,28,33],"damage_taken":[{"damage":16,"enemies":"Jaw Worm","floor":1,"turns":4},{"damage":1,"enemies":"2 Louse","floor":4,"turns":2},{"damage":36,"enemies":"Gremlin Nob","floor":7,"turns":4},{"damage":0,"enemies":"Cultist","floor":8,"turns":3},{"damage":5,"enemies":"3 Sentries","floor":10,"turns":3},{"damage":15,"enemies":"Lagavulin","floor":12,"turns":5},{"damage":1,"enemies":"Exordium Wildlife","floor":14,"turns":2},{"damage":32,"enemies":"Hexaghost","floor":16,"turns":11},{"damage":7,"enemies":"Spheric Guardian","floor":18,"turns":5},{"damage":22,"enemies":"Chosen","floor":21,"turns":7},{"damage":23,"enemies":"Snake Plant","floor":24,"turns":4},{"damage":13,"enemies":"Snecko","floor":25,"turns":6},{"damage":6,"enemies":"Centurion and Healer","floor":28,"turns":7},{"damage":60,"enemies":"Champ","floor":33,"turns":10}],"seed_played":"4622860443949573168","potions_obtained":[{"floor":4,"key":"SpeedPotion"},{"floor":7,"key":"LiquidBronze"},{"floor":10,"key":"Block Potion"},{"floor":16,"key":"Fire Potion"},{"floor":18,"key":"Regen Potion"},{"floor":22,"key":"SpeedPotion"},{"floor":24,"key":"Swift Potion"},{"floor":25,"key":"SpeedPotion"},{"floor":28,"key":"Strength Potion"}],"is_trial":false,"path_per_floor":["M","?","?","M","$","R","E","M","T","E","?","E","?","M","R","B",null,"M","?","?","M","?","R","M","M","T","R","M","?","R","$","R","B"],"character_chosen":"DEFECT","items_purchased":["Capacitor","Static Discharge"],"campfire_rested":4,"item_purchase_floors":[5,31],"current_hp_per_floor":[48,41,71,70,70,70,34,34,34,29,46,31,31,30,51,19,58,51,31,31,24,24,46,23,10,10,32,28,28,50,50,50,0],"gold":101,"neow_bonus":"THREE_RARE_CARDS","is_prod":false,"is_daily":false,"chose_seed":false,"campfire_upgraded":2,"win_rate":0,"timestamp":1543546368,"path_taken":["M","?","?","?","$","R","E","M","T","E","?","E","?","M","R","BOSS","M","?","?","M","?","R","?","M","T","R","M","?","R","$","R","BOSS"],"build_version":"2018-11-15","purchased_purges":1,"victory":false,"max_hp_per_floor":[71,71,71,71,71,71,71,71,71,71,71,71,71,71,71,71,71,71,76,76,76,76,76,76,76,76,76,76,76,76,76,76,76],"card_choices":[{"not_picked":["Hyperbeam","Multi-Cast"],"picked":"Electrodynamics","floor":0},{"not_picked":["Sweeping Beam","Redo"],"picked":"Recycle","floor":1},{"not_picked":["Beam Cell","Redo","Compile Driver"],"picked":"SKIP","floor":4},{"not_picked":["Capacitor","Cold Snap"],"picked":"FTL","floor":7},{"not_picked":["Amplify","Hello World"],"picked":"Coolheaded","floor":8},{"not_picked":["Storm","Redo"],"picked":"Reinforced Body","floor":10},{"not_picked":["Gash","Sweeping Beam","Sunder"],"picked":"SKIP","floor":12},{"not_picked":["Self Repair","Fusion"],"picked":"Cold Snap","floor":14},{"not_picked":["Meteor Strike","Rainbow"],"picked":"Reboot","floor":16},{"not_picked":["Redo","Rip and Tear"],"picked":"BootSequence","floor":17},{"not_picked":["Leap","Streamline"],"picked":"Storm","floor":17},{"not_picked":["Go for the Eyes","Reinforced Body"],"picked":"Conserve Battery","floor":17},{"not_picked":["Barrage","Steam Power"],"picked":"Hello World","floor":17},{"not_picked":["Hello World","Go for the Eyes+1"],"picked":"BootSequence","floor":18},{"not_picked":["Conserve Battery","Reinforced Body"],"picked":"Ball Lightning+1","floor":21},{"not_picked":["Barrage","Fission"],"picked":"Consume","floor":24},{"not_picked":["Cold Snap","Lockon+1"],"picked":"Chill+1","floor":25},{"not_picked":["Cold Snap","Turbo","Barrage"],"picked":"SKIP","floor":28}],"player_experience":954737,"relics_obtained":[{"floor":7,"key":"Bottled Tornado"},{"floor":9,"key":"Dodecahedron"},{"floor":10,"key":"Matryoshka"},{"floor":12,"key":"Calipers"},{"floor":26,"key":"Blood Vial"},{"floor":26,"key":"Unceasing Top"}],"event_choices":[{"cards_removed":["Regret"],"damage_healed":0,"gold_gain":0,"player_choice":"Card Removal","damage_taken":7,"max_hp_gain":0,"max_hp_loss":0,"event_name":"Golden Wing","floor":2,"gold_loss":0},{"cards_removed":["Recycle"],"damage_healed":30,"gold_gain":0,"player_choice":"Offered Uncommon","damage_taken":0,"max_hp_gain":0,"max_hp_loss":0,"event_name":"Bonfire Elementals","floor":3,"gold_loss":0},{"damage_healed":17,"gold_gain":0,"player_choice":"Healed","damage_taken":0,"max_hp_gain":0,"max_hp_loss":0,"event_name":"The Cleric","floor":11,"gold_loss":35},{"damage_healed":0,"gold_gain":0,"player_choice":"Left Gold","damage_taken":0,"max_hp_gain":0,"max_hp_loss":0,"event_name":"World of Goop","floor":13,"gold_loss":41},{"damage_healed":0,"gold_gain":0,"player_choice":"Shed Blood","damage_taken":25,"max_hp_gain":5,"max_hp_loss":0,"event_name":"Forgotten Altar","floor":19,"gold_loss":0},{"damage_healed":0,"gold_gain":0,"cards_transformed":["Strike_B","Strike_B"],"player_choice":"Became Test Subject","damage_taken":0,"max_hp_gain":0,"max_hp_loss":0,"event_name":"Drug Dealer","floor":20,"gold_loss":0,"cards_obtained":["Stack","Cold Snap"]},{"damage_healed":0,"gold_gain":0,"player_choice":"Bought 1 Potion","damage_taken":0,"max_hp_gain":0,"max_hp_loss":0,"event_name":"The Woman in Blue","floor":22,"gold_loss":0},{"damage_healed":0,"gold_gain":0,"player_choice":"Ignored","damage_taken":0,"max_hp_gain":0,"max_hp_loss":0,"event_name":"Ghosts","floor":29,"gold_loss":0}],"is_beta":true,"boss_relics":[{"not_picked":["Runic Dome","Eternal Feather"],"picked":"Orrery"}],"items_purged_floors":[31],"is_endless":false,"potions_floor_spawned":[4,7,10,16,18,24,25,28],"killed_by":"Champ","ascension_level":18}