{"gold_per_floor":[110,125,144,144,161,161,193,193,219,229,194,194,224,243,243,341,341,355,355,355,355],"floor_reached":21,"playtime":1789,"items_purged":[],"score":179,"play_id":"013746cd-cce1-4a58-a879-bc2219f46ad7","local_time":"20180916234637","is_ascension_mode":false,"campfire_choices":[{"data":"Rampage","floor":6,"key":"SMITH"},{"floor":12,"key":"REST"},{"data":"Limit Break","floor":15,"key":"SMITH"}],"neow_cost":"NONE","seed_source_timestamp":0,"circlet_count":0,"master_deck":["Strike_R","Strike_R","Strike_R","Defend_R","Defend_R","Defend_R","Defend_R","Flame Barrier+1","Spot Weakness+1","Infernal Blade","Rampage+1","Pommel Strike","Iron Wave","Armaments","Parasite","Headbutt","Limit Break+1","Double Tap","Blood for Blood+1"],"special_seed":0,"relics":["Astrolabe","Bag of Marbles","Oddly Smooth Stone","White Beast Statue"],"potions_floor_usage":[7,16,19],"damage_taken":[{"damage":0.0,"enemies":"Small Slimes","floor":1.0,"turns":4.0},{"damage":10.0,"enemies":"Jaw Worm","floor":2.0,"turns":3.0},{"damage":0.0,"enemies":"Cultist","floor":3.0,"turns":3.0},{"damage":5.0,"enemies":"3 Louse","floor":5.0,"turns":3.0},{"damage":61,"enemies":"Gremlin Nob","floor":7,"turns":6},{"damage":1,"enemies":"Blue Slaver","floor":10,"turns":4},{"damage":0,"enemies":"Exordium Wildlife","floor":14,"turns":3},{"damage":75,"enemies":"The Guardian","floor":16,"turns":10},{"damage":55,"enemies":"3 Byrds","floor":18,"turns":8},{"damage":27,"enemies":"Colosseum Slavers","floor":19,"turns":7},{"damage":4,"enemies":"Shell Parasite","floor":21,"turns":1}],"seed_played":"-5426686978467035666","potions_obtained":[{"floor":1.0,"key":"GamblersBrew"},{"floor":2.0,"key":"EssenceOfSteel"},{"floor":3.0,"key":"Regen Potion"},{"floor":14,"key":"Explosive Potion"},{"floor":18,"key":"Regen Potion"}],"is_trial":false,"path_per_floor":["M","M","M","?","M","R","E","?","T","M","?","R","?","M","R","B",null,"M","?","?"],"character_chosen":"IRONCLAD","items_purchased":[],"campfire_rested":1,"item_purchase_floors":[],"current_hp_per_floor":[80,70,70,75,70,70,9,30,30,32,53,78,78,78,78,15,85,30,3,3,0],"gold":355,"neow_bonus":"BOSS_RELIC","is_prod":false,"is_daily":false,"chose_seed":false,"campfire_upgraded":2,"win_rate":0.0,"timestamp":1537159597,"path_taken":["M","M","M","?","?","R","E","?","T","M","?","R","?","M","R","BOSS","M","?","?","?"],"build_version":"2018-09-06","purchased_purges":0,"victory":false,"max_hp_per_floor":[80,80,80,85,85,85,85,85,85,85,85,85,85,85,85,85,85,85,85,85,85],"card_choices":[{"not_picked":["Rupture","Corruption"],"picked":"Infernal Blade","floor":1.0},{"not_picked":["Power Through","True Grit"],"picked":"Rampage","floor":2.0},{"not_picked":["Body Slam","Twin Strike"],"picked":"Pommel Strike","floor":3.0},{"not_picked":["Thunderclap","Metallicize"],"picked":"Iron Wave","floor":5.0},{"not_picked":["Battle Trance","Feel No Pain"],"picked":"Armaments","floor":7},{"not_picked":["Shrug It Off","Thunderclap"],"picked":"Headbutt","floor":10},{"not_picked":["Clash","Warcry"],"picked":"Limit Break","floor":14},{"not_picked":["Barricade","Berserk"],"picked":"Double Tap","floor":16},{"not_picked":["Clothesline","Body Slam"],"picked":"Blood for Blood+1","floor":18}],"player_experience":6962,"relics_obtained":[{"floor":7,"key":"Bag of Marbles"},{"floor":9,"key":"Oddly Smooth Stone"}],"event_choices":[{"event_name":"Big Fish","player_choice":"Donut","floor":4.0,"damage_taken":0.0},{"event_name":"Mushrooms","player_choice":"Healed and dodged fight","floor":8,"damage_taken":0},{"event_name":"The Cleric","player_choice":"Healed","floor":11,"damage_taken":0},{"event_name":"Dead Adventurer","player_choice":"Searched \u00271\u0027 times","floor":13,"damage_taken":0},{"event_name":"Colosseum","player_choice":"Fight","floor":19,"damage_taken":0},{"event_name":"Colosseum","player_choice":"Fled From Nobs","floor":19,"damage_taken":0},{"event_name":"Purifier","player_choice":"One Purge","floor":20,"damage_taken":0}],"is_beta":false,"boss_relics":[{"not_picked":["Velvet Choker","Fusion Hammer"],"picked":"White Beast Statue"}],"items_purged_floors":[],"is_endless":false,"potions_floor_spawned":[1,2,3,14,18,19],"killed_by":"Shell Parasite","ascension_level":0}