{"gold_per_floor":[369,384,384,7,24,52,52,78,78,78,78,78,103,147,147,240,240,255,255,170,95,118,118,158,158,212,212,262,262,301,350,350,445,445,469,469,494,494,100,100,100,100,178,511,10,10,10,24,24,24],"floor_reached":51,"playtime":2929,"items_purged":["Strike_B","Regret","Writhe"],"score":1225,"play_id":"a2e26aef-2e60-4226-b505-4bb978d3f09e","local_time":"20181120105054","is_ascension_mode":true,"campfire_choices":[{"data":"Defragment","floor":7,"key":"SMITH"},{"floor":12,"key":"REST"},{"data":"Zap","floor":15,"key":"SMITH"},{"data":"Loop","floor":23,"key":"SMITH"},{"data":"Buffer","floor":25,"key":"SMITH"},{"floor":27,"key":"REST"},{"data":"Dualcast","floor":32,"key":"SMITH"},{"floor":40,"key":"REST"},{"data":"Mayhem","floor":47,"key":"SMITH"},{"data":"Panache","floor":49,"key":"SMITH"}],"neow_cost":"PERCENT_DAMAGE","seed_source_timestamp":21433952064973,"circlet_count":0,"master_deck":["AscendersBane","Strike_B","Defend_B","Defend_B","Defend_B+1","Zap+1","Dualcast+1","Cold Snap","Defragment+1","Cold Snap","Conserve Battery+1","Sunder+1","Go for the Eyes+1","Buffer+1","Loop+1","Cold Snap+1","Go for the Eyes+1","Cold Snap+1","Dramatic Entrance+1","Mayhem+1","Enlightenment","Panache+1","Blizzard+1","Finesse","Sweeping Beam+1","Cold Snap+1"],"relics":["Cracked Core","FossilizedHelix","Molten Egg 2","Sundial","Boot","Omamori","War Paint","Cursed Key","Shuriken","Juzu Bracelet","Bag of Preparation","Gremlin Horn","Smiling Mask","Nuclear Battery","Oddly Smooth Stone","Pear","Bottled Tornado"],"potions_floor_usage":[6,14,16,18,30,50],"damage_taken":[{"damage":8,"enemies":"Cultist","floor":1,"turns":6},{"damage":0,"enemies":"Small Slimes","floor":2,"turns":4},{"damage":0,"enemies":"Jaw Worm","floor":5,"turns":3},{"damage":5,"enemies":"Lagavulin","floor":6,"turns":9},{"damage":14,"enemies":"3 Sentries","floor":8,"turns":9},{"damage":0,"enemies":"3 Louse","floor":13,"turns":2},{"damage":7,"enemies":"Lagavulin","floor":14,"turns":5},{"damage":6,"enemies":"Slime Boss","floor":16,"turns":11},{"damage":0,"enemies":"3 Byrds","floor":18,"turns":4},{"damage":0,"enemies":"Spheric Guardian","floor":22,"turns":4},{"damage":23,"enemies":"Slavers","floor":24,"turns":7},{"damage":5,"enemies":"Book of Stabbing","floor":30,"turns":5},{"damage":57,"enemies":"Automaton","floor":33,"turns":15},{"damage":8,"enemies":"3 Shapes","floor":35,"turns":6},{"damage":1,"enemies":"Orb Walker","floor":37,"turns":4},{"damage":0,"enemies":"Transient","floor":48,"turns":5},{"damage":3,"enemies":"Donu and Deca","floor":50,"turns":8}],"seed_played":"8158247309629767632","potions_obtained":[{"floor":5,"key":"Energy Potion"},{"floor":8,"key":"Energy Potion"},{"floor":13,"key":"Swift Potion"},{"floor":14,"key":"FocusPotion"},{"floor":16,"key":"Regen Potion"},{"floor":24,"key":"Poison Potion"},{"floor":35,"key":"SteroidPotion"},{"floor":48,"key":"SkillPotion"}],"is_trial":false,"path_per_floor":["M","M","T","$","M","E","R","E","T","$","?","R","M","E","R","B",null,"M","?","?","?","M","R","E","R","T","R","?","?","E","T","R","B",null,"M","?","M","?","$","R","?","?","T","?","$","?","R","M","R","B",null],"character_chosen":"DEFECT","items_purchased":["Cold Snap","Molten Egg 2","Panache","Oddly Smooth Stone","Bottled Tornado","Blizzard+1","Finesse","Sweeping Beam+1"],"campfire_rested":3,"item_purchase_floors":[4,4,39,39,45,45,45,45],"current_hp_per_floor":[38,38,38,38,38,33,33,19,19,19,19,40,40,33,33,27,60,69,69,69,69,69,69,46,46,46,67,67,67,62,62,62,5,55,47,37,36,36,36,57,57,57,67,67,67,67,67,67,67,64],"gold":24,"neow_bonus":"TWO_FIFTY_GOLD","is_prod":false,"is_daily":false,"chose_seed":false,"campfire_upgraded":7,"win_rate":0,"timestamp":1542671454,"path_taken":["M","?","?","$","M","E","R","E","T","?","?","R","M","E","R","BOSS","M","?","?","?","?","R","E","R","T","R","?","?","E","?","R","BOSS","M","?","M","?","$","R","?","?","T","?","$","?","R","M","R","BOSS"],"build_version":"2018-11-15","purchased_purges":3,"victory":true,"max_hp_per_floor":[71,71,71,71,71,71,71,71,71,71,71,71,71,71,71,71,71,71,71,71,71,71,71,71,71,71,71,71,71,71,71,71,71,71,71,71,71,71,71,71,71,71,81,81,81,81,81,81,81,81],"card_choices":[{"not_picked":["Stack","Consume"],"picked":"Cold Snap","floor":1},{"not_picked":["Sweeping Beam","Static Discharge"],"picked":"Defragment","floor":2},{"not_picked":["Stack","Double Energy"],"picked":"Conserve Battery","floor":5},{"not_picked":["Leap","Hello World","Auto Shields"],"picked":"SKIP","floor":6},{"not_picked":["Gash+1","Beam Cell+1"],"picked":"Sunder+1","floor":8},{"not_picked":["Leap","Steam Power","Compile Driver+1"],"picked":"SKIP","floor":13},{"not_picked":["Coolheaded","Conserve Battery"],"picked":"Go for the Eyes+1","floor":14},{"not_picked":["Rainbow","Reboot"],"picked":"Buffer","floor":16},{"not_picked":["Lockon+1","Chaos"],"picked":"Loop","floor":18},{"not_picked":["Barrage+1","Heatsinks"],"picked":"Go for the Eyes+1","floor":22},{"not_picked":["Double Energy","Hello World"],"picked":"Cold Snap+1","floor":24},{"not_picked":["Consume","Stack","Leap"],"picked":"SKIP","floor":30},{"not_picked":["Sweeping Beam+1","Recycle","Reinforced Body+1"],"picked":"SKIP","floor":35},{"not_picked":["Chrysalis","Secret Technique"],"picked":"Dramatic Entrance+1","floor":36},{"not_picked":["Trip","Purity"],"picked":"Mayhem","floor":36},{"not_picked":["Secret Weapon","Blind"],"picked":"Enlightenment","floor":36},{"not_picked":["Conserve Battery","Steam+1","Beam Cell+1"],"picked":"SKIP","floor":37},{"not_picked":["Ball Lightning+1","Rip and Tear+1"],"picked":"Cold Snap+1","floor":48}],"player_experience":890120,"relics_obtained":[{"floor":3,"key":"FossilizedHelix"},{"floor":6,"key":"Sundial"},{"floor":8,"key":"Boot"},{"floor":9,"key":"Omamori"},{"floor":14,"key":"War Paint"},{"floor":24,"key":"Juzu Bracelet"},{"floor":26,"key":"Bag of Preparation"},{"floor":30,"key":"Gremlin Horn"},{"floor":31,"key":"Smiling Mask"},{"floor":43,"key":"Pear"}],"event_choices":[{"damage_healed":0,"gold_gain":0,"player_choice":"Take Wound","damage_taken":0,"relics_obtained":["Golden Idol"],"max_hp_gain":0,"max_hp_loss":0,"event_name":"Golden Idol","floor":11,"gold_loss":0,"cards_obtained":["Injury"]},{"damage_healed":0,"gold_gain":0,"player_choice":"Read","damage_taken":0,"max_hp_gain":0,"max_hp_loss":0,"event_name":"The Library","floor":19,"gold_loss":0,"cards_obtained":["Cold Snap"]},{"damage_healed":0,"gold_gain":0,"player_choice":"Obtained Relic","damage_taken":0,"relics_obtained":["Shuriken"],"max_hp_gain":0,"max_hp_loss":0,"event_name":"Addict","floor":20,"gold_loss":85},{"cards_removed":["Strike_B"],"damage_healed":0,"gold_gain":0,"player_choice":"Gave Gold","damage_taken":0,"max_hp_gain":0,"max_hp_loss":0,"event_name":"Beggar","floor":21,"gold_loss":75},{"damage_healed":0,"gold_gain":50,"player_choice":"Stole From Cult","damage_taken":0,"max_hp_gain":0,"max_hp_loss":0,"event_name":"Nest","floor":28,"gold_loss":0},{"damage_healed":0,"gold_gain":0,"player_choice":"Ignored","damage_taken":0,"max_hp_gain":0,"max_hp_loss":0,"event_name":"Ghosts","floor":29,"gold_loss":0},{"damage_healed":0,"gold_gain":0,"player_choice":"Memory 3","damage_taken":10,"max_hp_gain":0,"max_hp_loss":0,"event_name":"SensoryStone","floor":36,"gold_loss":0},{"damage_healed":0,"gold_gain":0,"player_choice":"Ignored","damage_taken":0,"max_hp_gain":0,"max_hp_loss":0,"event_name":"Tomb of Lord Red Mask","floor":38,"gold_loss":0},{"cards_removed":["Defend_B"],"damage_healed":0,"gold_gain":0,"player_choice":"Removed Skill","damage_taken":0,"max_hp_gain":0,"max_hp_loss":0,"event_name":"Falling","floor":41,"gold_loss":0},{"cards_removed":["Strike_B"],"damage_healed":0,"gold_gain":0,"player_choice":"Purged","damage_taken":0,"max_hp_gain":0,"max_hp_loss":0,"event_name":"Purifier","floor":42,"gold_loss":0},{"damage_healed":0,"gold_gain":333,"player_choice":"Gave Idol","damage_taken":0,"max_hp_gain":0,"max_hp_loss":0,"event_name":"The Moai Head","floor":44,"relics_lost":["Golden Idol"],"gold_loss":0},{"damage_healed":0,"gold_gain":0,"player_choice":"Ignored","damage_taken":0,"max_hp_gain":0,"max_hp_loss":0,"event_name":"Mysterious Sphere","floor":46,"gold_loss":0}],"is_beta":true,"boss_relics":[{"not_picked":["Snecko Eye","Tiny House"],"picked":"Cursed Key"},{"not_picked":["FrozenCore","Philosopher\u0027s Stone"],"picked":"Nuclear Battery"}],"items_purged_floors":[4,39,45],"is_endless":false,"potions_floor_spawned":[5,8,13,14,16,24,35,48],"ascension_level":15}