{"gold_per_floor":[118,193,22,22,22,36,55,0,0,11,11,11,22,38,38,116,116,129,79,96,96,96,96,96],"floor_reached":24,"playtime":961,"items_purged":["Strike_G"],"score":344,"play_id":"432eb8ef-a7b3-496a-abac-8bec3fb4c4c1","local_time":"20181023153515","is_ascension_mode":true,"campfire_choices":[{"data":"Footwork","floor":11.0,"key":"SMITH"},{"data":"Malaise","floor":15.0,"key":"SMITH"},{"data":"Well Laid Plans","floor":23,"key":"SMITH"}],"neow_cost":"NONE","seed_source_timestamp":1201115763867482,"circlet_count":0,"master_deck":["Defend_G","Defend_G","Defend_G","Defend_G","Defend_G","Strike_G","Survivor","Neutralize+1","AscendersBane","Poisoned Stab","Noxious Fumes","Cloak And Dagger","Footwork+1","Endless Agony","Dodge and Roll","Dagger Spray","PiercingWail","Malaise+1","Envenom","Cloak And Dagger+1","Poisoned Stab","Well Laid Plans+1","Infinite Blades"],"special_seed":0,"relics":["Ring of the Snake","The Specimen","White Beast Statue"],"potions_floor_usage":[18,24,24],"damage_taken":[{"damage":4.0,"enemies":"Small Slimes","floor":1.0,"turns":6.0},{"damage":1.0,"enemies":"2 Louse","floor":6.0,"turns":3.0},{"damage":0.0,"enemies":"Jaw Worm","floor":7.0,"turns":4.0},{"damage":1.0,"enemies":"Exordium Thugs","floor":10.0,"turns":5.0},{"damage":0.0,"enemies":"Looter","floor":13.0,"turns":4.0},{"damage":8.0,"enemies":"Large Slime","floor":14.0,"turns":8.0},{"damage":1.0,"enemies":"Hexaghost","floor":16.0,"turns":13.0},{"damage":10,"enemies":"Shell Parasite","floor":18,"turns":8},{"damage":7,"enemies":"Chosen","floor":20,"turns":7},{"damage":54,"enemies":"Slavers","floor":24,"turns":4}],"seed_played":"-8856012570632013249","potions_obtained":[{"floor":1.0,"key":"Regen Potion"},{"floor":6.0,"key":"Explosive Potion"},{"floor":14.0,"key":"Fire Potion"},{"floor":18,"key":"Dexterity Potion"}],"is_trial":false,"path_per_floor":["M","?","$","$","?","M","M","$","T","M","R","?","M","M","R","B",null,"M","?","M","$","?","R"],"character_chosen":"THE_SILENT","items_purchased":["Noxious Fumes","Cloak And Dagger","Dodge and Roll"],"campfire_rested":0,"item_purchase_floors":[3,3,8],"current_hp_per_floor":[55,44,44,44,44,55,55,55,55,54,54,54,54,46,46,45,61,51,51,44,44,44,44,0],"gold":96,"neow_bonus":"REMOVE_CARD","is_prod":false,"is_daily":false,"chose_seed":false,"campfire_upgraded":3,"win_rate":0,"timestamp":1540334115,"path_taken":["M","?","?","$","?","M","M","$","T","M","R","?","?","M","R","BOSS","BOSS","M","?","M","$","?","R","E"],"build_version":"2018-10-18","purchased_purges":1,"victory":false,"max_hp_per_floor":[66,66,66,66,66,66,66,66,66,66,66,66,66,66,66,66,66,66,66,66,66,66,66,66],"card_choices":[{"not_picked":["Expertise","Outmaneuver"],"picked":"Poisoned Stab","floor":1.0},{"not_picked":["Flying Knee","PiercingWail"],"picked":"Footwork","floor":6.0},{"not_picked":["Distraction","Slice"],"picked":"Endless Agony","floor":7.0},{"not_picked":["Quick Slash","Slice"],"picked":"Dagger Spray","floor":10.0},{"not_picked":["Eviscerate","Choke"],"picked":"PiercingWail","floor":13.0},{"not_picked":["Flying Knee","Cloak And Dagger"],"picked":"Malaise","floor":14.0},{"not_picked":["Die Die Die","A Thousand Cuts"],"picked":"Envenom","floor":16},{"not_picked":["PiercingWail","Prepared"],"picked":"Cloak And Dagger+1","floor":18},{"not_picked":["PiercingWail","Outmaneuver"],"picked":"Poisoned Stab","floor":20}],"player_experience":1188538,"relics_obtained":[{"floor":9.0,"key":"The Specimen"}],"event_choices":[{"damage_healed":0.0,"max_hp_gain":0.0,"max_hp_loss":0.0,"gold_gain":75.0,"event_name":"World of Goop","player_choice":"Gather Gold","floor":2.0,"gold_loss":0.0,"damage_taken":11.0},{"damage_healed":0.0,"max_hp_gain":0.0,"max_hp_loss":0.0,"gold_gain":0.0,"event_name":"Living Wall","player_choice":"Grow","floor":5.0,"gold_loss":0.0,"damage_taken":0.0,"cards_upgraded":["Neutralize"]},{"damage_healed":0.0,"max_hp_gain":0.0,"max_hp_loss":0.0,"gold_gain":0.0,"event_name":"Liars Game","player_choice":"Ignored","floor":12.0,"gold_loss":0.0,"damage_taken":0.0},{"damage_healed":0,"gold_gain":0,"player_choice":"Bet on Owner","damage_taken":0,"max_hp_gain":0,"max_hp_loss":0,"event_name":"The Joust","floor":19,"gold_loss":50},{"damage_healed":0,"gold_gain":0,"cards_transformed":["Strike_G","Strike_G"],"player_choice":"Became Test Subject","damage_taken":0,"max_hp_gain":0,"max_hp_loss":0,"event_name":"Drug Dealer","floor":22,"gold_loss":0,"cards_obtained":["Well Laid Plans","Infinite Blades"]}],"is_beta":false,"boss_relics":[{"not_picked":["Runic Dome","Coffee Dripper"],"picked":"White Beast Statue"}],"items_purged_floors":[3],"is_endless":false,"potions_floor_spawned":[1,6,14,16,18,20],"killed_by":"Slavers","ascension_level":17}