{"gold_per_floor":[112,112,125,200,200,200,211,236,236,236,236,254,26,44,44,140,140,154,168,168,184,195,195,211,211,235,235,254,269,269,280,280,280],"floor_reached":33,"playtime":1984,"items_purged":[],"score":251,"play_id":"64ab682a-82a8-4fc4-af69-6fc148f2f908","local_time":"20181123235252","is_ascension_mode":false,"campfire_choices":[{"data":"Crippling Poison","floor":6,"key":"SMITH"},{"data":"Caltrops","floor":11,"key":"SMITH"},{"floor":15,"key":"REST"},{"floor":23,"key":"REST"},{"data":"Poisoned Stab","floor":27,"key":"SMITH"},{"floor":30,"key":"REST"},{"data":"Burst","floor":32,"key":"SMITH"}],"neow_cost":"NONE","seed_source_timestamp":181580190875353,"circlet_count":0,"master_deck":["Defend_G","Defend_G","Defend_G","Defend_G","Defend_G","Strike_G","Strike_G","Strike_G","Strike_G","Strike_G","Survivor","Neutralize","Crippling Poison+1","Caltrops+1","Bane","Poisoned Stab+1","Noxious Fumes+1","Cloak And Dagger","Burst+1","Dagger Spray+1","Underhanded Strike","Leg Sweep","Sucker Punch+1","Deflect","Tools of the Trade","Dodge and Roll+1","Bane"],"relics":["Ring of the Snake","NeowsBlessing","Meat on the Bone","Pen Nib","Orichalcum","Velvet Choker","The Courier","Smiling Mask"],"potions_floor_usage":[22,22,33,33],"damage_taken":[{"damage":0,"enemies":"Small Slimes","floor":1,"turns":1},{"damage":0,"enemies":"2 Louse","floor":3,"turns":1},{"damage":0,"enemies":"Cultist","floor":7,"turns":1},{"damage":25,"enemies":"3 Sentries","floor":8,"turns":10},{"damage":25,"enemies":"Large Slime","floor":12,"turns":8},{"damage":35,"enemies":"Gremlin Gang","floor":14,"turns":3},{"damage":13,"enemies":"Hexaghost","floor":16,"turns":9},{"damage":17,"enemies":"Spheric Guardian","floor":18,"turns":6},{"damage":12,"enemies":"2 Thieves","floor":19,"turns":3},{"damage":19,"enemies":"Snake Plant","floor":21,"turns":4},{"damage":20,"enemies":"Centurion and Healer","floor":22,"turns":7},{"damage":4,"enemies":"Cultist and Chosen","floor":24,"turns":5},{"damage":8,"enemies":"Snecko","floor":28,"turns":5},{"damage":15,"enemies":"Centurion and Healer","floor":29,"turns":8},{"damage":6,"enemies":"Shelled Parasite and Fungi","floor":31,"turns":6},{"damage":52,"enemies":"Automaton","floor":33,"turns":10}],"seed_played":"6701543478202630628","potions_obtained":[{"floor":3,"key":"Fire Potion"},{"floor":7,"key":"Poison Potion"},{"floor":14,"key":"Regen Potion"},{"floor":19,"key":"Fire Potion"},{"floor":24,"key":"Energy Potion"},{"floor":28,"key":"EssenceOfSteel"}],"is_trial":false,"path_per_floor":["M","?","M","?","?","R","M","E","T","?","R","M","$","M","R","B",null,"M","M","?","M","M","R","M","T","T","R","M","M","R","M","R","B"],"character_chosen":"THE_SILENT","items_purchased":["Orichalcum","Noxious Fumes"],"campfire_rested":3,"item_purchase_floors":[13,13],"current_hp_per_floor":[70,70,70,59,52,52,52,27,27,70,70,45,45,22,43,42,70,53,41,41,34,31,52,48,48,48,48,40,37,58,52,52,0],"gold":280,"neow_bonus":"THREE_ENEMY_KILL","is_prod":false,"is_daily":false,"chose_seed":false,"campfire_upgraded":4,"win_rate":0.0,"timestamp":1543035172,"path_taken":["M","?","M","?","?","R","?","E","T","?","R","?","?","M","R","BOSS","M","M","?","?","M","R","M","?","T","R","M","?","R","M","R","BOSS"],"build_version":"2018-11-15","purchased_purges":0,"victory":false,"max_hp_per_floor":[70,70,70,70,70,70,70,70,70,70,70,70,70,70,70,70,70,70,70,70,70,70,70,70,70,70,70,70,70,70,70,70,70],"card_choices":[{"not_picked":["Flying Knee","Backstab"],"picked":"Crippling Poison","floor":1},{"not_picked":["Prepared","Dagger Throw"],"picked":"Caltrops","floor":3},{"not_picked":["Underhanded Strike","Cloak And Dagger"],"picked":"Bane","floor":7},{"not_picked":["Outmaneuver","Tactician"],"picked":"Calculated Gamble","floor":8},{"not_picked":["Acrobatics","Flying Knee"],"picked":"Poisoned Stab","floor":12},{"not_picked":["Deflect","PiercingWail"],"picked":"Cloak And Dagger","floor":14},{"not_picked":["Doppelganger","Glass Knife"],"picked":"Burst","floor":16},{"not_picked":["Acrobatics","Dagger Throw"],"picked":"Dagger Spray+1","floor":18},{"not_picked":["Blade Dance+1","Tactician"],"picked":"Underhanded Strike","floor":19},{"not_picked":["Outmaneuver+1","Quick Slash"],"picked":"Leg Sweep","floor":21},{"not_picked":["Dagger Spray","PiercingWail"],"picked":"Sucker Punch+1","floor":22},{"not_picked":["Acrobatics","Prepared"],"picked":"Deflect","floor":24},{"not_picked":["Leg Sweep","Blur"],"picked":"Tools of the Trade","floor":28},{"not_picked":["Deadly Poison+1","Deflect"],"picked":"Dodge and Roll+1","floor":29},{"not_picked":["Reflex","Deflect"],"picked":"Bane","floor":31}],"player_experience":68862,"relics_obtained":[{"floor":8,"key":"Meat on the Bone"},{"floor":9,"key":"Pen Nib"},{"floor":25,"key":"The Courier"},{"floor":26,"key":"Smiling Mask"}],"event_choices":[{"damage_healed":0,"gold_gain":0,"player_choice":"Leave","damage_taken":0,"max_hp_gain":0,"max_hp_loss":0,"event_name":"The Cleric","floor":2,"gold_loss":0},{"damage_healed":0,"gold_gain":75,"player_choice":"Gather Gold","damage_taken":11,"max_hp_gain":0,"max_hp_loss":0,"event_name":"World of Goop","floor":4,"gold_loss":0},{"damage_healed":0,"gold_gain":0,"player_choice":"Damaged","damage_taken":7,"max_hp_gain":0,"max_hp_loss":0,"event_name":"Wheel of Change","floor":5,"gold_loss":0},{"cards_removed":["Calculated Gamble"],"damage_healed":43,"gold_gain":0,"player_choice":"Offered Uncommon","damage_taken":0,"max_hp_gain":0,"max_hp_loss":0,"event_name":"Bonfire Elementals","floor":10,"gold_loss":0},{"damage_healed":0,"gold_gain":0,"player_choice":"Upgraded","damage_taken":0,"max_hp_gain":0,"max_hp_loss":0,"event_name":"Upgrade Shrine","floor":20,"gold_loss":0,"cards_upgraded":["Noxious Fumes"]}],"is_beta":false,"boss_relics":[{"not_picked":["WristBlade","Pandora\u0027s Box"],"picked":"Velvet Choker"}],"items_purged_floors":[],"is_endless":false,"potions_floor_spawned":[3,7,14,19,24,28,29,31],"killed_by":"Automaton","ascension_level":0}