{"gold_per_floor":[112,131,147,135,151,151,151,184,184,184,184,198,231,246,246,348,348,359,459,268,268,279,279,314,333,357,375,394,394,407,407],"floor_reached":31,"playtime":3598,"items_purged":[],"score":271,"play_id":"13ce7730-fbac-488a-bcca-01ee12fe50d0","local_time":"20181124030449","is_ascension_mode":false,"campfire_choices":[{"floor":6,"key":"REST"},{"floor":11,"key":"REST"},{"floor":15,"key":"REST"},{"floor":23,"key":"REST"}],"neow_cost":"NONE","seed_source_timestamp":191474961001099,"circlet_count":0,"master_deck":["Defend_G","Defend_G","Defend_G","Defend_G","Defend_G","Strike_G","Strike_G","Strike_G","Strike_G","Strike_G","Survivor","Neutralize","Dagger Spray+1","Masterful Stab","Dodge and Roll","Bullet Time","All Out Attack","Sucker Punch","Cloak And Dagger","Malaise","Backflip","Doppelganger","Blade Dance","Leg Sweep","Slice","Heel Hook","Endless Agony","Infinite Blades","Well Laid Plans","Deflect+1","Flying Knee","Masterful Stab","Dash","Dagger Throw+1"],"relics":["Ring of the Snake","Gremlin Horn","Happy Flower","Centennial Puzzle","Orrery","HandDrill","Vajra","Mummified Hand","Bag of Marbles","Anchor"],"potions_floor_usage":[16,16,16,31,31],"damage_taken":[{"damage":0,"enemies":"Jaw Worm","floor":1,"turns":6},{"damage":0,"enemies":"2 Louse","floor":2,"turns":2},{"damage":0,"enemies":"Small Slimes","floor":3,"turns":4},{"damage":18,"enemies":"Exordium Thugs","floor":4,"turns":7},{"damage":25,"enemies":"Large Slime","floor":5,"turns":13},{"damage":20,"enemies":"3 Sentries","floor":8,"turns":8},{"damage":0,"enemies":"Red Slaver","floor":12,"turns":4},{"damage":12,"enemies":"Gremlin Nob","floor":13,"turns":4},{"damage":2,"enemies":"Exordium Thugs","floor":14,"turns":3},{"damage":69,"enemies":"The Guardian","floor":16,"turns":22},{"damage":15,"enemies":"Spheric Guardian","floor":18,"turns":5},{"damage":9,"enemies":"2 Thieves","floor":22,"turns":3},{"damage":26,"enemies":"Book of Stabbing","floor":24,"turns":8},{"damage":1,"enemies":"Snecko","floor":25,"turns":7},{"damage":27,"enemies":"Sentry and Sphere","floor":27,"turns":5},{"damage":14,"enemies":"Snake Plant","floor":28,"turns":5},{"damage":7,"enemies":"Centurion and Healer","floor":30,"turns":5},{"damage":2,"enemies":"Sentry and Sphere","floor":31,"turns":3}],"seed_played":"-8283222652280111584","potions_obtained":[{"floor":1,"key":"Regen Potion"},{"floor":2,"key":"Block Potion"},{"floor":4,"key":"FearPotion"},{"floor":8,"key":"EssenceOfSteel"},{"floor":24,"key":"FearPotion"},{"floor":25,"key":"Explosive Potion"},{"floor":30,"key":"Swift Potion"}],"is_trial":false,"path_per_floor":["M","M","M","M","M","R","?","E","T","?","R","M","E","M","R","B",null,"M","?","$","T","M","R","E","M","T","M","M","?","M","M"],"character_chosen":"THE_SILENT","items_purchased":["HandDrill"],"campfire_rested":4,"item_purchase_floors":[20],"current_hp_per_floor":[77,77,77,59,34,57,57,37,37,37,60,60,48,46,69,15,77,62,62,62,62,53,76,50,49,49,22,8,8,1,0],"gold":407,"neow_bonus":"TEN_PERCENT_HP_BONUS","is_prod":false,"is_daily":false,"chose_seed":false,"campfire_upgraded":0,"win_rate":0.0,"timestamp":1543046689,"path_taken":["M","M","M","M","M","R","?","E","T","?","R","M","E","M","R","BOSS","M","?","$","?","M","R","E","M","T","M","M","?","M","?"],"build_version":"2018-11-15","purchased_purges":0,"victory":false,"max_hp_per_floor":[77,77,77,77,77,77,77,77,77,77,77,77,77,77,77,77,77,77,77,77,77,77,77,77,77,77,77,77,77,77,77],"card_choices":[{"not_picked":["All Out Attack","Flying Knee"],"picked":"Dagger Spray","floor":1},{"not_picked":["Bane","Blade Dance"],"picked":"Masterful Stab","floor":2},{"not_picked":["Blade Dance","Underhanded Strike"],"picked":"Dodge and Roll","floor":3},{"not_picked":["Flying Knee","Prepared"],"picked":"Bullet Time","floor":4},{"not_picked":["Blade Dance","Sucker Punch"],"picked":"All Out Attack","floor":5},{"not_picked":["Reflex","Expertise"],"picked":"Sucker Punch","floor":8},{"not_picked":["Sucker Punch","Blade Dance"],"picked":"Cloak And Dagger","floor":12},{"not_picked":["Reflex","Poisoned Stab"],"picked":"Malaise","floor":13},{"not_picked":["Prepared","Sucker Punch"],"picked":"Backflip","floor":14},{"not_picked":["Bullet Time","Wraith Form v2"],"picked":"Doppelganger","floor":16},{"not_picked":["Distraction","Backflip"],"picked":"Blade Dance","floor":17},{"not_picked":["Flying Knee","Poisoned Stab"],"picked":"Leg Sweep","floor":17},{"not_picked":["Dodge and Roll","Sucker Punch"],"picked":"Slice","floor":17},{"not_picked":["Quick Slash","Deadly Poison"],"picked":"Heel Hook","floor":17},{"not_picked":["Corpse Explosion","Dagger Throw"],"picked":"Endless Agony","floor":17},{"not_picked":["Acrobatics","Concentrate"],"picked":"Infinite Blades","floor":18},{"not_picked":["Expertise","Cloak And Dagger"],"picked":"Well Laid Plans","floor":22},{"not_picked":["Blur","Slice+1"],"picked":"Deflect+1","floor":24},{"not_picked":["Slice","Backflip"],"picked":"Flying Knee","floor":25},{"not_picked":["Deadly Poison","Slice"],"picked":"Masterful Stab","floor":27},{"not_picked":["Calculated Gamble","Slice"],"picked":"Dash","floor":28},{"not_picked":["Prepared","Deflect"],"picked":"Dagger Throw+1","floor":30}],"player_experience":78636,"relics_obtained":[{"floor":8,"key":"Gremlin Horn"},{"floor":9,"key":"Happy Flower"},{"floor":13,"key":"Centennial Puzzle"},{"floor":21,"key":"Vajra"},{"floor":24,"key":"Mummified Hand"},{"floor":26,"key":"Bag of Marbles"},{"floor":29,"key":"Anchor"}],"event_choices":[{"damage_healed":0,"gold_gain":0,"player_choice":"Ignored","damage_taken":0,"max_hp_gain":0,"max_hp_loss":0,"event_name":"Liars Game","floor":7,"gold_loss":0},{"damage_healed":0,"gold_gain":0,"player_choice":"Grow","damage_taken":0,"max_hp_gain":0,"max_hp_loss":0,"event_name":"Living Wall","floor":10,"gold_loss":0,"cards_upgraded":["Dagger Spray"]},{"damage_healed":0,"gold_gain":100,"player_choice":"Pray","damage_taken":0,"max_hp_gain":0,"max_hp_loss":0,"event_name":"Golden Shrine","floor":19,"gold_loss":0},{"damage_healed":0,"gold_gain":0,"player_choice":"Relic","damage_taken":0,"max_hp_gain":0,"max_hp_loss":0,"event_name":"Wheel of Change","floor":29,"gold_loss":0}],"is_beta":false,"boss_relics":[{"not_picked":["Busted Crown","Ectoplasm"],"picked":"Orrery"}],"items_purged_floors":[],"is_endless":false,"potions_floor_spawned":[1,2,4,8,14,24,25,30],"killed_by":"Sentry and Sphere","ascension_level":0}