{"gold_per_floor":[113,133,151,151,162,162,172,205,205,222,222,255,255,82,82,181,181,191,80,91,103,103,128,128,159,232,132,132,143,153,33,33,135,135,147,7,26,26,46,46,56,56,135,135,135],"floor_reached":45,"playtime":2136,"items_purged":["Strike_R","Strike_R","Strike_R","Defend_R","Strike_R"],"score":543,"play_id":"87730c32-46cf-4abd-ac6d-0141f28dcef3","local_time":"20190206011032","is_ascension_mode":true,"campfire_choices":[{"data":"Armaments","floor":6,"key":"SMITH"},{"data":"Bash","floor":11,"key":"SMITH"},{"data":"Inflame","floor":13,"key":"SMITH"},{"data":"Limit Break","floor":15,"key":"SMITH"},{"data":"Fiend Fire","floor":24,"key":"SMITH"},{"data":"Dark Embrace","floor":28,"key":"SMITH"},{"floor":32,"key":"REST"},{"data":"Impatience","floor":40,"key":"SMITH"},{"data":"Infernal Blade","floor":42,"key":"SMITH"}],"neow_cost":"NONE","seed_source_timestamp":162158638842075,"circlet_count":0,"master_deck":["Defend_R","Defend_R","Bash+1","Impatience+1","Dropkick","Infernal Blade+1","Armaments+1","Flame Barrier","Fiend Fire+1","Power Through","Inflame+1","Limit Break+1","Dark Embrace+1","Ghostly Armor","Dropkick","Shrug It Off+1","Feed"],"relics":["Burning Blood","Potion Belt","The Courier","FossilizedHelix","Sozu","Pantograph","Dream Catcher","Sundial","Empty Cage","Meat on the Bone"],"potions_floor_usage":[12,22,23],"damage_taken":[{"damage":5,"enemies":"Small Slimes","floor":1,"turns":4},{"damage":1,"enemies":"Cultist","floor":2,"turns":3},{"damage":0,"enemies":"Jaw Worm","floor":3,"turns":1},{"damage":17,"enemies":"Large Slime","floor":5,"turns":4},{"damage":8,"enemies":"2 Fungi Beasts","floor":7,"turns":4},{"damage":11,"enemies":"3 Sentries","floor":8,"turns":11},{"damage":0,"enemies":"Exordium Wildlife","floor":10,"turns":3},{"damage":18,"enemies":"Lagavulin","floor":12,"turns":3},{"damage":0,"enemies":"Slime Boss","floor":16,"turns":6},{"damage":0,"enemies":"Chosen","floor":18,"turns":5},{"damage":9,"enemies":"3 Byrds","floor":20,"turns":6},{"damage":9,"enemies":"Snecko","floor":21,"turns":6},{"damage":0,"enemies":"Cultist and Chosen","floor":22,"turns":6},{"damage":30,"enemies":"Slavers","floor":23,"turns":9},{"damage":14,"enemies":"Book of Stabbing","floor":25,"turns":7},{"damage":22,"enemies":"Shelled Parasite and Fungi","floor":29,"turns":6},{"damage":20,"enemies":"3 Cultists","floor":30,"turns":6},{"damage":61,"enemies":"Collector","floor":33,"turns":12},{"damage":0,"enemies":"3 Shapes","floor":35,"turns":9},{"damage":5,"enemies":"Orb Walker","floor":37,"turns":5},{"damage":37,"enemies":"Jaw Worm Horde","floor":39,"turns":5},{"damage":24,"enemies":"3 Darklings","floor":41,"turns":11},{"damage":39,"enemies":"Writhing Mass","floor":45,"turns":8}],"seed_played":"8133206660917293379","potions_obtained":[{"floor":1,"key":"PowerPotion"},{"floor":3,"key":"SmokeBomb"},{"floor":5,"key":"Swift Potion"}],"is_trial":false,"path_per_floor":["M","M","M","?","M","R","M","E","T","M","R","E","R","$","R","B",null,"M","$","M","M","M","E","R","E","T","$","R","M","M","$","R","B",null,"M","$","M","?","M","R","M","R","T","$","M"],"character_chosen":"IRONCLAD","items_purchased":["Limit Break","Dropkick"],"campfire_rested":1,"item_purchase_floors":[14,19],"current_hp_per_floor":[80,80,80,72,61,61,59,54,54,60,60,48,48,48,48,54,80,80,80,77,74,80,56,56,48,48,48,48,32,18,18,42,12,80,84,84,84,84,56,56,38,38,38,38,0],"gold":135,"neow_bonus":"RANDOM_COLORLESS","is_prod":false,"is_daily":false,"chose_seed":false,"campfire_upgraded":8,"win_rate":0,"timestamp":1549444232,"path_taken":["M","M","M","?","M","R","M","E","T","?","R","E","R","$","R","BOSS","M","$","M","M","M","E","R","E","T","$","R","M","M","$","R","BOSS","M","$","M","?","M","R","M","R","T","$","?"],"build_version":"2019-01-23","purchased_purges":5,"victory":false,"max_hp_per_floor":[80,80,80,80,80,80,80,80,80,80,80,80,80,80,80,80,80,80,80,80,80,80,80,80,80,80,80,80,80,80,80,80,80,80,84,84,84,84,87,87,87,87,87,87,87],"card_choices":[{"not_picked":["Power Through","Headbutt"],"picked":"Dropkick","floor":1},{"not_picked":["Perfected Strike","Hemokinesis"],"picked":"Infernal Blade","floor":2},{"not_picked":["Havoc","Entrench"],"picked":"Armaments","floor":3},{"not_picked":["Perfected Strike","Body Slam","Iron Wave"],"picked":"SKIP","floor":5},{"not_picked":["Armaments","Twin Strike"],"picked":"Flame Barrier","floor":7},{"not_picked":["Pommel Strike","Shockwave"],"picked":"Fiend Fire","floor":8},{"not_picked":["Havoc","Armaments"],"picked":"Power Through","floor":10},{"not_picked":["Pommel Strike","Wild Strike"],"picked":"Inflame","floor":12},{"not_picked":["Brutality","Berserk"],"picked":"Dark Embrace","floor":16},{"not_picked":["Pommel Strike","Clash+1"],"picked":"Ghostly Armor","floor":18},{"not_picked":["Power Through+1","Havoc"],"picked":"Shrug It Off+1","floor":20},{"not_picked":["Blood for Blood","Body Slam","Anger"],"picked":"SKIP","floor":21},{"not_picked":["Immolate","Inflame","Cleave+1"],"picked":"SKIP","floor":23},{"not_picked":["Carnage","Entrench+1","Warcry"],"picked":"SKIP","floor":25},{"not_picked":["Iron Wave+1","Havoc","Body Slam"],"picked":"SKIP","floor":29},{"not_picked":["Twin Strike+1","Anger","Clothesline"],"picked":"SKIP","floor":30},{"not_picked":["Barricade","Demon Form"],"picked":"Feed","floor":33},{"not_picked":["Iron Wave","Cleave","Heavy Blade+1"],"picked":"SKIP","floor":35},{"not_picked":["Inflame","Whirlwind","Havoc+1"],"picked":"SKIP","floor":37},{"not_picked":["Ghostly Armor+1","Limit Break","Rupture"],"picked":"SKIP","floor":39},{"not_picked":["Armaments","Shrug It Off","Evolve"],"picked":"SKIP","floor":41}],"player_experience":1034839,"relics_obtained":[{"floor":8,"key":"Potion Belt"},{"floor":9,"key":"The Courier"},{"floor":12,"key":"FossilizedHelix"},{"floor":23,"key":"Pantograph"},{"floor":25,"key":"Dream Catcher"},{"floor":26,"key":"Sundial"},{"floor":43,"key":"Meat on the Bone"}],"event_choices":[{"damage_healed":0,"gold_gain":0,"player_choice":"Damaged","damage_taken":8,"max_hp_gain":0,"max_hp_loss":0,"event_name":"Wheel of Change","floor":4,"gold_loss":0},{"damage_healed":0,"gold_gain":0,"player_choice":"Leave","damage_taken":0,"max_hp_gain":0,"max_hp_loss":0,"event_name":"FaceTrader","floor":38,"gold_loss":0}],"is_beta":true,"boss_relics":[{"not_picked":["Runic Pyramid","Eternal Feather"],"picked":"Sozu"},{"not_picked":["Black Star","Fusion Hammer"],"picked":"Empty Cage"}],"items_purged_floors":[14,19,27,31,36],"is_endless":false,"potions_floor_spawned":[1,3,5,22,23,25,29,33,35,41],"killed_by":"Writhing Mass","ascension_level":1}