{"gold_per_floor":[114,114,114,129,51,81,81,111,136,151,166,196,211,241,241,341,341,356,281,296,8,8,8,23,53,103,133,33,63,78,108,108,208,208,223,223,555,2,2,32,32,62,62,92,107,107,137,152,152,152],"floor_reached":51,"playtime":3138,"items_purged":["Defend_G","Defend_G"],"score":1169,"play_id":"e7cba66b-a642-4dcb-97be-5c2b59f8e08b","local_time":"20180831102559","daily_mods":["Specialized","Elite Swarm","Night Terrors"],"is_ascension_mode":false,"campfire_choices":[{"data":"Corpse Explosion","floor":7,"key":"SMITH"},{"data":"Backflip","floor":15,"key":"SMITH"},{"data":"Bullet Time","floor":23,"key":"SMITH"},{"floor":32,"key":"REST"},{"floor":41,"key":"REST"},{"floor":49,"key":"REST"}],"neow_cost":"","seed_source_timestamp":0,"circlet_count":0,"master_deck":["Defend_G","Defend_G","Strike_G","Strike_G","Strike_G","Survivor","Neutralize","Venomology","Venomology","Venomology","Venomology","Dash","Flying Knee","Backflip+1","Quick Slash","Corpse Explosion+1","Adrenaline","Backflip","Adrenaline","Glass Knife","Backstab","Adrenaline","Bullet Time+1","Underhanded Strike+1","Prepared+1","Tools of the Trade+1","Infinite Blades","Skewer+1","Poisoned Stab","Deadly Poison","Escape Plan","Glass Knife","Die Die Die","Envenom+1","Deadly Poison+1","Venomology+1","Corpse Explosion+1","Backflip+1","Violence+1","Master of Strategy+1","Trip+1","Mind Blast","Die Die Die","Madness+1","Madness+1","Night Terror+1","Choke+1","Venomology+1","Bullet Time+1","Deadly Poison+1","Envenom+1","Bouncing Flask+1"],"special_seed":17774,"relics":["Ring of the Snake","Question Card","Pear","The Specimen","Vajra","Blood Vial","Art of War","Astrolabe","Tiny Chest","Frozen Egg 2","Oddly Smooth Stone","Toxic Egg 2","Snake Skull","Orichalcum","Old Coin","Unceasing Top","Dream Catcher","Omamori","Centennial Puzzle","Blue Candle","Sundial","Lantern"],"potions_floor_usage":[1,1,4,4,6,6,6,6,6,6,8,8,8,8,10,11,11,12,12,12,12,14,16,16,16,16,16,18,18,18,18,18,20,24,24,24,25,25,25,27,27,27,29,30,30,30,30,30,31,31,33,33,33,33,33,33,35,35,37,37,37,42,42,42,42,42,44,44,44,44,44,44,45,48,50,50,50,50,50,50,50,50],"damage_taken":[{"damage":7,"enemies":"2 Louse","floor":1,"turns":3},{"damage":0,"enemies":"Small Slimes","floor":4,"turns":4},{"damage":0,"enemies":"Lagavulin","floor":6,"turns":7},{"damage":4,"enemies":"3 Sentries","floor":8,"turns":8},{"damage":0,"enemies":"Cultist","floor":10,"turns":3},{"damage":0,"enemies":"2 Fungi Beasts","floor":11,"turns":2},{"damage":0,"enemies":"Lagavulin","floor":12,"turns":5},{"damage":0,"enemies":"Gremlin Gang","floor":13,"turns":1},{"damage":0,"enemies":"3 Sentries","floor":14,"turns":1},{"damage":0,"enemies":"The Guardian","floor":16,"turns":8},{"damage":2,"enemies":"2 Thieves","floor":18,"turns":3},{"damage":10,"enemies":"3 Byrds","floor":20,"turns":2},{"damage":2,"enemies":"Cultist and Chosen","floor":24,"turns":4},{"damage":0,"enemies":"Gremlin Leader","floor":25,"turns":3},{"damage":27,"enemies":"Slavers","floor":27,"turns":3},{"damage":1,"enemies":"Book of Stabbing","floor":29,"turns":2},{"damage":0,"enemies":"Snake Plant","floor":30,"turns":3},{"damage":25,"enemies":"Gremlin Leader","floor":31,"turns":5},{"damage":40,"enemies":"Automaton","floor":33,"turns":7},{"damage":0,"enemies":"Orb Walker","floor":35,"turns":3},{"damage":13,"enemies":"Mysterious Sphere","floor":37,"turns":2},{"damage":27,"enemies":"Nemesis","floor":40,"turns":5},{"damage":0,"enemies":"Giant Head","floor":42,"turns":6},{"damage":35,"enemies":"Nemesis","floor":44,"turns":7},{"damage":0,"enemies":"3 Shapes","floor":45,"turns":1},{"damage":0,"enemies":"2 Orb Walkers","floor":47,"turns":1},{"damage":0,"enemies":"3 Darklings","floor":48,"turns":1},{"damage":34,"enemies":"Donu and Deca","floor":50,"turns":4}],"seed_played":"-8244340238949798716","potions_obtained":[{"floor":4,"key":"EssenceOfSteel"},{"floor":10,"key":"PowerPotion"},{"floor":14,"key":"EssenceOfSteel"},{"floor":18,"key":"AttackPotion"},{"floor":24,"key":"PowerPotion"},{"floor":33,"key":"GhostInAJar"},{"floor":37,"key":"Fire Potion"},{"floor":44,"key":"GamblersBrew"},{"floor":48,"key":"Fire Potion"}],"is_trial":false,"path_per_floor":["M","?","?","M","$","E","R","E","T","M","M","E","M","E","R","B",null,"M","?","M","$","$","R","M","E","T","E","$","E","M","E","R","B",null,"M","?","?","$","?","E","R","E","T","E","M","T","E","M","R","B"],"character_chosen":"THE_SILENT","items_purchased":["Backflip","Quick Slash","Tiny Chest","Poisoned Stab","Deadly Poison","Mind Blast","Unceasing Top","Die Die Die"],"campfire_rested":3,"item_purchase_floors":[5,5,21,21,21,38,38,38],"current_hp_per_floor":[63,60,70,70,70,80,80,76,76,76,76,76,78,80,80,80,80,78,78,70,70,70,70,80,80,80,53,53,54,56,48,75,35,75,75,65,54,54,45,20,70,70,70,35,37,37,39,41,65,31],"gold":152,"neow_bonus":"","is_prod":false,"is_daily":true,"chose_seed":false,"campfire_upgraded":3,"win_rate":0.0,"timestamp":1535703959,"path_taken":["M","?","?","M","$","E","R","E","T","M","M","E","?","E","R","BOSS","M","?","?","?","$","R","M","E","T","E","?","E","?","E","R","BOSS","M","?","?","$","?","E","R","E","T","E","M","?","E","M","R","BOSS"],"build_version":"2018-08-30","purchased_purges":2,"victory":true,"max_hp_per_floor":[70,70,70,70,70,80,80,80,80,80,80,80,80,80,80,80,80,80,80,80,80,80,80,80,80,80,80,80,80,80,80,75,75,75,75,75,75,75,75,75,70,70,70,70,70,70,70,70,65,65],"card_choices":[{"not_picked":["Flechettes","Blade Dance"],"picked":"Dash","floor":1},{"not_picked":["Deflect","Finisher","Crippling Poison"],"picked":"Flying Knee","floor":4},{"not_picked":["A Thousand Cuts","Envenom","Venomology"],"picked":"Corpse Explosion","floor":6},{"not_picked":["Night Terror","Unload","Burst"],"picked":"Adrenaline","floor":8},{"not_picked":["Acrobatics","Concentrate","Sucker Punch"],"picked":"Backflip","floor":10},{"not_picked":["Concentrate","Choke","Prepared"],"picked":"Adrenaline","floor":11},{"not_picked":["Phantasmal Killer","Venomology","Corpse Explosion"],"picked":"Glass Knife","floor":12},{"not_picked":["Flying Knee","Slice","Underhanded Strike"],"picked":"Backstab","floor":13},{"not_picked":["Phantasmal Killer","Doppelganger","Bullet Time"],"picked":"Adrenaline","floor":14},{"not_picked":["Corpse Explosion","Venomology","Doppelganger"],"picked":"Bullet Time","floor":16},{"not_picked":["Blade Dance","Acrobatics+1","Well Laid Plans"],"picked":"Infinite Blades","floor":18},{"not_picked":["Distraction","Dagger Throw","Accuracy+1"],"picked":"Skewer+1","floor":20},{"not_picked":["Outmaneuver","Dodge and Roll+1","Reflex"],"picked":"Escape Plan","floor":24},{"not_picked":["Unload","Storm of Steel","Malaise"],"picked":"Glass Knife","floor":25},{"not_picked":["Corpse Explosion","Venomology","Doppelganger"],"picked":"Die Die Die","floor":27},{"not_picked":["Glass Knife","Night Terror+1","Malaise+1"],"picked":"Envenom+1","floor":29},{"not_picked":["Blade Dance+1","Bane+1","PiercingWail+1"],"picked":"Deadly Poison+1","floor":30},{"not_picked":["Bullet Time+1","Tools of the Trade+1","Corpse Explosion+1"],"picked":"Venomology+1","floor":31},{"not_picked":["After Image+1","Storm of Steel+1","Burst+1"],"picked":"Corpse Explosion+1","floor":33},{"not_picked":["Endless Agony","PiercingWail+1","Dagger Spray"],"picked":"Backflip+1","floor":35},{"not_picked":["Blind+1","HandOfGreed","PanicButton+1"],"picked":"Violence+1","floor":36},{"not_picked":["Forethought+1","Mayhem+1","Bandage Up+1"],"picked":"Master of Strategy+1","floor":36},{"not_picked":["Bandage Up+1","Good Instincts+1","Dramatic Entrance"],"picked":"Trip+1","floor":36},{"not_picked":["Burst+1","Phantasmal Killer+1","Corpse Explosion+1"],"picked":"Night Terror+1","floor":40},{"not_picked":["Crippling Poison+1","PiercingWail+1","Dodge and Roll+1"],"picked":"Choke+1","floor":41},{"not_picked":["Wraith Form v2+1","After Image+1","Die Die Die"],"picked":"Venomology+1","floor":42},{"not_picked":["A Thousand Cuts+1","Doppelganger+1","Wraith Form v2+1"],"picked":"Bullet Time+1","floor":44},{"not_picked":["Quick Slash+1","Masterful Stab","Underhanded Strike"],"picked":"Deadly Poison+1","floor":45},{"not_picked":["Glass Knife","Venomology+1","Grand Finale"],"picked":"Envenom+1","floor":47},{"not_picked":["Setup+1","Dash","Eviscerate+1"],"picked":"Bouncing Flask+1","floor":48}],"player_experience":84806,"relics_obtained":[{"floor":6,"key":"Pear"},{"floor":8,"key":"The Specimen"},{"floor":9,"key":"Vajra"},{"floor":12,"key":"Blood Vial"},{"floor":14,"key":"Art of War"},{"floor":25,"key":"Frozen Egg 2"},{"floor":26,"key":"Oddly Smooth Stone"},{"floor":27,"key":"Toxic Egg 2"},{"floor":29,"key":"Snake Skull"},{"floor":31,"key":"Orichalcum"},{"floor":37,"key":"Old Coin"},{"floor":40,"key":"Dream Catcher"},{"floor":42,"key":"Omamori"},{"floor":43,"key":"Centennial Puzzle"},{"floor":44,"key":"Blue Candle"},{"floor":46,"key":"Sundial"},{"floor":47,"key":"Lantern"}],"event_choices":[{"event_name":"Scrap Ooze","player_choice":"success","floor":2,"damage_taken":3},{"event_name":"Wheel of Change","player_choice":"Full Heal","floor":3,"damage_taken":0},{"event_name":"Beggar","player_choice":"Gave Gold","floor":19,"damage_taken":0},{"event_name":"SensoryStone","player_choice":"Memory 3","floor":36,"damage_taken":0},{"event_name":"Mysterious Sphere","player_choice":"Fight","floor":37,"damage_taken":0},{"event_name":"Winding Halls","player_choice":"Embrace Madness","floor":39,"damage_taken":0}],"is_beta":true,"boss_relics":[{"not_picked":["Pandora\u0027s Box","Velvet Choker"],"picked":"Astrolabe"},{"not_picked":["HoveringKite","Philosopher\u0027s Stone","Snecko Eye"]}],"items_purged_floors":[21,28],"is_endless":false,"potions_floor_spawned":[4,10,12,14,18,24,33,37,40,44,48],"ascension_level":0}