{"gold_per_floor":[117,130,130,149,149,180,180,207,262,41,41],"floor_reached":11,"playtime":386,"items_purged":[],"score":97,"play_id":"80795cb6-5c7a-435f-b5ac-a6ae10da7027","local_time":"20181221014123","is_ascension_mode":true,"campfire_choices":[{"floor":7,"key":"REST"}],"neow_cost":"NONE","seed_source_timestamp":193746583364623,"circlet_count":0,"master_deck":["Strike_R","Strike_R","Strike_R","Strike_R","Strike_R","Defend_R","Defend_R","Defend_R","Defend_R","Bash","Flame Barrier","Pommel Strike","Rampage","Immolate","Combust"],"relics":["Burning Blood","NeowsBlessing","Question Card","Regal Pillow","Vajra"],"potions_floor_usage":[8,11,11],"damage_taken":[{"damage":0,"enemies":"Small Slimes","floor":1,"turns":1},{"damage":0,"enemies":"Cultist","floor":2,"turns":1},{"damage":0,"enemies":"2 Louse","floor":4,"turns":1},{"damage":32,"enemies":"Gremlin Nob","floor":6,"turns":4},{"damage":57,"enemies":"3 Sentries","floor":8,"turns":12},{"damage":36,"enemies":"Lagavulin","floor":11,"turns":5}],"seed_played":"2178000465542193773","potions_obtained":[{"floor":1,"key":"Dexterity Potion"},{"floor":2,"key":"BloodPotion"},{"floor":6,"key":"Block Potion"},{"floor":8,"key":"Swift Potion"}],"is_trial":false,"path_per_floor":["M","M","?","M","?","E","R","E","T","$","E"],"character_chosen":"IRONCLAD","items_purchased":["Vajra","Combust"],"campfire_rested":1,"item_purchase_floors":[10,10],"current_hp_per_floor":[80,80,80,80,80,54,78,27,27,27,0],"gold":41,"neow_bonus":"THREE_ENEMY_KILL","is_prod":false,"is_daily":false,"chose_seed":false,"campfire_upgraded":0,"win_rate":0,"timestamp":1545374483,"path_taken":["M","M","?","M","?","E","R","E","T","$","E"],"build_version":"2018-12-20","purchased_purges":0,"victory":false,"max_hp_per_floor":[80,80,80,80,80,80,80,80,80,80,80],"card_choices":[{"not_picked":["Twin Strike","Warcry"],"picked":"Flame Barrier","floor":1},{"not_picked":["Flex","Cleave"],"picked":"Pommel Strike","floor":2},{"not_picked":["Twin Strike","Spot Weakness"],"picked":"True Grit","floor":4},{"not_picked":["Sword Boomerang","Pommel Strike"],"picked":"Rampage","floor":6},{"not_picked":["Cleave","Evolve","Wild Strike"],"picked":"Immolate","floor":8}],"player_experience":216672,"relics_obtained":[{"floor":6,"key":"Question Card"},{"floor":8,"key":"Regal Pillow"}],"event_choices":[{"damage_healed":0,"gold_gain":0,"player_choice":"Leave","damage_taken":0,"max_hp_gain":0,"max_hp_loss":0,"event_name":"The Cleric","floor":3,"gold_loss":0},{"cards_removed":["True Grit"],"damage_healed":5,"gold_gain":0,"player_choice":"Offered Common","damage_taken":0,"max_hp_gain":0,"max_hp_loss":0,"event_name":"Bonfire Elementals","floor":5,"gold_loss":0},{"cards_removed":["True Grit"],"damage_healed":5,"gold_gain":0,"player_choice":"Offered Special","damage_taken":0,"max_hp_gain":0,"max_hp_loss":0,"event_name":"Bonfire Elementals","floor":5,"gold_loss":0}],"is_beta":false,"boss_relics":[],"items_purged_floors":[],"is_endless":false,"potions_floor_spawned":[1,2,6,8],"killed_by":"Lagavulin","ascension_level":4}