{"gold_per_floor":[112,125,138,157,157,157,157,500,582,757,103,118,118,162,162,283,283,297,297,297,309,325,358,374,374,374,19,19,52,52,72,72,174,174,191,202,202,222,70,101,24,41,41,68,68,101,113,113,113,113],"floor_reached":50,"playtime":2289,"items_purged":["Doubt"],"score":766,"play_id":"31821288-8e79-4069-a254-010483eeb8d8","local_time":"20190203222822","is_ascension_mode":true,"campfire_choices":[{"floor":7.0,"key":"REST"},{"floor":13.0,"key":"REST"},{"floor":15.0,"key":"REST"},{"data":"Double Energy","floor":28.0,"key":"SMITH"},{"data":"Sunder","floor":30.0,"key":"SMITH"},{"floor":32.0,"key":"REST"},{"data":"Rainbow","floor":45.0,"key":"SMITH"},{"floor":49.0,"key":"REST"}],"neow_cost":"PERCENT_DAMAGE","seed_source_timestamp":0,"circlet_count":0,"master_deck":["Strike_B","Strike_B","Strike_B","Strike_B","Defend_B","Defend_B","Defend_B","Defend_B","Zap","Dualcast+1","Go for the Eyes","Darkness","Go for the Eyes","Streamline","FTL","Sunder+1","Double Energy+1","Reboot+1","Rainbow+1","Aggregate","Gash+1","Compile Driver+1","Buffer","Turbo","Conserve Battery","Beam Cell","Reboot","Sweeping Beam+1","Sweeping Beam","White Noise","Storm+1","Heatsinks","Redo+1","Gash+1","Auto Shields+1","Rebound+1","Flash of Steel"],"special_seed":0,"relics":["Cracked Core","Bloody Idol","Old Coin","Pear","Bag of Marbles","Omamori","ClockworkSouvenir","Potion Belt","Philosopher\u0027s Stone","Kunai","Smiling Mask","Bronze Scales","Lee\u0027s Waffle","PreservedInsect","Ancient Tea Set","Nuclear Battery","Pen Nib","Bottled Flame","Letter Opener","War Paint","Whetstone"],"potions_floor_usage":[],"damage_taken":[{"damage":9.0,"enemies":"2 Louse","floor":1.0,"turns":2.0},{"damage":2.0,"enemies":"Jaw Worm","floor":2.0,"turns":3.0},{"damage":1.0,"enemies":"Cultist","floor":3.0,"turns":3.0},{"damage":9.0,"enemies":"Looter","floor":4.0,"turns":3.0},{"damage":35.0,"enemies":"Gremlin Nob","floor":8.0,"turns":5.0},{"damage":8.0,"enemies":"Blue Slaver","floor":12.0,"turns":2.0},{"damage":19.0,"enemies":"Lagavulin","floor":14.0,"turns":6.0},{"damage":38.0,"enemies":"Slime Boss","floor":16.0,"turns":10.0},{"damage":14.0,"enemies":"Chosen","floor":18.0,"turns":3.0},{"damage":23.0,"enemies":"3 Byrds","floor":21.0,"turns":4.0},{"damage":22.0,"enemies":"Snake Plant","floor":22.0,"turns":4.0},{"damage":28.0,"enemies":"Gremlin Leader","floor":23.0,"turns":6.0},{"damage":20.0,"enemies":"Shelled Parasite and Fungi","floor":24.0,"turns":6.0},{"damage":20.0,"enemies":"Slavers","floor":29.0,"turns":4.0},{"damage":22.0,"enemies":"Snecko","floor":31.0,"turns":4.0},{"damage":105.0,"enemies":"Collector","floor":33.0,"turns":14.0},{"damage":3.0,"enemies":"Orb Walker","floor":35.0,"turns":3.0},{"damage":31.0,"enemies":"3 Shapes","floor":36.0,"turns":4.0},{"damage":0.0,"enemies":"Sphere and 2 Shapes","floor":38.0,"turns":3.0},{"damage":0.0,"enemies":"Giant Head","floor":40.0,"turns":5.0},{"damage":23.0,"enemies":"3 Darklings","floor":42.0,"turns":4.0},{"damage":16.0,"enemies":"Nemesis","floor":44.0,"turns":3.0},{"damage":14.0,"enemies":"Giant Head","floor":46.0,"turns":5.0},{"damage":19.0,"enemies":"Jaw Worm Horde","floor":47.0,"turns":3.0},{"damage":101,"enemies":"Time Eater","floor":50,"turns":8}],"seed_played":"4314385293476500011","potions_obtained":[{"floor":4.0,"key":"LiquidBronze"},{"floor":8.0,"key":"SteroidPotion"},{"floor":21.0,"key":"AttackPotion"},{"floor":24.0,"key":"Ancient Potion"},{"floor":31.0,"key":"Energy Potion"},{"floor":33.0,"key":"SkillPotion"},{"floor":35.0,"key":"Fire Potion"},{"floor":38.0,"key":"Fire Potion"},{"floor":40.0,"key":"PowerPotion"},{"floor":47.0,"key":"SteroidPotion"}],"is_trial":false,"path_per_floor":["M","M","M","M","?","?","R","E","T","?","$","M","R","E","R","B",null,"M","?","?","M","M","E","M","?","T","$","R","E","R","M","R","B",null,"M","M","?","M","$","E","$","M","T","E","R","E","M","?","R","B"],"character_chosen":"DEFECT","items_purchased":["Bag of Marbles","Omamori","ClockworkSouvenir","Sunder","Lee\u0027s Waffle","PreservedInsect","Pen Nib","Heatsinks"],"campfire_rested":5,"item_purchase_floors":[11,11,11,11,27,27,39,41],"current_hp_per_floor":[59,57,56,47,47,52,80,45,55,55,55,47,78,59,90,52,104,90,90,90,72,55,32,17,17,17,111,111,96,96,79,111,11,111,111,85,111,111,111,111,111,93,93,82,82,73,59,59,92,0],"gold":113,"neow_bonus":"TWENTY_PERCENT_HP_BONUS","is_prod":false,"is_daily":false,"chose_seed":false,"campfire_upgraded":3,"win_rate":0,"timestamp":1549204102,"path_taken":["M","M","M","M","?","?","R","E","T","?","?","?","R","E","R","BOSS","M","?","?","M","M","E","M","?","T","$","R","E","R","M","R","BOSS","M","M","?","M","$","E","?","?","T","E","R","E","M","?","R","BOSS"],"build_version":"2019-01-23","purchased_purges":1,"victory":false,"max_hp_per_floor":[89,89,89,89,89,94,94,94,104,104,104,104,104,104,104,104,104,104,104,104,104,104,104,104,104,104,111,111,111,111,111,111,111,111,111,111,111,111,111,111,111,111,111,111,111,111,111,111,111,111],"card_choices":[{"not_picked":["Leap","Compile Driver"],"picked":"Go for the Eyes","floor":1.0},{"not_picked":["Skim","Machine Learning"],"picked":"Darkness","floor":2.0},{"not_picked":["Coolheaded","Gash"],"picked":"Go for the Eyes","floor":3.0},{"not_picked":["Chaos","Skim"],"picked":"Streamline","floor":4.0},{"not_picked":["Buffer","Ball Lightning"],"picked":"FTL","floor":8.0},{"not_picked":["Consume","Barrage"],"picked":"Double Energy","floor":12.0},{"not_picked":["Seek","Cold Snap"],"picked":"Reboot","floor":14.0},{"not_picked":["Meteor Strike","Hyperbeam"],"picked":"Rainbow","floor":16.0},{"not_picked":["Hologram","Gash"],"picked":"Aggregate","floor":18.0},{"not_picked":["Lockon","Leap"],"picked":"Gash","floor":21.0},{"not_picked":["Genetic Algorithm","Rebound+1"],"picked":"Compile Driver+1","floor":22.0},{"not_picked":["Ball Lightning+1","Recycle"],"picked":"Buffer","floor":23.0},{"not_picked":["Hologram","Sweeping Beam+1"],"picked":"Turbo","floor":24.0},{"not_picked":["All For One","Coolheaded"],"picked":"Conserve Battery","floor":29.0},{"not_picked":["Rip and Tear+1","Barrage+1"],"picked":"Beam Cell","floor":31.0},{"not_picked":["Multi-Cast","Hyperbeam"],"picked":"Reboot","floor":33.0},{"not_picked":["Turbo","Leap+1"],"picked":"Sweeping Beam","floor":35.0},{"not_picked":["Fusion+1","Cold Snap"],"picked":"Sweeping Beam","floor":36.0},{"not_picked":["Stack","Double Energy"],"picked":"White Noise","floor":38.0},{"not_picked":["Sweeping Beam","Blizzard+1"],"picked":"Storm+1","floor":40.0},{"not_picked":["Hyperbeam","Ball Lightning"],"picked":"Redo+1","floor":42.0},{"not_picked":["Coolheaded+1","Sunder"],"picked":"Gash+1","floor":44.0},{"not_picked":["Lockon+1","Sweeping Beam+1"],"picked":"Auto Shields+1","floor":46.0},{"not_picked":["Leap","Scrape+1"],"picked":"Rebound+1","floor":47.0}],"player_experience":45180,"relics_obtained":[{"floor":8.0,"key":"Old Coin"},{"floor":9.0,"key":"Pear"},{"floor":14.0,"key":"Potion Belt"},{"floor":23.0,"key":"Smiling Mask"},{"floor":26.0,"key":"Bronze Scales"},{"floor":29.0,"key":"Ancient Tea Set"},{"floor":40.0,"key":"Bottled Flame"},{"floor":43.0,"key":"Letter Opener"},{"floor":44.0,"key":"War Paint"},{"floor":46.0,"key":"Whetstone"}],"event_choices":[{"damage_healed":0.0,"max_hp_gain":0.0,"max_hp_loss":0.0,"gold_gain":0.0,"event_name":"Golden Idol","player_choice":"Take Wound","floor":5.0,"gold_loss":0.0,"damage_taken":0.0,"relics_obtained":["Golden Idol"],"cards_obtained":["Injury"]},{"damage_healed":0.0,"max_hp_gain":5.0,"max_hp_loss":0.0,"gold_gain":0.0,"event_name":"Big Fish","player_choice":"Donut","floor":6.0,"gold_loss":0.0,"damage_taken":0.0},{"damage_healed":0.0,"max_hp_gain":0.0,"max_hp_loss":0.0,"gold_gain":175.0,"event_name":"Liars Game","player_choice":"AGREE","floor":10.0,"gold_loss":0.0,"damage_taken":0.0,"cards_obtained":["Doubt"]},{"damage_healed":0.0,"max_hp_gain":0.0,"max_hp_loss":0.0,"gold_gain":0.0,"event_name":"Forgotten Altar","player_choice":"Gave Idol","floor":19.0,"relics_lost":["Golden Idol"],"gold_loss":0.0,"damage_taken":0.0,"relics_obtained":["Bloody Idol"]},{"damage_healed":0.0,"max_hp_gain":0.0,"max_hp_loss":0.0,"gold_gain":0.0,"event_name":"The Mausoleum","player_choice":"Opened","floor":20.0,"gold_loss":0.0,"damage_taken":0.0,"relics_obtained":["Kunai"],"cards_obtained":["Writhe"]},{"cards_removed":["Injury"],"damage_healed":0.0,"max_hp_gain":0.0,"max_hp_loss":0.0,"gold_gain":0.0,"event_name":"Fountain of Cleansing","player_choice":"Removed Curses","floor":25.0,"gold_loss":0.0,"damage_taken":0.0},{"damage_healed":28.0,"max_hp_gain":0.0,"max_hp_loss":0.0,"gold_gain":0.0,"event_name":"Winding Halls","player_choice":"Writhe","floor":37.0,"gold_loss":0.0,"damage_taken":0.0,"cards_obtained":["Writhe"]},{"damage_healed":0.0,"max_hp_gain":0.0,"max_hp_loss":0.0,"gold_gain":0.0,"event_name":"Match and Keep!","player_choice":"1 cards matched","floor":48.0,"gold_loss":0.0,"damage_taken":0.0,"cards_obtained":["Flash of Steel"]}],"is_beta":false,"boss_relics":[{"not_picked":["Velvet Choker","Snecko Eye"],"picked":"Philosopher\u0027s Stone"},{"not_picked":["Empty Cage","Orrery"],"picked":"Nuclear Battery"}],"items_purged_floors":[11],"is_endless":false,"potions_floor_spawned":[4,8,21,24,31,33,35,38,40,47],"killed_by":"Time Eater","ascension_level":2}