{"gold_per_floor":[109,123,142,112,125,125,7,7,7,7,41,65,91,137,149,161],"floor_reached":16,"playtime":586,"items_purged":["Strike_R"],"score":224,"play_id":"8f078281-13a6-4538-ac4b-e156d8bb420e","local_time":"20181203233623","is_ascension_mode":true,"campfire_choices":[{"data":"Uppercut","floor":6,"key":"SMITH"},{"data":"Disarm","floor":8,"key":"SMITH"},{"data":"Armaments","floor":15,"key":"SMITH"}],"neow_cost":"NONE","seed_source_timestamp":942873927037912,"circlet_count":0,"master_deck":["AscendersBane","Strike_R","Strike_R","Strike_R","Strike_R","Defend_R","Defend_R","Defend_R","Defend_R","Bash","Carnage","Whirlwind","Iron Wave","Uppercut+1","Disarm+1","Fiend Fire","Power Through","Armaments+1","Uppercut"],"relics":["Burning Blood","NeowsBlessing","Gremlin Horn","MawBank","Incense Burner"],"potions_floor_usage":[5,16],"damage_taken":[{"damage":0,"enemies":"Cultist","floor":1,"turns":1},{"damage":0,"enemies":"Small Slimes","floor":2,"turns":1},{"damage":0,"enemies":"2 Louse","floor":3,"turns":1},{"damage":0,"enemies":"Gremlin Gang","floor":5,"turns":1},{"damage":29,"enemies":"Lagavulin","floor":11,"turns":5},{"damage":0,"enemies":"Exordium Wildlife","floor":12,"turns":3},{"damage":1,"enemies":"Lots of Slimes","floor":13,"turns":3},{"damage":17,"enemies":"3 Sentries","floor":14,"turns":6},{"damage":56,"enemies":"Slime Boss","floor":16,"turns":13}],"seed_played":"4848459909266030333","potions_obtained":[{"floor":1,"key":"SteroidPotion"},{"floor":4,"key":"Swift Potion"},{"floor":11,"key":"Strength Potion"},{"floor":14,"key":"SmokeBomb"}],"is_trial":false,"path_per_floor":["M","M","M","?","M","R","$","R","T","$","E","M","M","E","R","B"],"character_chosen":"IRONCLAD","items_purchased":["Disarm"],"campfire_rested":0,"item_purchase_floors":[7],"current_hp_per_floor":[74,75,75,75,75,75,75,75,75,75,52,58,63,52,52,0],"gold":161,"neow_bonus":"THREE_ENEMY_KILL","is_prod":false,"is_daily":false,"chose_seed":false,"campfire_upgraded":3,"win_rate":0,"timestamp":1543908983,"path_taken":["M","M","?","?","M","R","$","R","T","$","E","?","M","E","R","BOSS"],"build_version":"2018-11-15","purchased_purges":1,"victory":false,"max_hp_per_floor":[75,75,75,75,75,75,75,75,75,75,75,75,75,75,75,75],"card_choices":[{"not_picked":["Evolve","Headbutt"],"picked":"Carnage","floor":1},{"not_picked":["True Grit","Searing Blow"],"picked":"Whirlwind","floor":2},{"not_picked":["Clash","Twin Strike"],"picked":"Iron Wave","floor":3},{"not_picked":["Body Slam","Cleave"],"picked":"Uppercut","floor":5},{"not_picked":["Perfected Strike","Flame Barrier"],"picked":"Fiend Fire","floor":11},{"not_picked":["Headbutt","Wild Strike"],"picked":"Power Through","floor":12},{"not_picked":["Sword Boomerang","Anger"],"picked":"Armaments","floor":13},{"not_picked":["Wild Strike","Thunderclap"],"picked":"Uppercut","floor":14}],"player_experience":958719,"relics_obtained":[{"floor":9,"key":"Gremlin Horn"},{"floor":11,"key":"MawBank"},{"floor":14,"key":"Incense Burner"}],"event_choices":[{"damage_healed":0,"gold_gain":0,"player_choice":"Bought 2 Potions","damage_taken":0,"max_hp_gain":0,"max_hp_loss":0,"event_name":"The Woman in Blue","floor":4,"gold_loss":0}],"is_beta":true,"boss_relics":[],"items_purged_floors":[7],"is_endless":false,"potions_floor_spawned":[1,11,14],"killed_by":"Slime Boss","ascension_level":20}