{"gold_per_floor":[109,109,176,186,236,236,253,253,279,308,308,318,75,125,125,125],"floor_reached":16,"playtime":422,"items_purged":["Strike_B"],"score":200,"play_id":"6f3de2ca-8d2f-4bef-846e-4569fee7a29b","local_time":"20190205082827","is_ascension_mode":true,"campfire_choices":[{"data":"Glacier","floor":6.0,"key":"SMITH"},{"data":"Zap","floor":8.0,"key":"SMITH"},{"data":"Static Discharge","floor":11,"key":"SMITH"},{"data":"Defend_B","floor":15,"key":"SMITH"}],"neow_cost":"NONE","seed_source_timestamp":484602817359870,"circlet_count":0,"master_deck":["AscendersBane","Strike_B","Strike_B","Strike_B","Defend_B+1","Defend_B+1","Defend_B+1","Defend_B","Zap+1","Dualcast+1","Sweeping Beam","Glacier+1","Leap+1","Ball Lightning+1","Static Discharge+1","Cold Snap"],"special_seed":0,"relics":["Cracked Core","NeowsBlessing","SsserpentHead","War Paint","Dream Catcher","Lantern"],"potions_floor_usage":[],"damage_taken":[{"damage":0.0,"enemies":"Jaw Worm","floor":1.0,"turns":1.0},{"damage":0.0,"enemies":"Cultist","floor":3.0,"turns":1.0},{"damage":0.0,"enemies":"Small Slimes","floor":4.0,"turns":1.0},{"damage":0.0,"enemies":"2 Fungi Beasts","floor":7.0,"turns":4.0},{"damage":6,"enemies":"Lagavulin","floor":10,"turns":8},{"damage":9,"enemies":"Large Slime","floor":12,"turns":5},{"damage":29,"enemies":"Slime Boss","floor":16,"turns":3}],"seed_played":"-1944555238317905018","potions_obtained":[{"floor":3.0,"key":"FearPotion"},{"floor":4.0,"key":"FocusPotion"}],"is_trial":false,"path_per_floor":["M","?","M","M","?","R","M","R","T","E","R","M","$","?","R","B"],"character_chosen":"DEFECT","items_purchased":["Lantern"],"campfire_rested":0,"item_purchase_floors":[13],"current_hp_per_floor":[64,64,64,64,43,43,43,43,43,37,37,28,28,28,28,0],"gold":125,"neow_bonus":"THREE_ENEMY_KILL","is_prod":false,"is_daily":false,"chose_seed":false,"campfire_upgraded":4,"win_rate":0,"timestamp":1549384107,"path_taken":["M","?","?","M","?","R","M","R","T","E","R","M","$","?","R","BOSS"],"build_version":"2019-01-23","purchased_purges":1,"victory":false,"max_hp_per_floor":[71,71,71,71,71,71,71,71,71,71,71,71,71,71,71,71],"card_choices":[{"not_picked":["Rebound","Conserve Battery"],"picked":"Sweeping Beam","floor":1.0},{"not_picked":["Compile Driver","Redo"],"picked":"Glacier","floor":3.0},{"not_picked":["Barrage","Sweeping Beam"],"picked":"Leap","floor":4.0},{"not_picked":["Hologram","Redo"],"picked":"Ball Lightning","floor":7.0},{"not_picked":["Compile Driver","Steam"],"picked":"Static Discharge","floor":10},{"not_picked":["Stack","BootSequence"],"picked":"Cold Snap","floor":12}],"player_experience":1817149,"relics_obtained":[{"floor":9.0,"key":"War Paint"},{"floor":10,"key":"Dream Catcher"}],"event_choices":[{"damage_healed":0.0,"max_hp_gain":0.0,"max_hp_loss":0.0,"gold_gain":0.0,"event_name":"FaceTrader","player_choice":"Trade","floor":2.0,"gold_loss":0.0,"damage_taken":0.0,"relics_obtained":["SsserpentHead"]},{"damage_healed":0.0,"max_hp_gain":0.0,"max_hp_loss":0.0,"gold_gain":0.0,"event_name":"Shining Light","player_choice":"Entered Light","floor":5.0,"gold_loss":0.0,"damage_taken":21.0,"cards_upgraded":["Dualcast","Defend_B"]},{"damage_healed":0,"gold_gain":0,"player_choice":"Grow","damage_taken":0,"max_hp_gain":0,"max_hp_loss":0,"event_name":"Living Wall","floor":14,"gold_loss":0,"cards_upgraded":["Ball Lightning"]}],"is_beta":false,"boss_relics":[],"items_purged_floors":[13],"is_endless":false,"potions_floor_spawned":[3,4,10],"killed_by":"Slime Boss","ascension_level":20}