{"gold_per_floor":[218,218,218,238,58,58,93,93,93,268,268,301,315,335,335,466,466,466,466,391,72,72,72,32,32,32,32,32,32,32,32,32,32,32,32,32,32,32,32,32,32,32,32,32,32,32,32,32,32,32],"floor_reached":51,"playtime":3979,"items_purged":["Strike_G"],"score":968,"play_id":"eaf6b463-203b-4e62-86ea-35a027638faf","local_time":"20190205154055","is_ascension_mode":true,"campfire_choices":[{"data":"Leg Sweep","floor":6,"key":"SMITH"},{"data":"Finisher","floor":8,"key":"SMITH"},{"data":"Blade Dance","floor":11,"key":"SMITH"},{"floor":15,"key":"REST"},{"data":"J.A.X.","floor":32,"key":"SMITH"},{"floor":41,"key":"REST"},{"floor":45,"key":"REST"},{"data":"Strike_G","floor":47,"key":"PURGE"},{"floor":49,"key":"REST"}],"neow_cost":"NONE","seed_source_timestamp":2160080147440314,"circlet_count":0,"master_deck":["Defend_G","Defend_G","Defend_G","Defend_G","Defend_G","Strike_G","Strike_G","Strike_G","Survivor","Neutralize","Blade Dance+1","Dodge and Roll","Infinite Blades+1","Leg Sweep+1","Finisher+1","Adrenaline","Quick Slash","Prepared","Dash","Tools of the Trade+1","Tactician+1","Well Laid Plans+1","PiercingWail","Footwork+1","Blur","J.A.X.+1","Adrenaline","Acrobatics","Infinite Blades+1","PiercingWail+1","Venomology","Dagger Throw+1","Footwork+1","Leg Sweep","Blade Dance+1"],"relics":["Ring of the Snake","Golden Idol","Frozen Egg 2","Pantograph","Bottled Flame","Odd Mushroom","Ectoplasm","Sling","Paper Crane","Centennial Puzzle","Bottled Tornado","Snake Skull","Question Card","HoveringKite","The Courier","Peace Pipe","Bronze Scales"],"potions_floor_usage":[14,23,23,35,35,39,40,40,42,42,42,50,50,50,50],"damage_taken":[{"damage":1,"enemies":"Small Slimes","floor":1,"turns":3},{"damage":0,"enemies":"Jaw Worm","floor":4,"turns":3},{"damage":11,"enemies":"Lagavulin","floor":7,"turns":9},{"damage":6,"enemies":"The Mushroom Lair","floor":12,"turns":5},{"damage":2,"enemies":"2 Louse","floor":13,"turns":3},{"damage":6,"enemies":"Large Slime","floor":14,"turns":8},{"damage":50,"enemies":"Hexaghost","floor":16,"turns":16},{"damage":10,"enemies":"Spheric Guardian","floor":18,"turns":6},{"damage":0,"enemies":"Book of Stabbing","floor":23,"turns":3},{"damage":10,"enemies":"Slavers","floor":25,"turns":5},{"damage":3,"enemies":"Gremlin Leader","floor":28,"turns":5},{"damage":0,"enemies":"Chosen","floor":29,"turns":5},{"damage":3,"enemies":"Sentry and Sphere","floor":30,"turns":5},{"damage":3,"enemies":"3 Cultists","floor":31,"turns":5},{"damage":24,"enemies":"Collector","floor":33,"turns":12},{"damage":15,"enemies":"3 Darklings","floor":35,"turns":8},{"damage":7,"enemies":"Orb Walker","floor":38,"turns":4},{"damage":3,"enemies":"Sphere and 2 Shapes","floor":39,"turns":7},{"damage":20,"enemies":"Reptomancer","floor":40,"turns":8},{"damage":11,"enemies":"Jaw Worm Horde","floor":42,"turns":3},{"damage":3,"enemies":"Nemesis","floor":44,"turns":5},{"damage":5,"enemies":"Maw","floor":48,"turns":8},{"damage":82,"enemies":"Donu and Deca","floor":50,"turns":15}],"seed_played":"3852965774143507375","potions_obtained":[{"floor":1,"key":"Ancient Potion"},{"floor":12,"key":"SkillPotion"},{"floor":14,"key":"Explosive Potion"},{"floor":16,"key":"Dexterity Potion"},{"floor":18,"key":"Fire Potion"},{"floor":23,"key":"Ancient Potion"},{"floor":30,"key":"Block Potion"},{"floor":38,"key":"LiquidBronze"},{"floor":40,"key":"SteroidPotion"},{"floor":44,"key":"Strength Potion"}],"is_trial":false,"path_per_floor":["M","?","T","M","$","R","E","R","T","?","R","?","M","M","R","B",null,"M","?","?","$","T","E","$","E","T","?","E","M","M","M","R","B",null,"M","?","$","M","M","E","R","M","T","E","R","$","R","M","R","B",null],"character_chosen":"THE_SILENT","items_purchased":["Infinite Blades+1","Leg Sweep","Finisher","Well Laid Plans+1","Sling","Footwork+1"],"campfire_rested":4,"item_purchase_floors":[5,5,5,21,21,24],"current_hp_per_floor":[69,52,52,52,52,52,41,41,41,41,41,35,33,27,48,20,70,60,60,60,60,60,60,60,50,50,50,47,47,44,41,41,42,70,55,55,55,48,45,25,46,35,35,32,53,53,53,48,69,3],"gold":32,"neow_bonus":"HUNDRED_GOLD","is_prod":false,"is_daily":false,"chose_seed":false,"campfire_upgraded":4,"win_rate":0,"timestamp":1549341655,"path_taken":["M","?","?","M","$","R","E","R","T","?","R","?","M","M","R","BOSS","M","?","?","$","?","E","$","E","T","?","E","M","M","M","R","BOSS","M","?","$","M","M","E","R","M","T","E","R","$","R","M","R","BOSS"],"build_version":"2019-01-23","purchased_purges":1,"victory":true,"max_hp_per_floor":[70,70,70,70,70,70,70,70,70,70,70,70,70,70,70,70,70,70,70,70,70,70,70,70,70,70,70,70,70,70,70,70,70,70,70,70,70,70,70,70,70,70,70,70,70,70,70,70,70,70],"card_choices":[{"not_picked":["Outmaneuver","Dodge and Roll"],"picked":"Blade Dance","floor":1},{"not_picked":["Deflect","Tactician"],"picked":"Dodge and Roll","floor":4},{"not_picked":["Deadly Poison","Masterful Stab"],"picked":"Adrenaline","floor":7},{"not_picked":["Catalyst","Sucker Punch"],"picked":"Quick Slash","floor":12},{"not_picked":["Dagger Spray","Reflex"],"picked":"Prepared","floor":13},{"not_picked":["Riddle With Holes","Blade Dance"],"picked":"Dash","floor":14},{"not_picked":["Malaise","Grand Finale"],"picked":"Tools of the Trade+1","floor":16},{"not_picked":["Underhanded Strike","Dagger Spray+1"],"picked":"Tactician+1","floor":18},{"not_picked":["Skewer","Eviscerate"],"picked":"PiercingWail","floor":23},{"not_picked":["Bouncing Flask","Setup"],"picked":"Blur","floor":25},{"not_picked":["Bouncing Flask+1","Dodge and Roll+1"],"picked":"Adrenaline","floor":28},{"not_picked":["PiercingWail","Catalyst","Expertise"],"picked":"Acrobatics","floor":29},{"not_picked":["PiercingWail+1","Eviscerate+1","Leg Sweep"],"picked":"Infinite Blades+1","floor":30},{"not_picked":["Poisoned Stab","Deadly Poison","Slice+1"],"picked":"PiercingWail+1","floor":31},{"not_picked":["Grand Finale","Wraith Form v2+1","Tools of the Trade+1"],"picked":"Venomology","floor":33},{"not_picked":["Underhanded Strike+1","Prepared","Escape Plan"],"picked":"Dagger Throw+1","floor":35},{"not_picked":["Skewer+1","Deflect+1","Dodge and Roll+1"],"picked":"Footwork+1","floor":38},{"not_picked":["Slice","Choke","Distraction+1"],"picked":"Leg Sweep","floor":39},{"not_picked":["Heel Hook","Riddle With Holes","Phantasmal Killer"],"picked":"Blade Dance+1","floor":40},{"not_picked":["PiercingWail","Deflect+1","Slice+1","Underhanded Strike+1"],"picked":"SKIP","floor":42},{"not_picked":["Blade Dance","Bullet Time","Acrobatics+1","Deflect"],"picked":"SKIP","floor":44},{"not_picked":["Bane","Backflip","Setup+1","Dagger Throw+1"],"picked":"SKIP","floor":48}],"player_experience":256771,"relics_obtained":[{"floor":3,"key":"Frozen Egg 2"},{"floor":7,"key":"Pantograph"},{"floor":9,"key":"Bottled Flame"},{"floor":12,"key":"Odd Mushroom"},{"floor":22,"key":"Paper Crane"},{"floor":23,"key":"Centennial Puzzle"},{"floor":25,"key":"Bottled Tornado"},{"floor":26,"key":"Snake Skull"},{"floor":28,"key":"Question Card"},{"floor":40,"key":"The Courier"},{"floor":43,"key":"Peace Pipe"},{"floor":44,"key":"Bronze Scales"}],"event_choices":[{"damage_healed":0,"gold_gain":0,"player_choice":"Take Damage","damage_taken":17,"relics_obtained":["Golden Idol"],"max_hp_gain":0,"max_hp_loss":0,"event_name":"Golden Idol","floor":2,"gold_loss":0},{"damage_healed":0,"gold_gain":175,"player_choice":"AGREE","damage_taken":0,"max_hp_gain":0,"max_hp_loss":0,"event_name":"Liars Game","floor":10,"gold_loss":0,"cards_obtained":["Doubt"]},{"damage_healed":0,"gold_gain":0,"player_choice":"Fought Mushrooms","damage_taken":0,"max_hp_gain":0,"max_hp_loss":0,"event_name":"Mushrooms","floor":12,"gold_loss":0},{"damage_healed":0,"gold_gain":0,"player_choice":"Ignored","damage_taken":0,"max_hp_gain":0,"max_hp_loss":0,"event_name":"Vampires","floor":19,"gold_loss":0},{"cards_removed":["Doubt"],"damage_healed":0,"gold_gain":0,"player_choice":"Gave Gold","damage_taken":0,"max_hp_gain":0,"max_hp_loss":0,"event_name":"Beggar","floor":20,"gold_loss":75},{"damage_healed":0,"gold_gain":0,"player_choice":"Obtain J.A.X.","damage_taken":0,"max_hp_gain":0,"max_hp_loss":0,"event_name":"Drug Dealer","floor":27,"gold_loss":0,"cards_obtained":["J.A.X."]},{"damage_healed":0,"gold_gain":0,"player_choice":"Ignored","damage_taken":0,"max_hp_gain":0,"max_hp_loss":0,"event_name":"The Moai Head","floor":36,"gold_loss":0}],"is_beta":false,"boss_relics":[{"not_picked":["Orrery","Runic Dome"],"picked":"Ectoplasm"},{"not_picked":["Black Star","Runic Pyramid"],"picked":"HoveringKite"}],"items_purged_floors":[21],"is_endless":false,"potions_floor_spawned":[1,12,14,16,18,23,30,38,40,44],"ascension_level":4}