{"gold_per_floor":[119,168,188,188,203,203,214,214,214,214,214,247,261,297,297,426,426,441,441,441,441,183,183,207,207,207,207,226,250,250,250,250,379,379,395,55,79,95,428,428,428,428,428,428,448,463,563,93,93,93,93,93,93,127,127],"floor_reached":55,"playtime":2500,"items_purged":["Strike_R","Strike_R","Strike_R"],"score":828,"play_id":"05c6dafe-a3fe-476f-91c3-6d4600d4ee0a","local_time":"20190201234407","is_ascension_mode":true,"campfire_choices":[{"data":"Armaments","floor":6,"key":"SMITH"},{"data":"Rampage","floor":8,"key":"SMITH"},{"data":"Bash","floor":11,"key":"SMITH"},{"data":"Barricade","floor":15,"key":"SMITH"},{"data":"True Grit","floor":23,"key":"SMITH"},{"data":"Immolate","floor":25,"key":"SMITH"},{"data":"Impervious","floor":27,"key":"SMITH"},{"data":"Shockwave","floor":30,"key":"SMITH"},{"floor":32,"key":"REST"},{"data":"Metallicize","floor":40,"key":"SMITH"},{"data":"Chrysalis","floor":42,"key":"SMITH"},{"data":"Metallicize","floor":44,"key":"SMITH"},{"floor":49,"key":"RECALL"},{"data":"Double Tap","floor":52,"key":"SMITH"}],"neow_cost":"NONE","seed_source_timestamp":1917254350850075,"circlet_count":0,"master_deck":["Defend_R+1","Defend_R","Defend_R","Defend_R","Bash+1","Armaments+1","Battle Trance+1","Rampage+1","Barricade+1","Immolate+1","Impervious+1","True Grit+1","Metallicize+1","Shockwave+1","Double Tap+1","Metallicize+1","Impervious+1","Body Slam+1","Good Instincts","Chrysalis+1"],"relics":["Burning Blood","NeowsBlessing","Red Skull","War Paint","Bird Faced Urn","Oddly Smooth Stone","Runic Cube","Enchiridion","Vajra","Lantern","Sozu","DollysMirror","Ginger","Bag of Marbles","HandDrill","Bronze Scales"],"potions_floor_usage":[12,18,18,24,33,38],"damage_taken":[{"damage":0,"enemies":"Cultist","floor":1,"turns":1},{"damage":0,"enemies":"Small Slimes","floor":3,"turns":1},{"damage":0,"enemies":"Jaw Worm","floor":5,"turns":1},{"damage":12,"enemies":"3 Louse","floor":7,"turns":6},{"damage":32,"enemies":"Lagavulin","floor":12,"turns":5},{"damage":0,"enemies":"2 Fungi Beasts","floor":13,"turns":3},{"damage":8,"enemies":"Gremlin Nob","floor":14,"turns":3},{"damage":9,"enemies":"Hexaghost","floor":16,"turns":12},{"damage":26,"enemies":"3 Byrds","floor":18,"turns":3},{"damage":2,"enemies":"Shell Parasite","floor":24,"turns":9},{"damage":0,"enemies":"Snecko","floor":28,"turns":5},{"damage":10,"enemies":"Centurion and Healer","floor":29,"turns":8},{"damage":76,"enemies":"Collector","floor":33,"turns":14},{"damage":10,"enemies":"3 Shapes","floor":35,"turns":2},{"damage":0,"enemies":"Orb Walker","floor":37,"turns":4},{"damage":0,"enemies":"Jaw Worm Horde","floor":38,"turns":2},{"damage":7,"enemies":"Transient","floor":45,"turns":5},{"damage":0,"enemies":"Maw","floor":46,"turns":6},{"damage":0,"enemies":"Mind Bloom Boss Battle","floor":47,"turns":4},{"damage":14,"enemies":"Time Eater","floor":50,"turns":7},{"damage":24,"enemies":"Shield and Spear","floor":54,"turns":8},{"damage":74,"enemies":"The Heart","floor":55,"turns":9}],"seed_played":"-3955347412517561198","potions_obtained":[{"floor":5,"key":"SpeedPotion"},{"floor":7,"key":"AttackPotion"},{"floor":14,"key":"Fire Potion"},{"floor":16,"key":"SkillPotion"},{"floor":24,"key":"FearPotion"},{"floor":33,"key":"Explosive Potion"}],"is_trial":false,"path_per_floor":["M","T","M","?","M","R","M","R","T","?","R","E","M","E","R","B",null,"M","?","?","?","$","R","M","R","T","R","M","M","R","?","R","B",null,"M","$","M","M","?","R","?","R","T","R","M","M","?","$","R","B",null,"R","$","E","B"],"character_chosen":"IRONCLAD","items_purchased":["Metallicize","Vajra","Metallicize","DollysMirror","Bag of Marbles","HandDrill"],"campfire_rested":1,"item_purchase_floors":[22,22,36,36,48,48],"current_hp_per_floor":[80,80,80,73,79,79,73,73,73,53,53,27,33,31,31,30,80,60,60,60,44,44,44,52,52,52,52,62,62,62,62,80,12,80,76,76,80,80,80,80,75,75,75,75,80,80,80,80,80,76,80,80,80,64,0],"gold":127,"neow_bonus":"THREE_ENEMY_KILL","is_prod":false,"is_daily":false,"chose_seed":false,"campfire_upgraded":12,"win_rate":0,"timestamp":1549032247,"path_taken":["M","?","?","?","M","R","M","R","T","?","R","E","M","E","R","BOSS","M","?","?","?","?","R","M","R","T","R","?","M","R","?","R","BOSS","M","?","?","M","?","R","?","R","T","R","M","M","?","$","R","BOSS","R","$","E","BOSS"],"build_version":"2019-01-23","purchased_purges":3,"victory":false,"max_hp_per_floor":[80,80,80,80,80,80,80,80,80,80,80,80,80,80,80,80,80,80,80,80,80,80,80,80,80,80,80,80,80,80,80,80,80,80,80,80,80,80,80,80,80,80,80,80,80,80,80,80,80,80,80,80,80,80,80],"card_choices":[{"not_picked":["Heavy Blade","Rupture"],"picked":"Armaments","floor":1},{"not_picked":["Uppercut","Armaments","Rampage"],"picked":"SKIP","floor":3},{"not_picked":["Twin Strike","Anger"],"picked":"Battle Trance","floor":5},{"not_picked":["Iron Wave","Shockwave"],"picked":"Rampage","floor":7},{"not_picked":["Reckless Charge","Clash"],"picked":"Barricade","floor":12},{"not_picked":["Twin Strike","Rampage","True Grit"],"picked":"SKIP","floor":13},{"not_picked":["Twin Strike","Sword Boomerang"],"picked":"Immolate","floor":14},{"not_picked":["Bludgeon","Barricade"],"picked":"Impervious","floor":16},{"not_picked":["Fire Breathing","Uppercut+1","Sword Boomerang+1"],"picked":"SKIP","floor":18},{"not_picked":["Heavy Blade","Armaments","Pommel Strike"],"picked":"SKIP","floor":24},{"not_picked":["Thunderclap+1","Intimidate+1","Cleave"],"picked":"SKIP","floor":28},{"not_picked":["Twin Strike","Dropkick"],"picked":"Shockwave","floor":29},{"not_picked":["Dark Embrace","Fiend Fire"],"picked":"Double Tap","floor":33},{"not_picked":["Havoc+1","Cleave","Pommel Strike+1"],"picked":"SKIP","floor":35},{"not_picked":["Second Wind","Infernal Blade"],"picked":"Body Slam+1","floor":37},{"not_picked":["Thunderclap+1","Clash+1","Dark Embrace"],"picked":"SKIP","floor":38},{"not_picked":["PanicButton","Enlightenment"],"picked":"Good Instincts","floor":41},{"not_picked":["Deep Breath","Dark Shackles"],"picked":"Chrysalis","floor":41},{"not_picked":["Heavy Blade","Perfected Strike","Havoc"],"picked":"SKIP","floor":45},{"not_picked":["Infernal Blade+1","Whirlwind+1","Seeing Red"],"picked":"SKIP","floor":46},{"not_picked":["Anger","Immolate","Inflame+1"],"picked":"SKIP","floor":54}],"player_experience":772140,"relics_obtained":[{"floor":2,"key":"Red Skull"},{"floor":9,"key":"War Paint"},{"floor":12,"key":"Bird Faced Urn"},{"floor":14,"key":"Oddly Smooth Stone"},{"floor":21,"key":"Enchiridion"},{"floor":26,"key":"Lantern"},{"floor":47,"key":"Ginger"},{"floor":54,"key":"Bronze Scales"}],"event_choices":[{"cards_removed":["Strike_R"],"damage_healed":0,"gold_gain":0,"player_choice":"Card Removal","damage_taken":7,"max_hp_gain":0,"max_hp_loss":0,"event_name":"Golden Wing","floor":4,"gold_loss":0},{"damage_healed":0,"gold_gain":0,"player_choice":"Take Damage","damage_taken":20,"relics_obtained":["Golden Idol"],"max_hp_gain":0,"max_hp_loss":0,"event_name":"Golden Idol","floor":10,"gold_loss":0},{"damage_healed":0,"gold_gain":0,"player_choice":"Ignored","damage_taken":0,"max_hp_gain":0,"max_hp_loss":0,"event_name":"Ghosts","floor":19,"gold_loss":0},{"damage_healed":0,"gold_gain":0,"player_choice":"Read","damage_taken":0,"max_hp_gain":0,"max_hp_loss":0,"event_name":"The Library","floor":20,"gold_loss":0,"cards_obtained":["True Grit"]},{"damage_healed":0,"gold_gain":0,"player_choice":"Obtained Book","damage_taken":16,"max_hp_gain":0,"max_hp_loss":0,"event_name":"Cursed Tome","floor":21,"gold_loss":0},{"cards_removed":["Strike_R"],"damage_healed":0,"gold_gain":0,"player_choice":"Card Removal","damage_taken":0,"max_hp_gain":0,"max_hp_loss":0,"event_name":"Wheel of Change","floor":31,"gold_loss":0},{"damage_healed":0,"gold_gain":333,"player_choice":"Gave Idol","damage_taken":0,"max_hp_gain":0,"max_hp_loss":0,"event_name":"The Moai Head","floor":39,"relics_lost":["Golden Idol"],"gold_loss":0},{"damage_healed":0,"gold_gain":0,"player_choice":"Memory 2","damage_taken":5,"max_hp_gain":0,"max_hp_loss":0,"event_name":"SensoryStone","floor":41,"gold_loss":0},{"damage_healed":0,"gold_gain":0,"player_choice":"Fight","damage_taken":0,"max_hp_gain":0,"max_hp_loss":0,"event_name":"MindBloom","floor":47,"gold_loss":0}],"is_beta":false,"boss_relics":[{"not_picked":["Cursed Key","Fusion Hammer"],"picked":"Runic Cube"},{"not_picked":["Pandora\u0027s Box","Astrolabe"],"picked":"Sozu"}],"items_purged_floors":[22,36,48],"is_endless":false,"potions_floor_spawned":[5,7,14,16,24,33,37,38,54],"killed_by":"The Heart","ascension_level":4}