{"gold_per_floor":[119,130,148,164,164,164,195,195,218,218,218,234,200,200],"floor_reached":14,"playtime":839,"items_purged":[],"score":108,"play_id":"30ed613d-57d5-4085-b155-16ba25edfe5d","local_time":"20181229133917","is_ascension_mode":true,"campfire_choices":[{"data":"Sucker Punch","floor":6,"key":"SMITH"},{"floor":11,"key":"REST"}],"neow_cost":"NONE","seed_source_timestamp":927525951761975,"circlet_count":0,"master_deck":["Defend_G","Defend_G","Defend_G","Defend_G","Defend_G","Strike_G","Strike_G","Strike_G","Strike_G","Strike_G","Survivor","Neutralize+1","Caltrops","Tactician","Sucker Punch+1","Eviscerate","Unload","Eviscerate","Footwork"],"relics":["HoveringKite","Boot","Smiling Mask","Oddly Smooth Stone"],"potions_floor_usage":[4],"damage_taken":[{"damage":6,"enemies":"Cultist","floor":1,"turns":5},{"damage":0,"enemies":"Small Slimes","floor":2,"turns":4},{"damage":5,"enemies":"Jaw Worm","floor":3,"turns":5},{"damage":2,"enemies":"2 Fungi Beasts","floor":4,"turns":3},{"damage":44,"enemies":"3 Sentries","floor":7,"turns":8},{"damage":20,"enemies":"Lots of Slimes","floor":12,"turns":3},{"damage":12,"enemies":"Exordium Thugs","floor":14,"turns":3}],"seed_played":"-2745391085583245697","potions_obtained":[{"floor":1,"key":"Fire Potion"},{"floor":3,"key":"Weak Potion"},{"floor":7,"key":"Poison Potion"},{"floor":12,"key":"SpeedPotion"}],"is_trial":false,"path_per_floor":["M","M","M","M","?","R","E","?","T","?","R","M","$","M"],"character_chosen":"THE_SILENT","items_purchased":["Footwork"],"campfire_rested":1,"item_purchase_floors":[13],"current_hp_per_floor":[64,64,59,57,57,57,13,13,13,13,34,14,14,2],"gold":200,"neow_bonus":"BOSS_RELIC","is_prod":false,"is_daily":false,"chose_seed":false,"campfire_upgraded":1,"win_rate":0,"timestamp":1546108757,"path_taken":["M","M","M","?","?","R","E","?","T","?","R","M","$","M"],"build_version":"2018-12-20","purchased_purges":0,"victory":false,"max_hp_per_floor":[70,70,70,70,70,70,70,70,70,70,70,70,70,70],"card_choices":[{"not_picked":["Backstab","Eviscerate"],"picked":"Caltrops","floor":1},{"not_picked":["Deadly Poison","Flying Knee"],"picked":"Tactician","floor":2},{"not_picked":["Prepared","All Out Attack"],"picked":"Sucker Punch","floor":3},{"not_picked":["Blur","Poisoned Stab"],"picked":"Eviscerate","floor":4},{"not_picked":["Deadly Poison","Flying Knee"],"picked":"Unload","floor":7},{"not_picked":["Dagger Throw","Deflect"],"picked":"Eviscerate","floor":12}],"player_experience":276341,"relics_obtained":[{"floor":7,"key":"Smiling Mask"},{"floor":9,"key":"Oddly Smooth Stone"}],"event_choices":[{"damage_healed":0,"gold_gain":0,"player_choice":"Box","damage_taken":0,"relics_obtained":["Boot"],"max_hp_gain":0,"max_hp_loss":0,"event_name":"Big Fish","floor":5,"gold_loss":0,"cards_obtained":["Regret"]},{"damage_healed":0,"gold_gain":0,"player_choice":"Grow","damage_taken":0,"max_hp_gain":0,"max_hp_loss":0,"event_name":"Living Wall","floor":8,"gold_loss":0,"cards_upgraded":["Neutralize"]},{"cards_removed":["Regret"],"damage_healed":0,"gold_gain":0,"player_choice":"Removed Curses","damage_taken":0,"max_hp_gain":0,"max_hp_loss":0,"event_name":"Fountain of Cleansing","floor":10,"gold_loss":0}],"is_beta":false,"boss_relics":[],"items_purged_floors":[],"is_endless":false,"potions_floor_spawned":[1,3,7,12],"killed_by":"Exordium Thugs","ascension_level":4}