{"gold_per_floor":[118,68,78,96,114,114,143,143,168,168],"floor_reached":10,"playtime":790,"items_purged":[],"score":85,"play_id":"ba93d009-73bb-4fc8-9833-ee4706a67d3d","local_time":"20190204105920","is_ascension_mode":true,"campfire_choices":[{"data":"Neutralize","floor":6,"key":"SMITH"},{"floor":8,"key":"REST"}],"neow_cost":"CURSE","seed_source_timestamp":40031267906672,"circlet_count":0,"master_deck":["Defend_G","Defend_G","Defend_G","Defend_G","Defend_G","Strike_G","Strike_G","Strike_G","Strike_G","Strike_G","Survivor","Neutralize+1","Finesse","Good Instincts","Skewer","Distraction","Backflip","Acrobatics","Crippling Poison"],"relics":["Ring of the Snake","Juzu Bracelet","Anchor"],"potions_floor_usage":[7,7],"damage_taken":[{"damage":0,"enemies":"2 Louse","floor":1,"turns":4},{"damage":4,"enemies":"Jaw Worm","floor":3,"turns":4},{"damage":5,"enemies":"Small Slimes","floor":4,"turns":3},{"damage":1,"enemies":"Looter","floor":5,"turns":3},{"damage":64,"enemies":"Lagavulin","floor":7,"turns":13},{"damage":35,"enemies":"Gremlin Nob","floor":10,"turns":4}],"seed_played":"8896189878529122179","potions_obtained":[{"floor":3,"key":"Regen Potion"},{"floor":4,"key":"Poison Potion"},{"floor":7,"key":"Swift Potion"}],"is_trial":false,"path_per_floor":["M","?","M","M","M","R","E","R","T","E"],"character_chosen":"THE_SILENT","items_purchased":[],"campfire_rested":1,"item_purchase_floors":[],"current_hp_per_floor":[70,70,66,61,60,60,11,32,32,0],"gold":168,"neow_bonus":"RANDOM_COLORLESS_2","is_prod":false,"is_daily":false,"chose_seed":false,"campfire_upgraded":1,"win_rate":0,"timestamp":1549274360,"path_taken":["M","?","M","M","M","R","E","R","T","E"],"build_version":"2019-01-23","purchased_purges":0,"victory":false,"max_hp_per_floor":[70,70,70,70,70,70,70,70,70,70],"card_choices":[{"not_picked":["Underhanded Strike","Dodge and Roll"],"picked":"Skewer","floor":1},{"not_picked":["Setup","Dodge and Roll"],"picked":"Distraction","floor":3},{"not_picked":["Cloak And Dagger","Slice"],"picked":"Backflip","floor":4},{"not_picked":["Distraction","Riddle With Holes"],"picked":"Acrobatics","floor":5},{"not_picked":["Deadly Poison","Expertise"],"picked":"Crippling Poison","floor":7}],"player_experience":411609,"relics_obtained":[{"floor":7,"key":"Juzu Bracelet"},{"floor":9,"key":"Anchor"}],"event_choices":[{"cards_removed":["Clumsy"],"damage_healed":0,"gold_gain":0,"player_choice":"Card Removal","damage_taken":0,"max_hp_gain":0,"max_hp_loss":0,"event_name":"The Cleric","floor":2,"gold_loss":50}],"is_beta":false,"boss_relics":[],"items_purged_floors":[],"is_endless":false,"potions_floor_spawned":[3,4,7],"killed_by":"Gremlin Nob","ascension_level":5}