{"path_per_floor":["M","M","?","M","$","R","M","R","T","E","?","M","M","M","R","B",null,"M","M","M"],"character_chosen":"DEFECT","items_purchased":[],"gold_per_floor":[111,125,125,142,142,142,156,156,210,243,243,256,276,286,286,391,391,363,382,393,393],"floor_reached":21,"campfire_rested":0,"playtime":1613,"item_purchase_floors":[],"current_hp_per_floor":[65,58,62,68,68,68,69,69,69,52,57,64,71,76,76,34,87,53,44,40,0],"items_purged":[],"gold":393,"score":204,"play_id":"78ebc0b3-3a48-40f1-a858-0d3d3b6cf746","local_time":"20180620130600","is_prod":false,"is_daily":false,"chose_seed":false,"is_ascension_mode":true,"campfire_upgraded":3,"win_rate":0,"timestamp":1529525160,"campfire_choices":[{"data":"Zap","floor":6.0,"key":"SMITH"},{"data":"Hologram","floor":8.0,"key":"SMITH"},{"data":"Stack","floor":15.0,"key":"SMITH"}],"path_taken":["M","M","?","M","$","R","M","R","T","E","?","M","M","M","R","BOSS","M","M","M","M"],"build_version":"2018-06-14v2","seed_source_timestamp":0,"purchased_purges":0,"victory":false,"master_deck":["Strike_B","Strike_B","Strike_B","Strike_B","Defend_B","Defend_B","Defend_B","Defend_B","Zap+1","Dualcast","Genetic Algorithm","Self Repair","Hologram+1","Leap","Conserve Battery","Stack+1","Skim","Conserve Battery","Echo Form","Defragment","Barrage+1","Streamline+1"],"max_hp_per_floor":[75,75,82,82,82,82,82,82,82,82,87,87,87,87,87,87,87,87,87,87,87],"special_seed":0,"relics":["Cracked Core","Art of War","Strawberry","Blood Vial","Ginger","Eternal Feather"],"card_choices":[{"not_picked":["Turbo","Beam Cell"],"picked":"Genetic Algorithm","floor":1.0},{"not_picked":["Leap","Ball Lightning"],"picked":"Self Repair","floor":2.0},{"not_picked":["Redo","Coolheaded"],"picked":"Hologram","floor":4.0},{"not_picked":["Hello World","White Noise"],"picked":"Leap","floor":7.0},{"not_picked":["Rebound","Blizzard"],"picked":"Conserve Battery","floor":10.0},{"not_picked":["Thunder Strike","Redo"],"picked":"Stack","floor":12.0},{"not_picked":["Barrage","Coolheaded"],"picked":"Skim","floor":13.0},{"not_picked":["Rebound","Static Discharge"],"picked":"Conserve Battery","floor":14.0},{"not_picked":["Core Surge","Fission"],"picked":"Echo Form","floor":16.0},{"not_picked":["Recycle","Turbo"],"picked":"Defragment","floor":18.0},{"not_picked":["Redo+1","Compile Driver+1"],"picked":"Barrage+1","floor":19.0},{"not_picked":["Coolheaded","Gash+1"],"picked":"Streamline+1","floor":20.0}],"player_experience":900812,"potions_floor_usage":[21,21],"damage_taken":[{"damage":10.0,"enemies":"2 Louse","floor":1.0,"turns":3.0},{"damage":7.0,"enemies":"Small Slimes","floor":2.0,"turns":3.0},{"damage":1.0,"enemies":"Cultist","floor":4.0,"turns":4.0},{"damage":6.0,"enemies":"2 Fungi Beasts","floor":7.0,"turns":4.0},{"damage":26.0,"enemies":"Gremlin Nob","floor":10.0,"turns":4.0},{"damage":2.0,"enemies":"Exordium Thugs","floor":12.0,"turns":7.0},{"damage":2.0,"enemies":"Large Slime","floor":13.0,"turns":6.0},{"damage":4.0,"enemies":"2 Fungi Beasts","floor":14.0,"turns":4.0},{"damage":51.0,"enemies":"The Guardian","floor":16.0,"turns":19.0},{"damage":34.0,"enemies":"2 Thieves","floor":18.0,"turns":5.0},{"damage":25.0,"enemies":"3 Byrds","floor":19.0,"turns":6.0},{"damage":20.0,"enemies":"Centurion and Healer","floor":20.0,"turns":11.0},{"damage":52,"enemies":"3 Cultists","floor":21,"turns":6}],"relics_obtained":[{"floor":9.0,"key":"Blood Vial"},{"floor":10.0,"key":"Ginger"}],"event_choices":[{"event_name":"Scrap Ooze","player_choice":"success","floor":3.0,"damage_taken":3.0},{"event_name":"Big Fish","player_choice":"Donut","floor":11.0,"damage_taken":0.0}],"boss_relics":[{"not_picked":["White Beast Statue","Pandora\u0027s Box"],"picked":"Eternal Feather"}],"items_purged_floors":[],"is_endless":false,"potions_floor_spawned":[2,4,7,16,18],"seed_played":"8398993568874124361","killed_by":"3 Cultists","ascension_level":2,"potions_obtained":[{"floor":2.0,"key":"FearPotion"},{"floor":4.0,"key":"FocusPotion"},{"floor":7.0,"key":"Weak Potion"},{"floor":16.0,"key":"Dexterity Potion"},{"floor":18.0,"key":"Dexterity Potion"}],"is_trial":false}