{"path_per_floor":["M","?","M","M","?","R","M","R","T","R","M","?","R","M","R","B",null,"M","$","?","M","$","R","E","R","T","E","R","M","M","M","R"],"character_chosen":"IRONCLAD","items_purchased":["Kunai","Pummel"],"gold_per_floor":[112,187,202,220,271,271,285,285,285,285,296,296,296,310,310,408,408,425,425,425,442,111,111,142,142,142,169,169,187,199,214,214,214],"floor_reached":33,"campfire_rested":4,"playtime":2014,"item_purchase_floors":[22,22],"current_hp_per_floor":[67,56,47,43,43,43,42,42,42,42,55,52,52,49,73,50,73,63,63,63,47,47,47,23,47,47,26,50,52,51,57,80,0],"items_purged":[],"gold":214,"score":388,"play_id":"2e62c945-c1ae-4901-94cf-94ddaa40222f","local_time":"20180530081501","is_prod":false,"is_daily":false,"chose_seed":false,"is_ascension_mode":true,"campfire_upgraded":5,"win_rate":0,"timestamp":1527693301,"campfire_choices":[{"data":"True Grit","floor":6,"key":"SMITH"},{"data":"Uppercut","floor":8,"key":"SMITH"},{"data":"Twin Strike","floor":10,"key":"SMITH"},{"data":"Bash","floor":13,"key":"SMITH"},{"floor":15,"key":"REST"},{"data":"Demon Form","floor":23,"key":"SMITH"},{"floor":25,"key":"REST"},{"floor":28,"key":"REST"},{"floor":32,"key":"REST"}],"path_taken":["M","?","M","M","?","R","M","R","T","R","M","?","R","M","R","BOSS","M","$","?","M","$","R","E","R","T","E","R","M","M","M","R","BOSS"],"build_version":"2018-05-24","seed_source_timestamp":757174269964325,"purchased_purges":0,"victory":false,"master_deck":["Strike_R","Strike_R","Strike_R","Strike_R","Defend_R","Defend_R","Defend_R","Defend_R","Bash+1","Twin Strike+1","Uppercut+1","True Grit+1","Iron Wave","Demon Form+1","Metallicize+1","Wild Strike","Pummel","Dropkick","Feel No Pain","Disarm","Heavy Blade"],"max_hp_per_floor":[80,80,80,80,80,80,80,80,80,80,80,80,80,80,80,80,80,80,80,80,80,80,80,80,80,80,80,80,80,80,80,80,80],"relics":["Burning Blood","Meat on the Bone","Letter Opener","Cursed Key","Kunai","Gambling Chip","Mercury Hourglass"],"card_choices":[{"not_picked":["Body Slam","Headbutt"],"picked":"Twin Strike","floor":1},{"not_picked":["Double Tap","Clash"],"picked":"Uppercut","floor":3},{"not_picked":["Battle Trance","Clothesline"],"picked":"True Grit","floor":4},{"not_picked":["Uppercut","Warcry"],"picked":"Iron Wave","floor":7},{"not_picked":["Anger","Sword Boomerang","Warcry"],"picked":"SKIP","floor":11},{"not_picked":["Perfected Strike","Uppercut","Havoc"],"picked":"SKIP","floor":14},{"not_picked":["Impervious","Juggernaut"],"picked":"Demon Form","floor":16},{"not_picked":["Sever Soul","Ghostly Armor"],"picked":"Metallicize+1","floor":18},{"not_picked":["Clothesline+1","Havoc"],"picked":"Wild Strike","floor":21},{"not_picked":["Bloodletting","Sever Soul"],"picked":"Dropkick","floor":24},{"not_picked":["Clothesline","Searing Blow+1"],"picked":"Feel No Pain","floor":27},{"not_picked":["Wild Strike","Clash","Armaments"],"picked":"SKIP","floor":29},{"not_picked":["Intimidate","Searing Blow"],"picked":"Disarm","floor":30},{"not_picked":["Warcry","Flame Barrier+1"],"picked":"Heavy Blade","floor":31}],"player_experience":731229,"potions_floor_usage":[24,27,31,33],"damage_taken":[{"damage":11,"enemies":"Jaw Worm","floor":1,"turns":4},{"damage":15,"enemies":"Small Slimes","floor":3,"turns":4},{"damage":10,"enemies":"Cultist","floor":4,"turns":4},{"damage":7,"enemies":"Exordium Wildlife","floor":7,"turns":4},{"damage":5,"enemies":"Large Slime","floor":11,"turns":5},{"damage":21,"enemies":"Exordium Thugs","floor":14,"turns":5},{"damage":41,"enemies":"The Guardian","floor":16,"turns":14},{"damage":16,"enemies":"Spheric Guardian","floor":18,"turns":5},{"damage":22,"enemies":"Chosen","floor":21,"turns":5},{"damage":42,"enemies":"Slavers","floor":24,"turns":6},{"damage":39,"enemies":"Book of Stabbing","floor":27,"turns":6},{"damage":16,"enemies":"Centurion and Healer","floor":29,"turns":7},{"damage":19,"enemies":"Snake Plant","floor":30,"turns":3},{"damage":12,"enemies":"Snecko","floor":31,"turns":5},{"damage":83,"enemies":"Collector","floor":33,"turns":7}],"relics_obtained":[{"floor":9,"key":"Meat on the Bone"},{"floor":24,"key":"Gambling Chip"},{"floor":27,"key":"Mercury Hourglass"}],"event_choices":[{"event_name":"World of Goop","player_choice":"Gather Gold","floor":2,"damage_taken":0},{"event_name":"Golden Wing","player_choice":"Gained Gold","floor":5,"damage_taken":0},{"event_name":"Scrap Ooze","player_choice":"success","floor":12,"damage_taken":3},{"event_name":"Beggar","player_choice":"Ignored","floor":20,"damage_taken":0}],"boss_relics":[{"not_picked":["Eternal Feather","White Beast Statue"],"picked":"Cursed Key"}],"items_purged_floors":[],"potions_floor_spawned":[3,16,24,31],"seed_played":"4964767060788248797","killed_by":"Collector","ascension_level":8,"potions_obtained":[{"floor":3,"key":"Weak Potion"},{"floor":16,"key":"Swift Potion"},{"floor":24,"key":"Block Potion"},{"floor":31,"key":"SteroidPotion"}],"is_trial":false}