{"gold_per_floor":[366,366,124,140,197,227,240,240,240,240,165,65,65,77,77,152,152,172,15,15,30,47,47,76,76,76,76,96,106,106,125,125,201,201,215,215,232,252,202,236,236,249,249,269,269,282,3,23,23,23,23],"floor_reached":52,"playtime":3294,"items_purged":["Parasite","Strike_R"],"score":1808,"play_id":"5811c935-9754-4492-af42-a858133ff350","local_time":"20190124000007","is_ascension_mode":true,"campfire_choices":[{"data":"Corruption","floor":8,"key":"SMITH"},{"data":"Body Slam","floor":10,"key":"SMITH"},{"data":"Flame Barrier","floor":13,"key":"SMITH"},{"floor":15,"key":"REST"},{"data":"Barricade","floor":23,"key":"SMITH"},{"data":"Shrug It Off","floor":25,"key":"SMITH"},{"floor":30,"key":"REST"},{"data":"Juggernaut","floor":32,"key":"SMITH"},{"floor":41,"key":"REST"},{"floor":49,"key":"REST"}],"neow_cost":"CURSE","seed_source_timestamp":1139798290082305,"circlet_count":0,"master_deck":["AscendersBane","Defend_R","Defend_R+1","Defend_R","Defend_R","Bash","Ghostly Armor+1","Body Slam+1","Shrug It Off","Shrug It Off+1","Flame Barrier+1","Corruption+1","Shrug It Off","Barricade+1","Blood for Blood+1","Exhume+1","Flame Barrier+1","Battle Trance","Armaments+1","Juggernaut+1","Shrug It Off+1","Seeing Red","Shockwave+1","Metallicize+1","Exhume","Body Slam+1","Madness"],"relics":["Burning Blood","Red Skull","Tiny Chest","Lantern","Matryoshka","Astrolabe","War Paint","Mercury Hourglass","Pantograph","Bottled Lightning","Happy Flower","Omamori","Fusion Hammer","Bird Faced Urn","Potion Belt","Oddly Smooth Stone"],"potions_floor_usage":[24,28,33,51,51,51,51],"damage_taken":[{"damage":7,"enemies":"Small Slimes","floor":1,"turns":3},{"damage":2,"enemies":"Jaw Worm","floor":4,"turns":5},{"damage":57,"enemies":"Gremlin Nob","floor":6,"turns":5},{"damage":0,"enemies":"Cultist","floor":7,"turns":4},{"damage":0,"enemies":"3 Louse","floor":14,"turns":5},{"damage":16,"enemies":"The Guardian","floor":16,"turns":13},{"damage":32,"enemies":"Chosen","floor":18,"turns":7},{"damage":0,"enemies":"3 Byrds","floor":21,"turns":1},{"damage":14,"enemies":"Shelled Parasite and Fungi","floor":22,"turns":6},{"damage":10,"enemies":"Book of Stabbing","floor":24,"turns":7},{"damage":16,"enemies":"Cultist and Chosen","floor":28,"turns":9},{"damage":1,"enemies":"Centurion and Healer","floor":29,"turns":7},{"damage":5,"enemies":"Sentry and Sphere","floor":31,"turns":4},{"damage":32,"enemies":"Automaton","floor":33,"turns":10},{"damage":9,"enemies":"3 Shapes","floor":35,"turns":4},{"damage":0,"enemies":"Orb Walker","floor":37,"turns":3},{"damage":0,"enemies":"Maw","floor":38,"turns":8},{"damage":13,"enemies":"Nemesis","floor":40,"turns":13},{"damage":6,"enemies":"Sphere and 2 Shapes","floor":42,"turns":6},{"damage":26,"enemies":"3 Darklings","floor":44,"turns":4},{"damage":2,"enemies":"Maw","floor":46,"turns":8},{"damage":0,"enemies":"Sphere and 2 Shapes","floor":48,"turns":4},{"damage":22,"enemies":"Time Eater","floor":50,"turns":16},{"damage":68,"enemies":"Awakened One","floor":51,"turns":12}],"seed_played":"3878598403713715932","potions_obtained":[{"floor":14,"key":"Ancient Potion"},{"floor":16,"key":"Strength Potion"},{"floor":21,"key":"Dexterity Potion"},{"floor":24,"key":"LiquidBronze"},{"floor":28,"key":"Energy Potion"},{"floor":37,"key":"FearPotion"},{"floor":44,"key":"Block Potion"},{"floor":48,"key":"SteroidPotion"}],"is_trial":false,"path_per_floor":["M","?","$","M","T","E","M","R","T","R","?","$","R","M","R","B",null,"M","$","?","M","M","R","E","R","T","T","M","M","R","M","R","B",null,"M","?","M","M","?","E","R","M","T","M","$","M","$","M","R","B","B",null],"character_chosen":"IRONCLAD","items_purchased":["Body Slam","Shrug It Off","Ghostly Armor","War Paint","Oddly Smooth Stone","Madness"],"campfire_rested":4,"item_purchase_floors":[3,3,3,19,47,47],"current_hp_per_floor":[67,62,62,66,66,15,21,21,21,21,21,21,21,27,48,38,64,38,38,38,44,36,36,32,32,32,32,22,27,48,49,49,46,66,63,72,72,72,72,65,72,72,72,56,56,66,66,72,72,62,14],"gold":23,"neow_bonus":"TWO_FIFTY_GOLD","is_prod":false,"is_daily":false,"chose_seed":false,"campfire_upgraded":6,"win_rate":0,"timestamp":1548255607,"path_taken":["M","?","$","M","?","E","?","R","T","R","?","$","R","M","R","BOSS","M","$","?","M","M","R","E","R","T","?","M","M","R","M","R","BOSS","M","?","?","M","?","E","R","M","T","M","?","M","$","M","R","BOSS","BOSS"],"build_version":"2019-01-17v2","purchased_purges":2,"victory":true,"max_hp_per_floor":[75,75,72,72,72,72,72,72,72,72,72,72,72,72,72,72,72,72,72,72,72,72,72,72,72,72,72,72,72,72,72,72,72,72,72,72,72,72,72,72,72,72,72,72,72,72,72,72,72,72,72],"card_choices":[{"not_picked":["Pommel Strike","Dropkick"],"picked":"Ghostly Armor","floor":1},{"not_picked":["Flex","Pommel Strike"],"picked":"Shrug It Off","floor":4},{"not_picked":["Twin Strike","Evolve"],"picked":"Flame Barrier","floor":6},{"not_picked":["Heavy Blade","Perfected Strike"],"picked":"Corruption","floor":7},{"not_picked":["Armaments","Fire Breathing"],"picked":"Shrug It Off","floor":14},{"not_picked":["Offering","Reaper"],"picked":"Barricade","floor":16},{"not_picked":["Cleave","Combust"],"picked":"Battle Trance","floor":18},{"not_picked":["Flex","Headbutt"],"picked":"Armaments+1","floor":21},{"not_picked":["Clothesline+1","Sword Boomerang","Perfected Strike"],"picked":"SKIP","floor":22},{"not_picked":["Burning Pact","Anger+1","Rupture"],"picked":"SKIP","floor":24},{"not_picked":["Perfected Strike","Hemokinesis"],"picked":"Juggernaut","floor":28},{"not_picked":["True Grit","Thunderclap"],"picked":"Shrug It Off+1","floor":29},{"not_picked":["Bloodletting","Dual Wield"],"picked":"Seeing Red","floor":31},{"not_picked":["Havoc+1","Headbutt+1"],"picked":"Shockwave","floor":35},{"not_picked":["Thunderclap","Heavy Blade"],"picked":"Metallicize+1","floor":37},{"not_picked":["Perfected Strike+1","Wild Strike","Havoc"],"picked":"SKIP","floor":38},{"not_picked":["Warcry","Perfected Strike+1","Pommel Strike"],"picked":"SKIP","floor":40},{"not_picked":["Warcry+1","Pommel Strike"],"picked":"Exhume","floor":42},{"not_picked":["Shrug It Off","Blood for Blood"],"picked":"Body Slam+1","floor":44},{"not_picked":["Warcry","Whirlwind","Body Slam"],"picked":"SKIP","floor":46},{"not_picked":["Whirlwind+1","Barricade","Headbutt"],"picked":"SKIP","floor":48}],"player_experience":658736,"relics_obtained":[{"floor":5,"key":"Tiny Chest"},{"floor":6,"key":"Lantern"},{"floor":9,"key":"Matryoshka"},{"floor":24,"key":"Mercury Hourglass"},{"floor":26,"key":"Pantograph"},{"floor":26,"key":"Bottled Lightning"},{"floor":27,"key":"Happy Flower"},{"floor":27,"key":"Omamori"},{"floor":40,"key":"Bird Faced Urn"},{"floor":43,"key":"Potion Belt"}],"event_choices":[{"damage_healed":0,"gold_gain":0,"player_choice":"Success","damage_taken":5,"relics_obtained":["Red Skull"],"max_hp_gain":0,"max_hp_loss":0,"event_name":"Scrap Ooze","floor":2,"gold_loss":0},{"cards_removed":["Strike_R"],"damage_healed":0,"gold_gain":0,"player_choice":"Card Removal","damage_taken":0,"max_hp_gain":0,"max_hp_loss":0,"event_name":"The Cleric","floor":11,"gold_loss":75},{"cards_removed":["Ghostly Armor"],"damage_healed":9,"gold_gain":0,"player_choice":"Offered Uncommon","damage_taken":0,"max_hp_gain":0,"max_hp_loss":0,"event_name":"Bonfire Elementals","floor":36,"gold_loss":0},{"damage_healed":0,"gold_gain":0,"player_choice":"Upgrade","damage_taken":0,"max_hp_gain":0,"max_hp_loss":0,"event_name":"Designer","floor":39,"gold_loss":50,"cards_upgraded":["Shockwave"]}],"is_beta":false,"boss_relics":[{"not_picked":["Mark of Pain","Cursed Key"],"picked":"Astrolabe"},{"not_picked":["Tiny House","Runic Pyramid"],"picked":"Fusion Hammer"}],"items_purged_floors":[3,12],"is_endless":false,"potions_floor_spawned":[14,16,21,24,28,31,37,42,44,48],"ascension_level":20}