{"path_per_floor":["M","?","$","M","M","E","?","E","T","E","R","?","M","M","R","B",null,"M","?","?","M","?","E","$","R","T","E","?","R","E","M","R"],"character_chosen":"DEFECT","items_purchased":["FTL"],"gold_per_floor":[119,119,119,131,141,170,170,204,204,232,232,232,252,271,271,371,371,390,390,390,407,407,437,357,357,357,386,301,301,336,351,351,351],"floor_reached":33,"campfire_rested":1,"playtime":1705,"item_purchase_floors":[24],"current_hp_per_floor":[75,68,68,66,65,44,62,50,50,33,55,55,53,40,40,40,75,73,73,73,59,43,39,39,39,39,46,46,46,51,51,51,0],"items_purged":[],"gold":351,"score":408,"play_id":"c1162083-a5cb-4081-bc79-b5c289d72697","local_time":"20180609132015","is_prod":false,"is_daily":false,"chose_seed":false,"is_ascension_mode":true,"campfire_upgraded":0,"win_rate":0,"timestamp":1528568415,"campfire_choices":[{"floor":11,"key":"REST"},{"data":"1","floor":15,"key":"LIFT"},{"data":"2","floor":25,"key":"LIFT"},{"data":"3","floor":29,"key":"LIFT"},{"floor":32,"key":"DIG"}],"path_taken":["M","?","?","M","M","E","?","E","T","E","R","?","?","?","R","BOSS","M","?","?","M","?","E","?","R","T","E","?","R","E","M","R","BOSS"],"build_version":"2018-06-07v3","seed_source_timestamp":23426660693145,"purchased_purges":0,"victory":false,"master_deck":["Strike_B+1","Strike_B+1","Strike_B+1","Strike_B+1","Defend_B+1","Defend_B+1","Defend_B+1","Defend_B+1","Zap","Compile Driver","Go for the Eyes","Double Energy+1","Sweeping Beam","Parasite","Steam","Beam Cell","Conserve Battery","Gash","Seek","Gash","Writhe","Conserve Battery","Dark Shackles","Seek","FTL","Redo+1","Steam Power","Go for the Eyes"],"max_hp_per_floor":[75,75,75,75,75,75,75,75,75,75,75,75,75,75,75,75,75,75,75,75,75,75,75,75,75,75,75,75,75,82,82,82,82],"relics":["Cracked Core","Vajra","Kunai","Shovel","Dead Branch","Girya","Nuclear Battery","Meat on the Bone","Bottled Flame","Anchor","Orichalcum","Lantern","Strawberry","Art of War"],"card_choices":[{"not_picked":["Recycle","Rebound"],"picked":"Compile Driver","floor":1},{"not_picked":["Rebound","Tempest"],"picked":"Go for the Eyes","floor":4},{"not_picked":["Recycle","Coolheaded"],"picked":"Double Energy","floor":5},{"not_picked":["Recycle","Aggregate"],"picked":"Sweeping Beam","floor":6},{"not_picked":["Consume","Ball Lightning"],"picked":"Steam","floor":8},{"not_picked":["Force Field","BootSequence"],"picked":"Beam Cell","floor":10},{"not_picked":["Static Discharge","Aggregate"],"picked":"Conserve Battery","floor":13},{"not_picked":["Turbo","Sunder"],"picked":"Gash","floor":14},{"not_picked":["Thunder Strike","Fission"],"picked":"Seek","floor":16},{"not_picked":["Streamline","Chill+1"],"picked":"Gash","floor":18},{"not_picked":["Barrage+1","Stack"],"picked":"Conserve Battery","floor":21},{"not_picked":["Storm","Rebound"],"picked":"Seek","floor":23},{"not_picked":["Hologram","Leap"],"picked":"Redo+1","floor":27},{"not_picked":["Leap","Coolheaded+1"],"picked":"Steam Power","floor":30},{"not_picked":["Hyperbeam","Streamline"],"picked":"Go for the Eyes","floor":31}],"player_experience":238617,"potions_floor_usage":[16,23,31,33,33],"damage_taken":[{"damage":0,"enemies":"Small Slimes","floor":1,"turns":3},{"damage":2,"enemies":"Jaw Worm","floor":4,"turns":3},{"damage":1,"enemies":"2 Louse","floor":5,"turns":2},{"damage":21,"enemies":"Lagavulin","floor":6,"turns":6},{"damage":12,"enemies":"3 Sentries","floor":8,"turns":5},{"damage":17,"enemies":"Lagavulin","floor":10,"turns":6},{"damage":9,"enemies":"Exordium Wildlife","floor":13,"turns":4},{"damage":13,"enemies":"Exordium Thugs","floor":14,"turns":4},{"damage":0,"enemies":"Slime Boss","floor":16,"turns":7},{"damage":2,"enemies":"Shell Parasite","floor":18,"turns":3},{"damage":14,"enemies":"3 Byrds","floor":21,"turns":6},{"damage":16,"enemies":"Slavers","floor":23,"turns":4},{"damage":5,"enemies":"Book of Stabbing","floor":27,"turns":4},{"damage":2,"enemies":"Slavers","floor":30,"turns":3},{"damage":0,"enemies":"Snecko","floor":31,"turns":3},{"damage":67,"enemies":"Automaton","floor":33,"turns":6}],"relics_obtained":[{"floor":6,"key":"Kunai"},{"floor":8,"key":"Shovel"},{"floor":9,"key":"Dead Branch"},{"floor":10,"key":"Girya"},{"floor":23,"key":"Bottled Flame"},{"floor":26,"key":"Anchor"},{"floor":27,"key":"Orichalcum"},{"floor":30,"key":"Strawberry"},{"floor":32,"key":"Art of War"}],"event_choices":[{"event_name":"Golden Wing","player_choice":"Card Removal","floor":2,"damage_taken":0},{"event_name":"Mushrooms","player_choice":"Healed and dodged fight","floor":7,"damage_taken":0},{"event_name":"Living Wall","player_choice":"Grow","floor":12,"damage_taken":0},{"event_name":"The Mausoleum","player_choice":"Yes","floor":19,"damage_taken":0},{"event_name":"Back to Basics","player_choice":"Simplicity","floor":20,"damage_taken":0},{"event_name":"Knowing Skull","player_choice":"CARD ","floor":22,"damage_taken":0},{"event_name":"Addict","player_choice":"Obtained Relic","floor":28,"damage_taken":0}],"boss_relics":[{"not_picked":["Snecko Eye","White Beast Statue"],"picked":"Nuclear Battery"}],"items_purged_floors":[],"potions_floor_spawned":[1,4,8,10,13,21,30],"seed_played":"861861810341251232","killed_by":"Automaton","ascension_level":2,"potions_obtained":[{"floor":1,"key":"Energy Potion"},{"floor":4,"key":"Weak Potion"},{"floor":8,"key":"SpeedPotion"},{"floor":13,"key":"SkillPotion"},{"floor":21,"key":"AttackPotion"},{"floor":30,"key":"Dexterity Potion"}],"is_trial":false}