{"gold_per_floor":[116,17,17,35,35,35,70,90,90,90,2,22,36,61,61,137,137,150,161,80,80,80,80,93,107,131,131,144,157,157,191,191,191],"floor_reached":33,"playtime":4259,"items_purged":["Gash"],"score":574,"play_id":"1c8972f1-6a59-4b53-93ee-11cfcf040113","local_time":"20181129013413","is_ascension_mode":true,"campfire_choices":[{"data":"Zap","floor":6,"key":"SMITH"},{"data":"Hologram","floor":15,"key":"SMITH"},{"data":"Hologram","floor":23,"key":"SMITH"},{"floor":27,"key":"REST"},{"floor":30,"key":"REST"},{"floor":32,"key":"REST"}],"neow_cost":"NONE","seed_source_timestamp":95641477360123,"circlet_count":0,"master_deck":["AscendersBane","Zap+1","Dualcast+1","Flash of Steel+1","Ball Lightning","Cold Snap","Conserve Battery","Hologram+1","Undo","Undo+1","Hologram+1","Machine Learning","Scrape","Turbo","Tempest","Scrape","Steam","Stack","Go for the Eyes","Steam","Consume","Hologram","Conserve Battery","Stack+1","FTL"],"relics":["Cracked Core","NeowsBlessing","Calipers","Strawberry","The Courier","Ancient Tea Set","Pandora\u0027s Box","Enchiridion","Anchor","War Paint"],"potions_floor_usage":[12,14,16,16,24,25,31],"damage_taken":[{"damage":0,"enemies":"Small Slimes","floor":1,"turns":1},{"damage":0,"enemies":"Cultist","floor":4,"turns":1},{"damage":0,"enemies":"Lagavulin","floor":7,"turns":1},{"damage":10,"enemies":"2 Louse","floor":8,"turns":2},{"damage":3,"enemies":"Red Slaver","floor":12,"turns":3},{"damage":0,"enemies":"3 Louse","floor":13,"turns":3},{"damage":1,"enemies":"3 Sentries","floor":14,"turns":6},{"damage":2,"enemies":"The Guardian","floor":16,"turns":11},{"damage":8,"enemies":"Shell Parasite","floor":18,"turns":4},{"damage":3,"enemies":"Chosen","floor":19,"turns":5},{"damage":25,"enemies":"Snecko","floor":24,"turns":7},{"damage":9,"enemies":"Chosen and Byrds","floor":25,"turns":5},{"damage":0,"enemies":"Cultist and Chosen","floor":28,"turns":8},{"damage":2,"enemies":"Sentry and Sphere","floor":29,"turns":4},{"damage":29,"enemies":"Slavers","floor":31,"turns":9},{"damage":58,"enemies":"Collector","floor":33,"turns":19}],"seed_played":"3009461017308208787","potions_obtained":[{"floor":4,"key":"Weak Potion"},{"floor":13,"key":"Dexterity Potion"},{"floor":14,"key":"EntropicBrew"},{"floor":19,"key":"FocusPotion"},{"floor":29,"key":"Regen Potion"}],"is_trial":false,"path_per_floor":["M","$","?","M","?","R","E","M","T","?","$","M","M","E","R","B",null,"M","M","$","?","?","R","M","M","T","R","M","M","R","E","R","B"],"character_chosen":"DEFECT","items_purchased":["Flash of Steel","Conserve Battery","Hologram","Steam"],"campfire_rested":3,"item_purchase_floors":[2,11,11,20],"current_hp_per_floor":[64,64,43,43,43,43,50,40,40,40,40,37,37,36,36,34,67,59,56,56,35,35,35,10,1,1,24,24,22,45,31,54,0],"gold":191,"neow_bonus":"THREE_ENEMY_KILL","is_prod":false,"is_daily":false,"chose_seed":false,"campfire_upgraded":3,"win_rate":0,"timestamp":1543455253,"path_taken":["M","$","?","M","?","R","E","?","T","?","$","M","M","E","R","BOSS","M","?","$","?","?","R","?","M","T","R","M","M","R","E","R","BOSS"],"build_version":"2018-11-15","purchased_purges":1,"victory":false,"max_hp_per_floor":[71,71,71,71,71,71,78,78,78,78,78,78,78,78,78,78,78,78,78,78,78,78,78,78,78,78,78,78,78,78,78,78,78],"card_choices":[{"not_picked":["Compile Driver","Recycle"],"picked":"Barrage","floor":1},{"not_picked":["Streamline","Scrape","Hello World"],"picked":"SKIP","floor":4},{"not_picked":["Hologram","Go for the Eyes"],"picked":"Ball Lightning","floor":7},{"not_picked":["Barrage","Hologram"],"picked":"Cold Snap","floor":8},{"not_picked":["Force Field","Blizzard"],"picked":"Undo","floor":12},{"not_picked":["Darkness","Stack"],"picked":"Undo","floor":13},{"not_picked":["Recycle","Rebound"],"picked":"Hologram","floor":14},{"not_picked":["Seek","Buffer"],"picked":"Machine Learning","floor":16},{"not_picked":["Sweeping Beam","Hologram"],"picked":"Go for the Eyes","floor":18},{"not_picked":["Sweeping Beam","Scrape","Tempest"],"picked":"SKIP","floor":19},{"not_picked":["Barrage","Streamline+1"],"picked":"Hologram","floor":24},{"not_picked":["Hologram","Gash"],"picked":"Conserve Battery","floor":25},{"not_picked":["Fusion","Steam","Barrage"],"picked":"SKIP","floor":28},{"not_picked":["Force Field","Self Repair"],"picked":"Stack","floor":29},{"not_picked":["Rebound","Leap+1"],"picked":"FTL","floor":31}],"player_experience":943939,"relics_obtained":[{"floor":7,"key":"Strawberry"},{"floor":9,"key":"The Courier"},{"floor":14,"key":"Ancient Tea Set"},{"floor":21,"key":"Enchiridion"},{"floor":26,"key":"Anchor"},{"floor":31,"key":"War Paint"}],"event_choices":[{"damage_healed":0,"gold_gain":0,"player_choice":"Entered Light","damage_taken":21,"max_hp_gain":0,"max_hp_loss":0,"event_name":"Shining Light","floor":3,"gold_loss":0,"cards_upgraded":["Defend_B","Flash of Steel"]},{"cards_removed":["Barrage"],"damage_healed":0,"gold_gain":0,"player_choice":"Gave Card","damage_taken":0,"relics_obtained":["Calipers"],"max_hp_gain":0,"max_hp_loss":0,"event_name":"WeMeetAgain","floor":5,"gold_loss":0},{"damage_healed":0,"gold_gain":0,"player_choice":"Upgraded","damage_taken":0,"max_hp_gain":0,"max_hp_loss":0,"event_name":"Upgrade Shrine","floor":10,"gold_loss":0,"cards_upgraded":["Dualcast"]},{"damage_healed":0,"gold_gain":0,"player_choice":"Obtained Book","damage_taken":21,"max_hp_gain":0,"max_hp_loss":0,"event_name":"Cursed Tome","floor":21,"gold_loss":0},{"damage_healed":0,"gold_gain":0,"cards_transformed":["Compile Driver"],"player_choice":"Transformed","damage_taken":0,"max_hp_gain":0,"max_hp_loss":0,"event_name":"Transmorgrifier","floor":22,"gold_loss":0,"cards_obtained":["Consume"]}],"is_beta":true,"boss_relics":[{"not_picked":["Runic Dome","Calling Bell"],"picked":"Pandora\u0027s Box"}],"items_purged_floors":[20],"is_endless":false,"potions_floor_spawned":[4,13,14,19,29],"killed_by":"Collector","ascension_level":18}