{"path_per_floor":["M","M","M","M","$","R","E","?","T","M","M","M","R","?","R","B",null,"M","M","M","?","$","R","?","R","T","E"],"character_chosen":"DEFECT","items_purchased":["Vajra","Self Repair"],"gold_per_floor":[114,129,144,159,9,9,39,0,25,40,55,70,70,70,70,170,170,185,200,215,215,180,180,105,105,105,135,135],"floor_reached":28,"campfire_rested":1,"playtime":6396,"item_purchase_floors":[5,22],"current_hp_per_floor":[75,61,43,33,33,33,13,13,13,4,1,1,70,70,70,48,70,63,55,29,29,29,29,29,29,29,29,0],"items_purged":[],"gold":135,"score":265,"play_id":"e3680cda-1151-414b-927d-22bf7178cad8","local_time":"20180610141637","daily_mods":["Specialized","Uncertain Future","Night Terrors"],"is_prod":false,"is_daily":true,"chose_seed":false,"is_ascension_mode":false,"campfire_upgraded":4,"win_rate":0.0,"timestamp":1528604197,"campfire_choices":[{"data":"Zap","floor":6,"key":"SMITH"},{"floor":13,"key":"REST"},{"data":"Coolheaded","floor":15,"key":"SMITH"},{"data":"Self Repair","floor":23,"key":"SMITH"},{"data":"Capacitor","floor":25,"key":"SMITH"}],"path_taken":["M","?","M","M","$","R","E","?","T","M","M","M","R","?","R","BOSS","M","M","M","?","$","R","?","R","T","E","M"],"build_version":"2018-06-07v3","seed_source_timestamp":14992474305581,"purchased_purges":0,"victory":false,"master_deck":["Strike_B","Strike_B","Strike_B","Defend_B","Defend_B","Defend_B","Defend_B","Zap+1","Dualcast","Seek","Seek","Seek","Seek","Seek","Capacitor+1","Coolheaded+1","Redo","Storm","Barrage","Chill","Conserve Battery","Blizzard+1","Machine Learning","Skim+1","Self Repair+1"],"max_hp_per_floor":[75,75,75,75,75,75,75,75,75,75,75,75,70,70,70,70,70,70,70,70,70,70,70,70,70,70,70,70],"relics":["Cracked Core","Vajra","Mercury Hourglass","Art of War","Busted Crown","Happy Flower","Orichalcum"],"card_choices":[{"not_picked":["Compile Driver","Conserve Battery"],"picked":"Capacitor","floor":1},{"not_picked":["Barrage","Scrape"],"picked":"Coolheaded","floor":2},{"not_picked":["Go for the Eyes","Compile Driver"],"picked":"Redo","floor":3},{"not_picked":["Coolheaded","Go for the Eyes"],"picked":"Storm","floor":4},{"not_picked":["FTL","Ball Lightning"],"picked":"Barrage","floor":7},{"not_picked":["Lockon","Conserve Battery"],"picked":"Chill","floor":10},{"not_picked":["Leap","Sweeping Beam"],"picked":"Conserve Battery","floor":11},{"not_picked":["Ball Lightning","FTL"],"picked":"Blizzard","floor":12},{"not_picked":["Hyperbeam","Seek"],"picked":"Machine Learning","floor":16},{"not_picked":[],"picked":"Skim+1","floor":18},{"not_picked":["Skim"],"picked":"SKIP","floor":19},{"not_picked":["Double Energy"],"picked":"SKIP","floor":20},{"not_picked":["Skim"],"picked":"SKIP","floor":27}],"player_experience":339552,"potions_floor_usage":[16,19,27,28],"damage_taken":[{"damage":0,"enemies":"Cultist","floor":1,"turns":4},{"damage":14,"enemies":"2 Louse","floor":2,"turns":3},{"damage":18,"enemies":"Jaw Worm","floor":3,"turns":5},{"damage":10,"enemies":"2 Fungi Beasts","floor":4,"turns":3},{"damage":20,"enemies":"3 Sentries","floor":7,"turns":9},{"damage":9,"enemies":"Exordium Thugs","floor":10,"turns":4},{"damage":3,"enemies":"Looter","floor":11,"turns":2},{"damage":0,"enemies":"3 Louse","floor":12,"turns":2},{"damage":22,"enemies":"The Guardian","floor":16,"turns":12},{"damage":7,"enemies":"Spheric Guardian","floor":18,"turns":4},{"damage":8,"enemies":"Chosen","floor":19,"turns":4},{"damage":26,"enemies":"Snake Plant","floor":20,"turns":3},{"damage":10,"enemies":"Slavers","floor":27,"turns":5},{"damage":35,"enemies":"Chosen and Byrds","floor":28,"turns":6}],"relics_obtained":[{"floor":7,"key":"Mercury Hourglass"},{"floor":9,"key":"Art of War"},{"floor":26,"key":"Happy Flower"},{"floor":27,"key":"Orichalcum"}],"event_choices":[{"event_name":"World of Goop","player_choice":"Left","floor":8,"damage_taken":0},{"event_name":"Living Wall","player_choice":"Grow","floor":14,"damage_taken":0},{"event_name":"Drug Dealer","player_choice":"Ignored","floor":21,"damage_taken":0},{"event_name":"Beggar","player_choice":"Gave Gold","floor":24,"damage_taken":0}],"boss_relics":[{"not_picked":["Black Star","Runic Pyramid"],"picked":"Busted Crown"}],"items_purged_floors":[],"potions_floor_spawned":[2,3,11,18,19],"seed_played":"3483754520663097572","killed_by":"Chosen and Byrds","ascension_level":0,"potions_obtained":[{"floor":2,"key":"PowerPotion"},{"floor":3,"key":"Ancient Potion"},{"floor":11,"key":"SpeedPotion"},{"floor":18,"key":"Explosive Potion"},{"floor":19,"key":"PowerPotion"}],"is_trial":false}