{"gold_per_floor":[118,134,198,168,181,181,206,206,206,206,225,243,277,277,277,277],"floor_reached":16,"playtime":643,"items_purged":[],"score":240,"play_id":"09d83d7e-d584-425a-9f24-1ac3f9a98a43","local_time":"20190116224114","is_ascension_mode":true,"campfire_choices":[{"data":"Zap","floor":6,"key":"SMITH"},{"data":"Hyperbeam","floor":8,"key":"SMITH"},{"data":"Melter","floor":10,"key":"SMITH"},{"floor":15,"key":"REST"}],"neow_cost":"NONE","seed_source_timestamp":173490805638437,"circlet_count":0,"master_deck":["AscendersBane","Strike_B","Strike_B","Strike_B","Strike_B","Defend_B","Defend_B","Defend_B","Defend_B","Zap+1","Dualcast","All For One","Go for the Eyes","Melter+1","Hyperbeam+1","Static Discharge","Steam","Beam Cell"],"relics":["Cracked Core","Mummified Hand","Cables","Letter Opener","Golden Idol"],"potions_floor_usage":[7,7,11,13],"damage_taken":[{"damage":0,"enemies":"2 Louse","floor":1,"turns":2},{"damage":4,"enemies":"Jaw Worm","floor":2,"turns":3},{"damage":0,"enemies":"Cultist","floor":5,"turns":3},{"damage":15,"enemies":"Lagavulin","floor":7,"turns":5},{"damage":0,"enemies":"3 Louse","floor":11,"turns":1},{"damage":17,"enemies":"Lots of Slimes","floor":12,"turns":3},{"damage":5,"enemies":"3 Sentries","floor":13,"turns":3}],"seed_played":"-325563481291342107","potions_obtained":[{"floor":2,"key":"PowerPotion"},{"floor":4,"key":"Dexterity Potion"},{"floor":4,"key":"SkillPotion"},{"floor":7,"key":"GamblersBrew"}],"is_trial":false,"path_per_floor":["M","M","?","?","M","R","E","R","T","R","M","M","E","?","R","B"],"character_chosen":"DEFECT","items_purchased":[],"campfire_rested":1,"item_purchase_floors":[],"current_hp_per_floor":[68,64,64,64,64,64,49,49,49,49,49,32,27,27,47,0],"gold":277,"neow_bonus":"ONE_RANDOM_RARE_CARD","is_prod":false,"is_daily":false,"chose_seed":false,"campfire_upgraded":3,"win_rate":0,"timestamp":1547696474,"path_taken":["M","M","?","?","M","R","E","R","T","R","M","?","E","?","R","BOSS"],"build_version":"2019-01-10","purchased_purges":0,"victory":false,"max_hp_per_floor":[75,75,75,75,75,75,75,75,75,75,75,75,75,69,69,69],"card_choices":[{"not_picked":["Melter","Hologram"],"picked":"Go for the Eyes","floor":1},{"not_picked":["Stack","Reprogram"],"picked":"Melter","floor":2},{"not_picked":["Rebound","Darkness","Genetic Algorithm"],"picked":"SKIP","floor":5},{"not_picked":["Conserve Battery","Stack"],"picked":"Hyperbeam","floor":7},{"not_picked":["Conserve Battery","Rebound"],"picked":"Static Discharge","floor":11},{"not_picked":["Conserve Battery","Doom and Gloom"],"picked":"Steam","floor":12},{"not_picked":["Blizzard","Machine Learning"],"picked":"Beam Cell","floor":13}],"player_experience":513068,"relics_obtained":[{"floor":7,"key":"Mummified Hand"},{"floor":9,"key":"Cables"},{"floor":13,"key":"Letter Opener"}],"event_choices":[{"damage_healed":0,"gold_gain":64,"player_choice":"Gained Gold","damage_taken":0,"max_hp_gain":0,"max_hp_loss":0,"event_name":"Golden Wing","floor":3,"gold_loss":0},{"damage_healed":0,"gold_gain":0,"player_choice":"Bought 2 Potions","damage_taken":0,"max_hp_gain":0,"max_hp_loss":0,"event_name":"The Woman in Blue","floor":4,"gold_loss":0},{"damage_healed":0,"gold_gain":0,"player_choice":"Lose Max HP","damage_taken":0,"relics_obtained":["Golden Idol"],"max_hp_gain":0,"max_hp_loss":6,"event_name":"Golden Idol","floor":14,"gold_loss":0}],"is_beta":false,"boss_relics":[],"items_purged_floors":[],"is_endless":false,"potions_floor_spawned":[2,7],"killed_by":"The Guardian","ascension_level":10}