{"gold_per_floor":[114,189,106,281,291,291,319,319,319,346,346,362,373,59,59,160,160,160,100,100,100,100,100,100,100,100,100,100,100,100,100],"floor_reached":31,"playtime":1441,"items_purged":[],"score":409,"play_id":"08ce9a01-af14-42b1-98b8-4760dd685bfc","local_time":"20190110024538","is_ascension_mode":true,"campfire_choices":[{"data":"Streamline","floor":6,"key":"SMITH"},{"data":"Sunder","floor":8,"key":"SMITH"},{"floor":11,"key":"REST"},{"data":"Gash","floor":15,"key":"SMITH"},{"floor":23,"key":"REST"},{"floor":25,"key":"REST"},{"floor":30,"key":"REST"}],"neow_cost":"NONE","seed_source_timestamp":1924485820666951,"circlet_count":0,"master_deck":["Strike_B","Strike_B","Strike_B","Strike_B","Defend_B","Defend_B","Defend_B","Defend_B","Zap","Dualcast","Streamline+1","Gash","Chill","Doubt","Cold Snap","Sunder+1","Cold Snap","Go for the Eyes","Consume","Panache+1","Gash+1","Capacitor+1","Seek","Beam Cell","Static Discharge+1","Core Surge","Static Discharge+1","Go for the Eyes+1","White Noise"],"relics":["Cracked Core","NeowsBlessing","Bag of Marbles","Frozen Egg 2","Orichalcum","Ectoplasm","FaceOfCleric","Darkstone Periapt"],"potions_floor_usage":[10,16,20,27,27],"damage_taken":[{"damage":0,"enemies":"Jaw Worm","floor":1,"turns":1},{"damage":0,"enemies":"Small Slimes","floor":5,"turns":1},{"damage":0,"enemies":"Gremlin Nob","floor":7,"turns":1},{"damage":29,"enemies":"Lagavulin","floor":10,"turns":4},{"damage":0,"enemies":"Cultist","floor":12,"turns":2},{"damage":5,"enemies":"Blue Slaver","floor":13,"turns":2},{"damage":25,"enemies":"The Guardian","floor":16,"turns":9},{"damage":12,"enemies":"Spheric Guardian","floor":18,"turns":4},{"damage":25,"enemies":"2 Thieves","floor":19,"turns":3},{"damage":0,"enemies":"Centurion and Healer","floor":20,"turns":7},{"damage":18,"enemies":"Snake Plant","floor":22,"turns":1},{"damage":2,"enemies":"Shelled Parasite and Fungi","floor":24,"turns":6},{"damage":8,"enemies":"Chosen and Byrds","floor":27,"turns":4},{"damage":7,"enemies":"Snecko","floor":28,"turns":4},{"damage":30,"enemies":"Gremlin Leader","floor":29,"turns":6},{"damage":38,"enemies":"Slavers","floor":31,"turns":2}],"seed_played":"1109731633778669831","potions_obtained":[{"floor":1,"key":"LiquidBronze"},{"floor":7,"key":"Poison Potion"},{"floor":12,"key":"FearPotion"},{"floor":19,"key":"Fire Potion"},{"floor":22,"key":"Energy Potion"}],"is_trial":false,"path_per_floor":["M","?","$","?","M","R","E","R","T","E","R","M","M","$","R","B",null,"M","M","M","?","M","R","M","R","T","M","M","E","R","E"],"character_chosen":"DEFECT","items_purchased":["Gash","Chill","Panache+1","Gash","Capacitor+1"],"campfire_rested":4,"item_purchase_floors":[3,3,14,14,14],"current_hp_per_floor":[68,57,57,57,57,57,57,57,57,28,50,50,45,45,45,20,61,49,24,24,24,7,29,28,51,51,44,38,9,33,0],"gold":100,"neow_bonus":"THREE_ENEMY_KILL","is_prod":false,"is_daily":false,"chose_seed":false,"campfire_upgraded":3,"win_rate":0,"timestamp":1547106338,"path_taken":["M","?","$","?","M","R","E","R","T","E","R","M","M","$","R","BOSS","M","M","M","?","M","R","M","R","T","M","?","E","R","E"],"build_version":"2019-01-03v4","purchased_purges":0,"victory":false,"max_hp_per_floor":[75,75,75,75,75,75,75,75,75,75,75,75,75,75,75,75,75,75,75,75,75,76,76,77,77,77,78,79,80,80,80],"card_choices":[{"not_picked":["Tempest","Compile Driver"],"picked":"Streamline","floor":1},{"not_picked":["Undo","Storm"],"picked":"Cold Snap","floor":5},{"not_picked":["Thunder Strike","Rebound"],"picked":"Sunder","floor":7},{"not_picked":["Turbo","Hologram"],"picked":"Cold Snap","floor":10},{"not_picked":["Steam","Compile Driver"],"picked":"Go for the Eyes","floor":12},{"not_picked":["Sweeping Beam","Ball Lightning"],"picked":"Consume","floor":13},{"not_picked":["Electrodynamics+1","Meteor Strike"],"picked":"Seek","floor":16},{"not_picked":["Turbo","Tempest"],"picked":"Beam Cell","floor":18},{"not_picked":["Hello World+1","Barrage"],"picked":"Static Discharge+1","floor":19},{"not_picked":["Redo","Turbo","Sweeping Beam"],"picked":"SKIP","floor":20},{"not_picked":["Hello World+1","Streamline","Cold Snap"],"picked":"SKIP","floor":22},{"not_picked":["Blizzard","Static Discharge+1"],"picked":"Core Surge","floor":24},{"not_picked":["Hello World+1","Sweeping Beam"],"picked":"Static Discharge+1","floor":27},{"not_picked":["Steam","Rip and Tear+1"],"picked":"Go for the Eyes+1","floor":28},{"not_picked":["Reinforced Body+1","Cold Snap"],"picked":"White Noise","floor":29}],"player_experience":442868,"relics_obtained":[{"floor":7,"key":"Bag of Marbles"},{"floor":9,"key":"Frozen Egg 2"},{"floor":10,"key":"Orichalcum"},{"floor":29,"key":"Darkstone Periapt"}],"event_choices":[{"damage_healed":0,"gold_gain":75,"player_choice":"Gather Gold","damage_taken":11,"max_hp_gain":0,"max_hp_loss":0,"event_name":"World of Goop","floor":2,"gold_loss":0},{"damage_healed":0,"gold_gain":175,"player_choice":"AGREE","damage_taken":0,"max_hp_gain":0,"max_hp_loss":0,"event_name":"Liars Game","floor":4,"gold_loss":0,"cards_obtained":["Doubt"]},{"damage_healed":0,"gold_gain":0,"player_choice":"Trade","damage_taken":0,"relics_obtained":["FaceOfCleric"],"max_hp_gain":0,"max_hp_loss":0,"event_name":"FaceTrader","floor":21,"gold_loss":0}],"is_beta":false,"boss_relics":[{"not_picked":["Coffee Dripper","Fusion Hammer"],"picked":"Ectoplasm"}],"items_purged_floors":[],"is_endless":false,"potions_floor_spawned":[1,7,12,19,22],"killed_by":"Slavers","ascension_level":8}