{"gold_per_floor":[113,263,280,280,280,306,306,338,338,358,358,370,185,185],"floor_reached":14,"playtime":764,"items_purged":["Doubt"],"score":234,"play_id":"4fca2a9c-49f6-492e-adcc-4eb62e1bcaab","local_time":"20181129002024","is_ascension_mode":true,"campfire_choices":[{"data":"Coolheaded","floor":7,"key":"SMITH"},{"floor":11,"key":"REST"}],"neow_cost":"NONE","seed_source_timestamp":94859181657590,"circlet_count":0,"master_deck":["AscendersBane","Strike_B","Strike_B","Strike_B","Strike_B","Defend_B","Defend_B","Defend_B","Defend_B","Zap","Dualcast","Doom and Gloom","Coolheaded+1","Hologram+1","White Noise+1","Undo+1","BootSequence+1","Defragment","Loop"],"relics":["Cracked Core","NeowsBlessing","The Courier","Toxic Egg 2","Nunchaku","Darkstone Periapt","Molten Egg 2"],"potions_floor_usage":[8,8,12],"damage_taken":[{"damage":0,"enemies":"Jaw Worm","floor":1,"turns":1},{"damage":0,"enemies":"2 Louse","floor":3,"turns":1},{"damage":0,"enemies":"Gremlin Nob","floor":6,"turns":1},{"damage":44,"enemies":"3 Sentries","floor":8,"turns":7},{"damage":0,"enemies":"Cultist","floor":10,"turns":4},{"damage":10,"enemies":"Lots of Slimes","floor":12,"turns":4},{"damage":13,"enemies":"3 Louse","floor":14,"turns":2}],"seed_played":"5837106318504814747","potions_obtained":[{"floor":1,"key":"SteroidPotion"},{"floor":6,"key":"Energy Potion"},{"floor":8,"key":"Block Potion"}],"is_trial":false,"path_per_floor":["M","?","M","?","T","E","R","E","T","M","R","M","$","M"],"character_chosen":"DEFECT","items_purchased":["Defragment","Loop"],"campfire_rested":1,"item_purchase_floors":[13,13],"current_hp_per_floor":[64,64,64,46,46,46,46,2,2,2,23,13,13,0],"gold":185,"neow_bonus":"THREE_ENEMY_KILL","is_prod":false,"is_daily":false,"chose_seed":false,"campfire_upgraded":1,"win_rate":0,"timestamp":1543450824,"path_taken":["M","?","M","?","?","E","R","E","T","M","R","M","$","M"],"build_version":"2018-11-15","purchased_purges":1,"victory":false,"max_hp_per_floor":[71,71,71,71,71,71,71,71,71,71,71,71,71,71],"card_choices":[{"not_picked":["Storm","Streamline"],"picked":"Doom and Gloom","floor":1},{"not_picked":["Scrape","Steam"],"picked":"Coolheaded","floor":3},{"not_picked":["Ball Lightning","Compile Driver"],"picked":"Hologram+1","floor":6},{"not_picked":["Hologram+1","Redo+1"],"picked":"White Noise+1","floor":8},{"not_picked":["Barrage+1","Turbo+1"],"picked":"Undo+1","floor":10},{"not_picked":["Steam+1","Leap+1"],"picked":"BootSequence+1","floor":12}],"player_experience":943175,"relics_obtained":[{"floor":5,"key":"Toxic Egg 2"},{"floor":6,"key":"Nunchaku"},{"floor":8,"key":"Darkstone Periapt"},{"floor":9,"key":"Molten Egg 2"}],"event_choices":[{"damage_healed":0,"gold_gain":150,"player_choice":"AGREE","damage_taken":0,"max_hp_gain":0,"max_hp_loss":0,"event_name":"Liars Game","floor":2,"gold_loss":0,"cards_obtained":["Doubt"]},{"damage_healed":0,"gold_gain":0,"player_choice":"Success","damage_taken":18,"relics_obtained":["The Courier"],"max_hp_gain":0,"max_hp_loss":0,"event_name":"Scrap Ooze","floor":4,"gold_loss":0}],"is_beta":true,"boss_relics":[],"items_purged_floors":[13],"is_endless":false,"potions_floor_spawned":[1,6,8],"killed_by":"3 Louse","ascension_level":18}