{"gold_per_floor":[368,443,457,457,470,496,496,88,134,149,119],"floor_reached":11,"playtime":364,"items_purged":["Strike_B"],"score":77,"play_id":"0d9a7688-168a-4d36-85da-4cd510e2a51e","local_time":"20190129154103","is_ascension_mode":true,"campfire_choices":[{"data":"Loop","floor":7,"key":"SMITH"}],"neow_cost":"PERCENT_DAMAGE","seed_source_timestamp":222082387554420,"circlet_count":0,"master_deck":["Strike_B","Strike_B","Strike_B","Defend_B","Defend_B","Defend_B","Defend_B","Zap","Dualcast","Loop+1","White Noise","Loop","White Noise","White Noise"],"relics":["Cracked Core","CultistMask","Strawberry","Runic Capacitor","PreservedInsect"],"potions_floor_usage":[6,10],"damage_taken":[{"damage":5,"enemies":"Small Slimes","floor":1,"turns":4},{"damage":4,"enemies":"2 Louse","floor":3,"turns":3},{"damage":1,"enemies":"Cultist","floor":5,"turns":3},{"damage":16,"enemies":"Lagavulin","floor":6,"turns":6},{"damage":15,"enemies":"Lots of Slimes","floor":10,"turns":5},{"damage":13,"enemies":"Exordium Thugs","floor":11,"turns":2}],"seed_played":"7503432826775998562","potions_obtained":[{"floor":5,"key":"Poison Potion"},{"floor":6,"key":"SkillPotion"}],"is_trial":false,"path_per_floor":["M","?","M","?","M","E","R","$","T","M","M"],"character_chosen":"DEFECT","items_purchased":["Loop","Runic Capacitor","White Noise"],"campfire_rested":0,"item_purchase_floors":[8,8,8],"current_hp_per_floor":[49,38,34,34,33,24,24,24,24,9,0],"gold":119,"neow_bonus":"TWO_FIFTY_GOLD","is_prod":false,"is_daily":false,"chose_seed":false,"campfire_upgraded":1,"win_rate":0,"timestamp":1548736863,"path_taken":["M","?","M","?","?","E","R","$","T","M","M"],"build_version":"2019-01-23","purchased_purges":1,"victory":false,"max_hp_per_floor":[75,75,75,75,75,82,82,82,82,82,82],"card_choices":[{"not_picked":["Conserve Battery","Barrage"],"picked":"Loop","floor":1},{"not_picked":["Hologram","Skim"],"picked":"White Noise","floor":3},{"not_picked":["Sweeping Beam","Hologram","Gash"],"picked":"SKIP","floor":5},{"not_picked":["Steam Power","Streamline","Turbo"],"picked":"SKIP","floor":6},{"not_picked":["Conserve Battery","Consume"],"picked":"White Noise","floor":10}],"player_experience":1154866,"relics_obtained":[{"floor":6,"key":"Strawberry"},{"floor":9,"key":"PreservedInsect"}],"event_choices":[{"damage_healed":0,"gold_gain":75,"player_choice":"Gather Gold","damage_taken":11,"max_hp_gain":0,"max_hp_loss":0,"event_name":"World of Goop","floor":2,"gold_loss":0},{"damage_healed":0,"gold_gain":0,"player_choice":"Trade","damage_taken":0,"relics_obtained":["CultistMask"],"max_hp_gain":0,"max_hp_loss":0,"event_name":"FaceTrader","floor":4,"gold_loss":0}],"is_beta":true,"boss_relics":[],"items_purged_floors":[8],"is_endless":false,"potions_floor_spawned":[5,6],"killed_by":"Exordium Thugs","ascension_level":1}