{"gold_per_floor":[119,119,132,132,82,82,93,93,93,93,113,138,161,336,336,456,456,479,404,404,404,322,322,271,196],"floor_reached":25,"playtime":1829,"items_purged":["Doubt"],"score":302,"play_id":"12a2449d-462b-4c98-9ded-04ce9e29f392","local_time":"20180925100220","is_ascension_mode":true,"campfire_choices":[{"data":"Bash","floor":6,"key":"SMITH"},{"data":"True Grit","floor":10,"key":"SMITH"},{"data":"Clothesline","floor":15,"key":"SMITH"},{"data":"Demon Form","floor":23,"key":"SMITH"}],"neow_cost":"","seed_source_timestamp":957857521935757,"circlet_count":0,"master_deck":["Strike_R","Strike_R","Strike_R","Strike_R","Defend_R","Defend_R","Defend_R","Bash+1","AscendersBane","Pommel Strike","Bash","Jack Of All Trades","True Grit+1","Ghostly Armor","Pummel","Clothesline+1","Juggernaut","Shockwave","Exhume","Demon Form+1","Havoc","Exhume","Feel No Pain","Warcry"],"relics":["Black Blood","Golden Idol","Matryoshka"],"potions_floor_usage":[16,16],"damage_taken":[{"damage":10,"enemies":"2 Louse","floor":1,"turns":3},{"damage":1,"enemies":"Cultist","floor":3,"turns":3},{"damage":12,"enemies":"Jaw Worm","floor":7,"turns":2},{"damage":8,"enemies":"Looter","floor":11,"turns":3},{"damage":17,"enemies":"Exordium Thugs","floor":12,"turns":6},{"damage":12,"enemies":"2 Fungi Beasts","floor":13,"turns":6},{"damage":45,"enemies":"The Guardian","floor":16,"turns":15},{"damage":23,"enemies":"Chosen","floor":18,"turns":7}],"seed_played":"5945281624700685707","potions_obtained":[{"floor":1,"key":"Strength Potion"},{"floor":7,"key":"EssenceOfSteel"},{"floor":12,"key":"Poison Potion"}],"is_trial":false,"path_per_floor":["M","?","M","?","$","R","M","?","T","R","M","M","M","?","R","B",null,"M","$","?","?","$","R","$"],"character_chosen":"IRONCLAD","items_purchased":["True Grit","Feel No Pain","Warcry"],"campfire_rested":0,"item_purchase_floors":[5,22,24],"current_hp_per_floor":[68,68,73,78,78,78,72,72,72,72,70,63,57,57,57,18,64,55,55,55,55,55,55,55,17],"gold":196,"neow_bonus":"","is_prod":false,"is_daily":false,"chose_seed":false,"campfire_upgraded":4,"win_rate":0,"timestamp":1537894940,"path_taken":["M","?","M","?","$","R","?","?","T","R","M","M","M","?","R","BOSS","M","?","?","?","$","R","?","M"],"build_version":"2018-09-20","purchased_purges":1,"victory":false,"max_hp_per_floor":[80,80,80,85,85,85,85,79,79,79,79,79,79,79,79,79,79,79,79,79,79,79,79,79,79],"card_choices":[{"not_picked":["Flame Barrier","Cleave"],"picked":"Pommel Strike","floor":1},{"not_picked":["Seeing Red","Wild Strike"],"picked":"Pommel Strike","floor":3},{"not_picked":["Sword Boomerang","Anger"],"picked":"Ghostly Armor","floor":7},{"not_picked":["Pommel Strike","Headbutt"],"picked":"Iron Wave","floor":11},{"not_picked":["Body Slam","Entrench"],"picked":"Pummel","floor":12},{"not_picked":["Rampage","Perfected Strike"],"picked":"Clothesline","floor":13},{"not_picked":["Offering","Exhume"],"picked":"Juggernaut","floor":16},{"not_picked":["Anger+1","Sentinel"],"picked":"Shockwave","floor":18}],"player_experience":1076443,"relics_obtained":[{"floor":9,"key":"Matryoshka"}],"event_choices":[{"event_name":"Match and Keep!","player_choice":"2 cards matched","floor":2,"damage_taken":0},{"event_name":"Big Fish","player_choice":"Donut","floor":4,"damage_taken":0},{"event_name":"Golden Idol","player_choice":"Lose Max HP","floor":8,"damage_taken":0},{"event_name":"Liars Game","player_choice":"agreed","floor":14,"damage_taken":0},{"event_name":"Drug Dealer","player_choice":"Became Test Subject","floor":20,"damage_taken":0},{"event_name":"Transmorgrifier","player_choice":"Transform","floor":21,"damage_taken":0}],"is_beta":false,"boss_relics":[{"not_picked":["Runic Dome","Runic Cube"],"picked":"Black Blood"}],"items_purged_floors":[19],"is_endless":false,"potions_floor_spawned":[1,7,12],"killed_by":"2 Thieves","ascension_level":12}