{"gold_per_floor":[117,131,141,66,77,107,118,148,148,167,185,185,195,212,212,316,316,327,346,346,42,42,42,141,141],"floor_reached":25,"playtime":831,"items_purged":["Strike_R"],"score":254,"play_id":"100b5fce-d736-4262-97ad-5ff35e6cb25d","local_time":"20190202014622","is_ascension_mode":true,"campfire_choices":[{"data":"Corruption","floor":12,"key":"SMITH"},{"data":"Heavy Blade","floor":15,"key":"SMITH"}],"neow_cost":"NONE","seed_source_timestamp":101651159681714,"circlet_count":0,"master_deck":["Strike_R+1","Strike_R+1","Strike_R+1","Strike_R+1","Defend_R+1","Defend_R+1","Defend_R+1","Defend_R+1","Bash","Madness","Flame Barrier","Sword Boomerang","Wild Strike","Pummel","Corruption+1","Headbutt","Cleave","Spot Weakness","Disarm","Heavy Blade+1","Juggernaut","Whirlwind","Shrug It Off+1","Burning Pact+1"],"relics":["Burning Blood","Dodecahedron","Potion Belt","Fusion Hammer","Toxic Egg 2"],"potions_floor_usage":[6,6,16],"damage_taken":[{"damage":1,"enemies":"Cultist","floor":1,"turns":4},{"damage":7,"enemies":"2 Louse","floor":2,"turns":3},{"damage":6,"enemies":"Jaw Worm","floor":3,"turns":4},{"damage":11,"enemies":"Large Slime","floor":5,"turns":3},{"damage":0,"enemies":"Gremlin Nob","floor":6,"turns":2},{"damage":2,"enemies":"2 Fungi Beasts","floor":7,"turns":3},{"damage":12,"enemies":"3 Sentries","floor":8,"turns":7},{"damage":0,"enemies":"Looter","floor":10,"turns":3},{"damage":0,"enemies":"Large Slime","floor":11,"turns":4},{"damage":7,"enemies":"Red Slaver","floor":13,"turns":4},{"damage":10,"enemies":"Looter","floor":14,"turns":2},{"damage":20,"enemies":"The Guardian","floor":16,"turns":9},{"damage":18,"enemies":"Shell Parasite","floor":18,"turns":5},{"damage":0,"enemies":"3 Byrds","floor":19,"turns":5}],"seed_played":"-1249990583257623857","potions_obtained":[{"floor":1,"key":"SteroidPotion"},{"floor":2,"key":"Fire Potion"},{"floor":6,"key":"LiquidBronze"},{"floor":10,"key":"Ancient Potion"},{"floor":13,"key":"Strength Potion"},{"floor":14,"key":"FearPotion"},{"floor":18,"key":"AttackPotion"}],"is_trial":false,"path_per_floor":["M","M","M","$","M","E","M","E","T","M","M","R","M","M","R","B",null,"M","M","?","$","?","?","?","$"],"character_chosen":"IRONCLAD","items_purchased":["Toxic Egg 2","Shrug It Off+1"],"campfire_rested":0,"item_purchase_floors":[21,21],"current_hp_per_floor":[80,79,79,79,74,80,80,74,74,80,80,80,79,75,75,61,80,68,74,59,59,59,59,59,59],"gold":141,"neow_bonus":"RANDOM_COLORLESS","is_prod":false,"is_daily":false,"chose_seed":false,"campfire_upgraded":2,"win_rate":0,"timestamp":1549100782,"path_taken":["M","M","M","$","M","E","M","E","T","M","?","R","M","M","R","BOSS","M","M","?","$","?","?","?","$"],"build_version":"2019-01-23","purchased_purges":1,"victory":false,"max_hp_per_floor":[80,80,80,80,80,80,80,80,80,80,80,80,80,80,80,80,80,80,80,85,85,85,85,85,85],"card_choices":[{"not_picked":["Anger","Shrug It Off"],"picked":"Flame Barrier","floor":1},{"not_picked":["Seeing Red","Combust"],"picked":"Sword Boomerang","floor":2},{"not_picked":["Havoc","Iron Wave"],"picked":"Wild Strike","floor":3},{"not_picked":["Infernal Blade","Dual Wield"],"picked":"Pummel","floor":5},{"not_picked":["Bludgeon","Entrench"],"picked":"Corruption","floor":6},{"not_picked":["Hemokinesis","Clash"],"picked":"Headbutt","floor":7},{"not_picked":["Havoc","Perfected Strike"],"picked":"Cleave","floor":8},{"not_picked":["Double Tap","Havoc"],"picked":"Spot Weakness","floor":10},{"not_picked":["Thunderclap","Corruption"],"picked":"Disarm","floor":11},{"not_picked":["Carnage","Havoc"],"picked":"Heavy Blade","floor":13},{"not_picked":["Hemokinesis","Reckless Charge","Sword Boomerang"],"picked":"SKIP","floor":14},{"not_picked":["Offering","Brutality"],"picked":"Juggernaut","floor":16},{"not_picked":["Warcry","Perfected Strike+1","Headbutt"],"picked":"SKIP","floor":18},{"not_picked":["Dropkick+1","True Grit"],"picked":"Whirlwind","floor":19}],"player_experience":1002408,"relics_obtained":[{"floor":6,"key":"Dodecahedron"},{"floor":8,"key":"Potion Belt"}],"event_choices":[{"damage_healed":0,"gold_gain":0,"player_choice":"Shed Blood","damage_taken":20,"max_hp_gain":5,"max_hp_loss":0,"event_name":"Forgotten Altar","floor":20,"gold_loss":0},{"damage_healed":0,"gold_gain":0,"player_choice":"Read","damage_taken":0,"max_hp_gain":0,"max_hp_loss":0,"event_name":"The Library","floor":22,"gold_loss":0,"cards_obtained":["Burning Pact"]},{"damage_healed":0,"gold_gain":0,"player_choice":"Simplicity","damage_taken":0,"max_hp_gain":0,"max_hp_loss":0,"event_name":"Back to Basics","floor":23,"gold_loss":0,"cards_upgraded":["Strike_R","Strike_R","Strike_R","Strike_R","Defend_R","Defend_R","Defend_R","Defend_R"]},{"damage_healed":0,"gold_gain":99,"player_choice":"Stole From Cult","damage_taken":0,"max_hp_gain":0,"max_hp_loss":0,"event_name":"Nest","floor":24,"gold_loss":0}],"is_beta":true,"boss_relics":[{"not_picked":["Runic Pyramid","Eternal Feather"],"picked":"Fusion Hammer"}],"items_purged_floors":[4],"is_endless":false,"potions_floor_spawned":[1,2,6,10,13,14,18],"ascension_level":1}