{"gold_per_floor":[115,38,113,113,113,113,141,141,165,190,202,237,260,272,284,296],"floor_reached":16,"playtime":474,"items_purged":[],"score":315,"play_id":"eeb5601f-c6b2-4ffa-b084-45d889e0dc93","local_time":"20181214133534","is_ascension_mode":true,"campfire_choices":[{"data":"Bouncing Flask","floor":6.0,"key":"SMITH"},{"data":"Well Laid Plans","floor":8.0,"key":"SMITH"},{"floor":15.0,"key":"REST"}],"neow_cost":"NONE","seed_source_timestamp":199295465157821,"circlet_count":0,"master_deck":["AscendersBane","Defend_G","Defend_G","Defend_G","Defend_G","Defend_G","Strike_G","Strike_G","Strike_G","Survivor","Neutralize+1","Bouncing Flask+1","Well Laid Plans+1","Endless Agony+1","Flechettes","Quick Slash","Noxious Fumes","Dodge and Roll"],"special_seed":0,"relics":["Ring of the Snake","NeowsBlessing","Sundial","Strawberry","Whetstone","MawBank"],"potions_floor_usage":[],"damage_taken":[{"damage":0.0,"enemies":"2 Louse","floor":1.0,"turns":1.0},{"damage":0.0,"enemies":"Lagavulin","floor":7.0,"turns":1.0},{"damage":0.0,"enemies":"Gremlin Nob","floor":10.0,"turns":1.0},{"damage":7.0,"enemies":"Jaw Worm","floor":11.0,"turns":3.0},{"damage":10.0,"enemies":"Lagavulin","floor":12.0,"turns":5.0},{"damage":0.0,"enemies":"Cultist","floor":13.0,"turns":4.0},{"damage":57,"enemies":"Slime Boss","floor":16,"turns":9}],"seed_played":"-7380651267217109765","potions_obtained":[{"floor":1.0,"key":"Poison Potion"},{"floor":13.0,"key":"EssenceOfSteel"}],"is_trial":false,"path_per_floor":["M","$","?","?","?","R","E","R","T","E","M","E","M","$","R","B"],"character_chosen":"THE_SILENT","items_purchased":["Well Laid Plans"],"campfire_rested":1,"item_purchase_floors":[2],"current_hp_per_floor":[59,59,48,41,41,41,41,41,48,48,41,31,31,31,52,0],"gold":296,"neow_bonus":"THREE_ENEMY_KILL","is_prod":false,"is_daily":false,"chose_seed":false,"campfire_upgraded":2,"win_rate":0,"timestamp":1544823334,"path_taken":["M","$","?","?","?","R","E","R","T","E","M","E","?","?","R","BOSS"],"build_version":"2018-12-13","purchased_purges":0,"victory":false,"max_hp_per_floor":[66,66,66,66,66,66,66,66,73,73,73,73,73,73,73,73],"card_choices":[{"not_picked":["Finisher","Sucker Punch"],"picked":"Bouncing Flask","floor":1.0},{"not_picked":["Bane","Eviscerate"],"picked":"Endless Agony","floor":7.0},{"not_picked":["Endless Agony","Tactician"],"picked":"Flechettes","floor":10.0},{"not_picked":["Flechettes","Bouncing Flask"],"picked":"Quick Slash","floor":11.0},{"not_picked":["Leg Sweep","Prepared"],"picked":"Noxious Fumes","floor":12.0},{"not_picked":["Sucker Punch","Slice"],"picked":"Dodge and Roll","floor":13.0}],"player_experience":1567627,"relics_obtained":[{"floor":7.0,"key":"Sundial"},{"floor":9.0,"key":"Strawberry"},{"floor":10.0,"key":"Whetstone"},{"floor":12.0,"key":"MawBank"}],"event_choices":[{"damage_healed":0.0,"max_hp_gain":0.0,"max_hp_loss":0.0,"gold_gain":75.0,"event_name":"World of Goop","player_choice":"Gather Gold","floor":3.0,"gold_loss":0.0,"damage_taken":11.0},{"cards_removed":["Strike_G"],"damage_healed":0.0,"max_hp_gain":0.0,"max_hp_loss":0.0,"gold_gain":0.0,"event_name":"Golden Wing","player_choice":"Card Removal","floor":4.0,"gold_loss":0.0,"damage_taken":7.0},{"cards_removed":["Strike_G"],"damage_healed":0.0,"max_hp_gain":0.0,"max_hp_loss":0.0,"gold_gain":0.0,"event_name":"Purifier","player_choice":"Purged","floor":5.0,"gold_loss":0.0,"damage_taken":0.0}],"is_beta":false,"boss_relics":[],"items_purged_floors":[],"is_endless":false,"potions_floor_spawned":[1,13],"killed_by":"Slime Boss","ascension_level":18}