{"gold_per_floor":[115,131,131,141,160,160,175,186,186,198,198,212,86,99,99,177,177,189,189,189,203,203],"floor_reached":22,"playtime":676,"items_purged":[],"score":452,"play_id":"453a4d15-9e6c-4141-ba81-b2c48cc53c6e","local_time":"20190203234114","is_ascension_mode":true,"campfire_choices":[{"data":"Streamline","floor":6,"key":"SMITH"},{"floor":15,"key":"REST"}],"neow_cost":"NONE","seed_source_timestamp":281599733497700,"circlet_count":0,"master_deck":["AscendersBane","Strike_B","Strike_B","Strike_B","Defend_B","Defend_B","Defend_B","Defend_B","Zap+1","Dualcast","Cold Snap","Streamline+1","Compile Driver","Leap","Auto Shields","Hologram+1","Ball Lightning","FTL","Go for the Eyes","Electrodynamics","Seek","Darkness","Necronomicurse","Barrage+1"],"relics":["Cracked Core","Dodecahedron","Inserter","Necronomicon","Bag of Preparation"],"potions_floor_usage":[12,16,16],"damage_taken":[{"damage":1,"enemies":"Cultist","floor":1,"turns":4},{"damage":3,"enemies":"2 Louse","floor":2,"turns":3},{"damage":0,"enemies":"Jaw Worm","floor":4,"turns":3},{"damage":1,"enemies":"Looter","floor":5,"turns":3},{"damage":21,"enemies":"Exordium Thugs","floor":7,"turns":7},{"damage":3,"enemies":"Red Slaver","floor":8,"turns":2},{"damage":5,"enemies":"2 Fungi Beasts","floor":10,"turns":4},{"damage":0,"enemies":"3 Louse","floor":12,"turns":1},{"damage":6,"enemies":"Exordium Thugs","floor":14,"turns":3},{"damage":0,"enemies":"Slime Boss","floor":16,"turns":5},{"damage":21,"enemies":"Shell Parasite","floor":18,"turns":8},{"damage":18,"enemies":"3 Byrds","floor":21,"turns":3},{"damage":15,"enemies":"Centurion and Healer","floor":22,"turns":3}],"seed_played":"7720205320861137501","potions_obtained":[{"floor":2,"key":"Strength Potion"},{"floor":5,"key":"Explosive Potion"},{"floor":12,"key":"FocusPotion"},{"floor":18,"key":"Energy Potion"},{"floor":21,"key":"Explosive Potion"}],"is_trial":false,"path_per_floor":["M","M","?","M","M","R","M","M","T","M","?","M","$","M","R","B",null,"M","?","?","M","M"],"character_chosen":"DEFECT","items_purchased":["FTL","Go for the Eyes"],"campfire_rested":1,"item_purchase_floors":[13,13],"current_hp_per_floor":[63,60,60,60,59,59,38,35,35,30,30,30,30,24,45,45,65,44,23,23,5,0],"gold":203,"neow_bonus":"UPGRADE_CARD","is_prod":false,"is_daily":false,"chose_seed":false,"campfire_upgraded":1,"win_rate":0,"timestamp":1549255274,"path_taken":["M","M","?","M","M","R","M","M","T","?","?","?","$","M","R","BOSS","M","?","?","M","M"],"build_version":"2019-01-23","purchased_purges":0,"victory":false,"max_hp_per_floor":[71,71,71,71,71,71,71,71,71,71,71,71,71,71,71,71,71,71,71,71,71,71],"card_choices":[{"not_picked":["Barrage","Auto Shields"],"picked":"Cold Snap","floor":1},{"not_picked":["Stack","Compile Driver"],"picked":"Streamline","floor":2},{"not_picked":["Hologram","Redo"],"picked":"Leap","floor":4},{"not_picked":["Beam Cell","Rainbow"],"picked":"Auto Shields","floor":5},{"not_picked":["Rebound","Genetic Algorithm"],"picked":"Hologram","floor":7},{"not_picked":["Blizzard","Skim","Steam Power"],"picked":"SKIP","floor":8},{"not_picked":["Go for the Eyes","Leap"],"picked":"Ball Lightning","floor":10},{"not_picked":["Aggregate","Compile Driver","Fusion"],"picked":"SKIP","floor":12},{"not_picked":["Undo","Redo"],"picked":"Electrodynamics","floor":14},{"not_picked":["Amplify","Electrodynamics"],"picked":"Seek","floor":16},{"not_picked":["Beam Cell","Undo"],"picked":"Darkness","floor":18},{"not_picked":["White Noise","Redo"],"picked":"Barrage+1","floor":21}],"player_experience":1174637,"relics_obtained":[{"floor":9,"key":"Dodecahedron"},{"floor":19,"key":"Necronomicon"}],"event_choices":[{"damage_healed":0,"gold_gain":0,"cards_transformed":["Strike_B"],"player_choice":"Transformed","damage_taken":0,"max_hp_gain":0,"max_hp_loss":0,"event_name":"Transmorgrifier","floor":3,"gold_loss":0,"cards_obtained":["Compile Driver"]},{"damage_healed":0,"gold_gain":0,"player_choice":"Forge","damage_taken":0,"max_hp_gain":0,"max_hp_loss":0,"event_name":"Accursed Blacksmith","floor":11,"gold_loss":0,"cards_upgraded":["Hologram"]},{"damage_healed":0,"gold_gain":0,"player_choice":"Obtained Book","damage_taken":21,"max_hp_gain":0,"max_hp_loss":0,"event_name":"Cursed Tome","floor":19,"gold_loss":0},{"damage_healed":0,"gold_gain":0,"player_choice":"Gave Potion","damage_taken":0,"relics_obtained":["Bag of Preparation"],"max_hp_gain":0,"max_hp_loss":0,"event_name":"WeMeetAgain","floor":20,"gold_loss":0}],"is_beta":false,"boss_relics":[{"not_picked":["Busted Crown","Lizard Tail"],"picked":"Inserter"}],"items_purged_floors":[],"is_endless":false,"potions_floor_spawned":[2,5,12,18,21],"killed_by":"Centurion and Healer","ascension_level":19}