{"path_per_floor":["M","M","?","M","M","E","T","R","T","$","T","M","R","?","R","B",null,"M","?","T","M","M"],"character_chosen":"IRONCLAD","items_purchased":["Evolve"],"gold_per_floor":[116,136,136,149,163,234,234,234,234,88,88,107,107,72,72,193,193,209,132,158,181,195,195],"floor_reached":23,"campfire_rested":1,"playtime":772,"item_purchase_floors":[10],"current_hp_per_floor":[61,65,65,71,57,32,32,32,32,32,32,24,48,68,68,48,72,67,67,67,48,46,0],"items_purged":["Injury"],"gold":195,"score":258,"play_id":"7b75750a-be87-4efe-aea7-e0de94339c6e","local_time":"20180610121044","is_prod":false,"is_daily":false,"chose_seed":false,"is_ascension_mode":true,"campfire_upgraded":2,"win_rate":0,"timestamp":1528650644,"campfire_choices":[{"data":"Perfected Strike","floor":8,"key":"SMITH"},{"floor":13,"key":"REST"},{"data":"Spot Weakness","floor":15,"key":"SMITH"}],"path_taken":["M","M","?","?","M","E","?","R","T","$","?","M","R","?","R","BOSS","M","?","?","M","M","E"],"build_version":"2018-06-07v3","seed_source_timestamp":6381622519824,"purchased_purges":1,"victory":false,"master_deck":["Strike_R","Strike_R","Strike_R","Strike_R","Strike_R","Defend_R","Defend_R","Defend_R","Defend_R","Bash","Brutality","Wild Strike","Spot Weakness+1","Perfected Strike+1","Wild Strike","Combust","Evolve","Twin Strike","Offering","Blood for Blood","J.A.X.","Perfected Strike","Armaments"],"max_hp_per_floor":[80,80,80,80,80,80,80,80,80,80,80,80,80,80,80,80,80,80,80,80,80,80,80],"relics":["Burning Blood","Golden Idol","Tiny Chest","Omamori","Darkstone Periapt","Meat on the Bone","White Beast Statue","Boot"],"card_choices":[{"not_picked":["Sword Boomerang","Cleave"],"picked":"Wild Strike","floor":1},{"not_picked":["Anger","Ghostly Armor"],"picked":"Spot Weakness","floor":2},{"not_picked":["Cleave","Iron Wave"],"picked":"Perfected Strike","floor":4},{"not_picked":["Thunderclap","Body Slam"],"picked":"Wild Strike","floor":5},{"not_picked":["Sever Soul","Juggernaut"],"picked":"Combust","floor":6},{"not_picked":["Second Wind","Headbutt"],"picked":"Twin Strike","floor":12},{"not_picked":["Immolate","Brutality"],"picked":"Offering","floor":16},{"not_picked":["Headbutt","Entrench+1"],"picked":"Blood for Blood","floor":18},{"not_picked":["Body Slam","Cleave"],"picked":"Perfected Strike","floor":21},{"not_picked":["Rampage","Uppercut"],"picked":"Armaments","floor":22}],"player_experience":262021,"potions_floor_usage":[6,16,23,23,23],"damage_taken":[{"damage":17,"enemies":"Cultist","floor":1,"turns":5},{"damage":2,"enemies":"Jaw Worm","floor":2,"turns":3},{"damage":0,"enemies":"Small Slimes","floor":4,"turns":3},{"damage":20,"enemies":"3 Louse","floor":5,"turns":4},{"damage":31,"enemies":"Gremlin Nob","floor":6,"turns":5},{"damage":26,"enemies":"Blue Slaver","floor":12,"turns":3},{"damage":38,"enemies":"Slime Boss","floor":16,"turns":7},{"damage":11,"enemies":"Spheric Guardian","floor":18,"turns":3},{"damage":37,"enemies":"2 Thieves","floor":21,"turns":3},{"damage":20,"enemies":"Cultist and Chosen","floor":22,"turns":4},{"damage":46,"enemies":"Slavers","floor":23,"turns":3}],"relics_obtained":[{"floor":6,"key":"Tiny Chest"},{"floor":7,"key":"Omamori"},{"floor":9,"key":"Darkstone Periapt"},{"floor":11,"key":"Meat on the Bone"},{"floor":20,"key":"Boot"}],"event_choices":[{"event_name":"Golden Idol","player_choice":"Take Wound","floor":3,"damage_taken":0},{"event_name":"The Cleric","player_choice":"Healed","floor":14,"damage_taken":0},{"event_name":"Drug Dealer","player_choice":"Got JAXXED","floor":19,"damage_taken":0}],"boss_relics":[{"not_picked":["Philosopher\u0027s Stone","Snecko Eye"],"picked":"White Beast Statue"}],"items_purged_floors":[10],"potions_floor_spawned":[2,5,16,18,21,22],"seed_played":"-5082725711377544617","killed_by":"Slavers","ascension_level":7,"potions_obtained":[{"floor":2,"key":"Weak Potion"},{"floor":5,"key":"Block Potion"},{"floor":16,"key":"AttackPotion"},{"floor":18,"key":"LiquidBronze"},{"floor":21,"key":"SneckoOil"},{"floor":22,"key":"Ancient Potion"}],"is_trial":false}