{"path_per_floor":["M","?","?","$","M","E","R","E","T","E","M","?","R","?","R","B",null,"M","?","M","?","?","E","R","E","T","R","M","?","M","M","R","B",null,"M","?","?","M","$","M","?","M","T","M","R","E","M","E","R","B"],"character_chosen":"DEFECT","items_purchased":["Bandage Up","Machine Learning","Orichalcum"],"gold_per_floor":[15,15,15,15,34,60,60,86,86,121,139,162,162,162,162,265,265,281,206,219,219,219,251,251,281,305,305,317,240,251,262,262,363,393,403,403,403,423,24,44,44,55,55,73,73,102,112,140,140,140],"floor_reached":51,"campfire_rested":2,"playtime":3079,"item_purchase_floors":[39,39,39],"current_hp_per_floor":[69,69,69,69,69,48,48,38,38,40,50,29,51,26,48,50,75,52,52,38,38,37,37,37,37,37,37,37,37,37,37,37,37,42,42,32,32,32,32,33,42,39,39,42,42,42,42,42,42,25],"items_purged":[],"gold":140,"score":929,"play_id":"31fc0779-b0de-4ba0-b9be-d2786e4598df","local_time":"20180602204033","is_prod":false,"is_daily":false,"chose_seed":false,"is_ascension_mode":true,"campfire_upgraded":5,"win_rate":0,"timestamp":1527990033,"campfire_choices":[{"data":"Tempest","floor":7,"key":"SMITH"},{"floor":13,"key":"REST"},{"floor":15,"key":"REST"},{"data":"Machine Learning","floor":24,"key":"SMITH"},{"data":"Injury","floor":27,"key":"PURGE"},{"data":"Capacitor","floor":32,"key":"SMITH"},{"data":"Storm","floor":45,"key":"SMITH"},{"data":"Thunder Strike","floor":49,"key":"SMITH"}],"path_taken":["M","?","?","$","M","E","R","E","T","E","M","?","R","?","R","BOSS","M","?","M","?","?","E","R","E","T","R","M","?","M","M","R","BOSS","M","?","?","M","$","M","?","M","T","M","R","E","M","E","R","BOSS"],"build_version":"2018-05-31","seed_source_timestamp":1295641063944258,"purchased_purges":0,"victory":true,"master_deck":["Strike_B+1","Strike_B","Strike_B","Defend_B","Defend_B+1","Defend_B","Zap+1","Dualcast","Tempest+1","Self Repair+1","Streamline","Barrage","Creative AI+1","Barrage","Tempest","Machine Learning+1","Loop","Double Energy","Ghostly","Ghostly","Ghostly","Ghostly","Ghostly+1","Storm+1","Capacitor+1","Self Repair+1","J.A.X.","Electrodynamics","Static Discharge","Thunder Strike+1","White Noise","Hologram+1","Mind Blast","Sadistic Nature","Jack Of All Trades","Ball Lightning+1","Bandage Up","Machine Learning","BootSequence+1","Writhe","Barrage","Parasite","Tempest+1","Steam Power+1","Sweeping Beam+1","Loop+1"],"max_hp_per_floor":[75,75,75,75,75,75,75,75,75,75,75,75,75,75,75,75,75,75,75,75,75,37,37,37,37,37,37,37,37,37,37,37,37,42,42,42,42,42,42,42,42,42,42,42,42,42,42,42,42,42],"relics":["Cracked Core","Ginger","Mummified Hand","War Paint","Dead Branch","Juzu Bracelet","Odd Mushroom","Vajra","Cursed Key","Art of War","Peace Pipe","Dream Catcher","Tiny House","Orichalcum","Regal Pillow","Whetstone","Omamori"],"card_choices":[{"not_picked":["Beam Cell","Leap"],"picked":"Tempest","floor":1},{"not_picked":["Sweeping Beam","Creative AI"],"picked":"Streamline","floor":5},{"not_picked":["Coolheaded","Go for the Eyes"],"picked":"Lockon","floor":6},{"not_picked":["Redo","Fusion"],"picked":"Barrage","floor":8},{"not_picked":["Streamline","Rebound"],"picked":"Creative AI","floor":10},{"not_picked":["Gash","Hologram"],"picked":"Barrage","floor":11},{"not_picked":["Glacier","Chaos"],"picked":"Tempest","floor":12},{"not_picked":["Echo Form","Biased Cognition"],"picked":"Machine Learning","floor":16},{"not_picked":["Hologram","Auto Shields"],"picked":"Loop","floor":18},{"not_picked":["Leap","Tempest"],"picked":"Double Energy","floor":20},{"not_picked":["Aggregate","Ball Lightning+1"],"picked":"Storm","floor":23},{"not_picked":["Barrage+1","Chaos"],"picked":"Capacitor","floor":25},{"not_picked":["Aggregate","Stack"],"picked":"Self Repair+1","floor":28},{"not_picked":["BootSequence+1","Sweeping Beam"],"picked":"Electrodynamics","floor":30},{"not_picked":["Chaos","Auto Shields"],"picked":"Static Discharge","floor":31},{"not_picked":["Biased Cognition","Machine Learning"],"picked":"Thunder Strike","floor":33},{"not_picked":["Skim","Glacier+1"],"picked":"White Noise","floor":34},{"not_picked":["Genetic Algorithm+1","Rebound+1"],"picked":"Hologram+1","floor":35},{"not_picked":["Trip","Panacea"],"picked":"Mind Blast","floor":36},{"not_picked":["Flash of Steel","Good Instincts"],"picked":"Sadistic Nature","floor":36},{"not_picked":["Deep Breath","Trip"],"picked":"Jack Of All Trades","floor":36},{"not_picked":["Hologram","Tempest"],"picked":"Ball Lightning","floor":38},{"not_picked":["Ball Lightning+1","FTL"],"picked":"BootSequence+1","floor":40},{"not_picked":["Gash+1","Scrape+1"],"picked":"Barrage","floor":42},{"not_picked":["Cold Snap","Doom and Gloom+1"],"picked":"Tempest+1","floor":44},{"not_picked":["Beam Cell","Undo+1"],"picked":"Steam Power+1","floor":46},{"not_picked":["Rip and Tear+1","Gash"],"picked":"Sweeping Beam+1","floor":47},{"not_picked":["Doom and Gloom","Double Energy+1"],"picked":"Loop+1","floor":48}],"player_experience":222795,"potions_floor_usage":[16,28,38,50,50,50,50,50],"damage_taken":[{"damage":6,"enemies":"Jaw Worm","floor":1,"turns":4},{"damage":0,"enemies":"Cultist","floor":5,"turns":3},{"damage":31,"enemies":"Lagavulin","floor":6,"turns":6},{"damage":20,"enemies":"3 Sentries","floor":8,"turns":6},{"damage":8,"enemies":"Gremlin Nob","floor":10,"turns":3},{"damage":0,"enemies":"Small Slimes","floor":11,"turns":2},{"damage":31,"enemies":"The Mushroom Lair","floor":12,"turns":4},{"damage":8,"enemies":"Slime Boss","floor":16,"turns":6},{"damage":33,"enemies":"2 Thieves","floor":18,"turns":4},{"damage":24,"enemies":"Shell Parasite","floor":20,"turns":4},{"damage":7,"enemies":"Book of Stabbing","floor":23,"turns":5},{"damage":4,"enemies":"Gremlin Leader","floor":25,"turns":4},{"damage":5,"enemies":"3 Cultists","floor":28,"turns":5},{"damage":6,"enemies":"Snake Plant","floor":30,"turns":4},{"damage":0,"enemies":"Sentry and Sphere","floor":31,"turns":3},{"damage":1,"enemies":"Champ","floor":33,"turns":5},{"damage":0,"enemies":"Orb Walker","floor":35,"turns":3},{"damage":20,"enemies":"3 Shapes","floor":38,"turns":4},{"damage":3,"enemies":"Sphere and 2 Shapes","floor":40,"turns":2},{"damage":23,"enemies":"3 Darklings","floor":42,"turns":3},{"damage":3,"enemies":"Maw","floor":44,"turns":5},{"damage":1,"enemies":"Nemesis","floor":46,"turns":5},{"damage":3,"enemies":"4 Shapes","floor":47,"turns":3},{"damage":0,"enemies":"Giant Head","floor":48,"turns":6},{"damage":31,"enemies":"Time Eater","floor":50,"turns":7}],"relics_obtained":[{"floor":6,"key":"Mummified Hand"},{"floor":8,"key":"War Paint"},{"floor":9,"key":"Dead Branch"},{"floor":10,"key":"Juzu Bracelet"},{"floor":12,"key":"Odd Mushroom"},{"floor":23,"key":"Art of War"},{"floor":25,"key":"Peace Pipe"},{"floor":26,"key":"Dream Catcher"},{"floor":43,"key":"Regal Pillow"},{"floor":46,"key":"Whetstone"},{"floor":48,"key":"Omamori"}],"event_choices":[{"event_name":"Transmorgrifier","player_choice":"Transform","floor":2,"damage_taken":0},{"event_name":"Living Wall","player_choice":"Grow","floor":3,"damage_taken":0},{"event_name":"Mushrooms","player_choice":"Fought Mushrooms","floor":12,"damage_taken":0},{"event_name":"Scrap Ooze","player_choice":"success","floor":14,"damage_taken":25},{"event_name":"Beggar","player_choice":"Gave Gold","floor":19,"damage_taken":0},{"event_name":"Upgrade Shrine","player_choice":"Upgraded","floor":21,"damage_taken":0},{"event_name":"Ghosts","player_choice":"Became a Ghost","floor":22,"damage_taken":0},{"event_name":"Drug Dealer","player_choice":"Got JAXXED","floor":29,"damage_taken":0},{"event_name":"SensoryStone","player_choice":"Memory 3","floor":36,"damage_taken":0},{"event_name":"Winding Halls","player_choice":"Writhe","floor":41,"damage_taken":0}],"boss_relics":[{"not_picked":["Nuclear Battery","Lizard Tail"],"picked":"Cursed Key"},{"not_picked":["Snecko Eye","Astrolabe"],"picked":"Tiny House"}],"items_purged_floors":[],"potions_floor_spawned":[6,8,12,18,23,25,28,33,44,46,47,48],"seed_played":"5379230589623699028","ascension_level":1,"potions_obtained":[{"floor":6,"key":"Poison Potion"},{"floor":8,"key":"AttackPotion"},{"floor":12,"key":"SteroidPotion"},{"floor":18,"key":"AttackPotion"},{"floor":23,"key":"FocusPotion"},{"floor":28,"key":"FocusPotion"},{"floor":34,"key":"PowerPotion"},{"floor":44,"key":"SteroidPotion"},{"floor":47,"key":"EntropicBrew"}],"is_trial":false}