{"gold_per_floor":[119,119,119,119,137,137,157,178,178,212,235,235],"floor_reached":12,"playtime":648,"items_purged":[],"score":124,"play_id":"c46263b5-2b07-4124-9826-d15b66b7c7ca","local_time":"20190116213226","is_ascension_mode":true,"campfire_choices":[{"data":"Noxious Fumes","floor":6,"key":"SMITH"}],"neow_cost":"NONE","seed_source_timestamp":272051295865155,"circlet_count":0,"master_deck":["AscendersBane","Defend_G","Defend_G","Defend_G","Defend_G","Defend_G","Strike_G","Strike_G","Strike_G","Strike_G","Survivor","Neutralize","Unload","Noxious Fumes+1","Cloak And Dagger","Catalyst","Sucker Punch","Dash"],"relics":["Ring of the Snake","Girya","Golden Idol","Bottled Flame","Juzu Bracelet"],"potions_floor_usage":[12,12],"damage_taken":[{"damage":0,"enemies":"2 Louse","floor":1,"turns":3},{"damage":1,"enemies":"Small Slimes","floor":5,"turns":4},{"damage":1,"enemies":"Jaw Worm","floor":7,"turns":4},{"damage":6,"enemies":"3 Louse","floor":8,"turns":5},{"damage":22,"enemies":"3 Sentries","floor":10,"turns":6},{"damage":3,"enemies":"Blue Slaver","floor":11,"turns":5},{"damage":14,"enemies":"Lagavulin","floor":12,"turns":7}],"seed_played":"-7248254195397091570","potions_obtained":[{"floor":5,"key":"PowerPotion"},{"floor":7,"key":"SmokeBomb"},{"floor":10,"key":"Block Potion"}],"is_trial":false,"path_per_floor":["M","?","?","?","M","R","M","M","T","E","M","E"],"character_chosen":"THE_SILENT","items_purchased":[],"campfire_rested":0,"item_purchase_floors":[],"current_hp_per_floor":[63,60,53,36,35,35,34,28,28,6,3,0],"gold":235,"neow_bonus":"ONE_RANDOM_RARE_CARD","is_prod":false,"is_daily":false,"chose_seed":false,"campfire_upgraded":1,"win_rate":0,"timestamp":1547695946,"path_taken":["M","?","?","?","?","R","M","M","T","E","M","E"],"build_version":"2019-01-10","purchased_purges":0,"victory":false,"max_hp_per_floor":[70,70,70,70,70,70,70,70,70,70,70,70],"card_choices":[{"not_picked":["Underhanded Strike","Escape Plan"],"picked":"Noxious Fumes","floor":1},{"not_picked":["Dagger Throw","Prepared"],"picked":"Cloak And Dagger","floor":5},{"not_picked":["Quick Slash","Deflect"],"picked":"Catalyst","floor":7},{"not_picked":["Deadly Poison","Heel Hook"],"picked":"Sucker Punch","floor":8},{"not_picked":["Expertise","Wraith Form v2","Night Terror"],"picked":"SKIP","floor":10},{"not_picked":["Concentrate","Acrobatics"],"picked":"Dash","floor":11}],"player_experience":460733,"relics_obtained":[{"floor":9,"key":"Bottled Flame"},{"floor":10,"key":"Juzu Bracelet"}],"event_choices":[{"damage_healed":0,"gold_gain":0,"player_choice":"Success","damage_taken":3,"relics_obtained":["Girya"],"max_hp_gain":0,"max_hp_loss":0,"event_name":"Scrap Ooze","floor":2,"gold_loss":0},{"cards_removed":["Strike_G"],"damage_healed":0,"gold_gain":0,"player_choice":"Card Removal","damage_taken":7,"max_hp_gain":0,"max_hp_loss":0,"event_name":"Golden Wing","floor":3,"gold_loss":0},{"damage_healed":0,"gold_gain":0,"player_choice":"Take Damage","damage_taken":17,"relics_obtained":["Golden Idol"],"max_hp_gain":0,"max_hp_loss":0,"event_name":"Golden Idol","floor":4,"gold_loss":0}],"is_beta":false,"boss_relics":[],"items_purged_floors":[],"is_endless":false,"potions_floor_spawned":[5,7,10,11],"killed_by":"Lagavulin","ascension_level":11}