{"path_per_floor":["M","?","M","M","M","E","M","E","T","M","M","M","R","M","R"],"character_chosen":"IRONCLAD","items_purchased":[],"gold_per_floor":[112,112,124,137,149,183,203,228,252,264,284,301,301,316,316],"floor_reached":16,"campfire_rested":0,"playtime":1643,"current_hp_per_floor":[79,79,80,80,72,47,37,17,17,17,23,22,22,28,28],"items_purged":[],"gold":316,"score":118,"play_id":"9603ca69-becf-48d1-b930-1016c0a82607","is_prod":false,"is_daily":false,"is_ascension_mode":false,"campfire_upgraded":2,"path_taken":["M","?","M","M","M","E","M","E","T","M","?","?","R","M","R","BOSS"],"build_version":"2018-02-15-PROD1","purchased_purges":0,"victory":false,"master_deck":["Strike_R","Strike_R","Strike_R","Strike_R","Defend_R","Defend_R","Defend_R","Bash","Pommel Strike","Clash","Heavy Blade","Iron Wave","Barricade+1","True Grit+1","Impervious+1","Body Slam+1","Flame Barrier+1","True Grit+1","Metallicize"],"max_hp_per_floor":[80,80,80,80,80,80,80,80,80,80,80,80,80,80,80],"relics":["Burning Blood","Toxic Egg 2","Lantern","Happy Flower"],"card_choices":[{"not_picked":["Anger","True Grit"],"picked":"Pommel Strike"},{"not_picked":["Heavy Blade","Sword Boomerang"],"picked":"Clash"},{"not_picked":["Anger","Burning Pact"],"picked":"Heavy Blade"},{"not_picked":["Anger","Heavy Blade"],"picked":"Iron Wave"},{"not_picked":["Dropkick","Feel No Pain"],"picked":"Barricade"},{"not_picked":["Clash","Flame Barrier"],"picked":"True Grit"},{"not_picked":["Battle Trance","Perfected Strike"],"picked":"Impervious"},{"not_picked":["Pommel Strike","Headbutt"],"picked":"Body Slam"},{"not_picked":["Sword Boomerang","Twin Strike"],"picked":"Flame Barrier"},{"not_picked":["Dropkick","Spot Weakness"],"picked":"True Grit"},{"not_picked":["Iron Wave","Pummel"],"picked":"Metallicize"}],"player_experience":9312,"potions_floor_usage":[16],"damage_taken":[{"damage":7,"enemies":"2 Louse","floor":1,"turns":3},{"damage":1,"enemies":"Cultist","floor":3,"turns":3},{"damage":3,"enemies":"Jaw Worm","floor":4,"turns":3},{"damage":14,"enemies":"2 Fungi Beasts","floor":5,"turns":4},{"damage":31,"enemies":"3 Sentries","floor":6,"turns":9},{"damage":16,"enemies":"Gremlin Gang","floor":7,"turns":5},{"damage":26,"enemies":"Gremlin Nob","floor":8,"turns":5},{"damage":6,"enemies":"Exordium Wildlife","floor":10,"turns":5},{"damage":0,"enemies":"3 Louse","floor":11,"turns":3},{"damage":7,"enemies":"Gremlin Gang","floor":12,"turns":6},{"damage":0,"enemies":"Exordium Thugs","floor":14,"turns":6},{"damage":28,"enemies":"Slime Boss","floor":16,"turns":4}],"event_choices":[{"event_name":"Living Wall","player_choice":"Forget","floor":2,"damage_taken":0}],"boss_relics":[],"potions_floor_spawned":[3,6,7,12],"seed_played":"-8154346653562419820","killed_by":"Slime Boss","ascension_level":0,"is_trial":false}