{"gold_per_floor":[109,109,128,148,112,112,139,65,65,65,80,95,170,204,204,309,309,323,323,339,39,50,50,50,68,68,86,118,133,168,184,184,285,285,303,321,341,186,286,611,611,645,645,680,680,680,700,729,729,729],"floor_reached":51,"playtime":2233,"items_purged":["Strike_B"],"score":958,"play_id":"e57da480-b434-4516-a8e3-978e22d712ac","local_time":"20190108163825","is_ascension_mode":true,"campfire_choices":[{"data":"Storm","floor":6,"key":"SMITH"},{"data":"Capacitor","floor":15,"key":"SMITH"},{"data":"Heatsinks","floor":23,"key":"SMITH"},{"data":"Zap","floor":32,"key":"SMITH"},{"data":"Thunder Strike","floor":41,"key":"SMITH"},{"data":"Self Repair","floor":45,"key":"SMITH"},{"data":"Dualcast","floor":49,"key":"SMITH"}],"neow_cost":"NONE","seed_source_timestamp":72461199863659,"circlet_count":0,"master_deck":["Strike_B","Strike_B","Defend_B","Defend_B","Defend_B","Defend_B","Zap+1","Dualcast+1","Storm+1","Storm+1","Capacitor+1","Heatsinks+1","Self Repair+1","Amplify+1","Gash+1","Chill+1","Electrodynamics+1","Storm+1","Gash+1","Self Repair+1","Thunder Strike+1","Amplify+1","Undo+1","Static Discharge+1","Static Discharge+1","Purity+1","Finesse+1","Self Repair+1","Storm+1"],"relics":["Cracked Core","Pocketwatch","Sundial","Toxic Egg 2","Nuclear Battery","Frozen Egg 2","Bag of Preparation","Letter Opener","Strawberry","Pen Nib","Lizard Tail","FossilizedHelix","Old Coin","Vajra","Oddly Smooth Stone","Potion Belt","Bottled Flame"],"potions_floor_usage":[7,7,12,25,47,50,50],"damage_taken":[{"damage":2,"enemies":"Small Slimes","floor":1,"turns":5},{"damage":1,"enemies":"Cultist","floor":3,"turns":3},{"damage":1,"enemies":"Jaw Worm","floor":4,"turns":3},{"damage":11,"enemies":"Lagavulin","floor":7,"turns":5},{"damage":0,"enemies":"Large Slime","floor":11,"turns":4},{"damage":6,"enemies":"Lots of Slimes","floor":12,"turns":2},{"damage":22,"enemies":"Gremlin Nob","floor":14,"turns":4},{"damage":21,"enemies":"Slime Boss","floor":16,"turns":8},{"damage":19,"enemies":"Chosen","floor":18,"turns":5},{"damage":5,"enemies":"3 Byrds","floor":20,"turns":4},{"damage":2,"enemies":"Centurion and Healer","floor":22,"turns":3},{"damage":0,"enemies":"Shelled Parasite and Fungi","floor":25,"turns":1},{"damage":0,"enemies":"Snecko","floor":27,"turns":2},{"damage":34,"enemies":"Slavers","floor":28,"turns":3},{"damage":0,"enemies":"Centurion and Healer","floor":29,"turns":2},{"damage":11,"enemies":"Gremlin Leader","floor":30,"turns":3},{"damage":0,"enemies":"Cultist and Chosen","floor":31,"turns":2},{"damage":14,"enemies":"Automaton","floor":33,"turns":3},{"damage":0,"enemies":"Orb Walker","floor":35,"turns":2},{"damage":15,"enemies":"3 Shapes","floor":36,"turns":3},{"damage":16,"enemies":"Spire Growth","floor":37,"turns":3},{"damage":0,"enemies":"Mind Bloom Boss Battle","floor":39,"turns":3},{"damage":0,"enemies":"Nemesis","floor":40,"turns":3},{"damage":30,"enemies":"Giant Head","floor":42,"turns":5},{"damage":9,"enemies":"Reptomancer","floor":44,"turns":4},{"damage":0,"enemies":"Transient","floor":47,"turns":5},{"damage":18,"enemies":"Nemesis","floor":48,"turns":3},{"damage":26,"enemies":"Donu and Deca","floor":50,"turns":3}],"seed_played":"-158060524405320353","potions_obtained":[{"floor":3,"key":"Poison Potion"},{"floor":4,"key":"Fruit Juice"},{"floor":11,"key":"Block Potion"},{"floor":16,"key":"FearPotion"},{"floor":18,"key":"AttackPotion"},{"floor":22,"key":"Energy Potion"},{"floor":29,"key":"EntropicBrew"},{"floor":36,"key":"Strength Potion"},{"floor":37,"key":"AttackPotion"},{"floor":47,"key":"Swift Potion"},{"floor":48,"key":"GamblersBrew"}],"is_trial":false,"path_per_floor":["M","?","M","M","$","R","E","$","T","?","M","M","?","E","R","B",null,"M","?","M","$","M","R","?","M","T","M","E","M","E","M","R","B",null,"M","M","M","$","?","E","R","E","T","E","R","?","M","E","R","B",null],"character_chosen":"DEFECT","items_purchased":["Capacitor","Heatsinks","Electrodynamics+1","Bag of Preparation","Static Discharge+1"],"campfire_rested":0,"item_purchase_floors":[5,8,21,21,38],"current_hp_per_floor":[73,73,72,71,71,71,65,65,65,65,65,59,48,26,26,12,80,68,68,77,77,80,80,80,80,80,80,60,60,76,83,83,87,87,87,79,87,87,87,87,87,81,81,87,87,77,87,87,87,71],"gold":729,"neow_bonus":"THREE_CARDS","is_prod":false,"is_daily":false,"chose_seed":false,"campfire_upgraded":7,"win_rate":0,"timestamp":1546925905,"path_taken":["M","?","?","M","$","R","E","$","T","?","?","M","?","E","R","BOSS","M","?","M","$","?","R","?","M","T","?","E","M","E","M","R","BOSS","M","?","M","?","?","E","R","E","T","E","R","?","M","E","R","BOSS"],"build_version":"2018-11-15","purchased_purges":1,"victory":true,"max_hp_per_floor":[75,75,75,75,75,75,80,80,80,80,80,80,80,80,80,80,80,80,80,80,80,80,80,80,80,80,80,87,87,87,87,87,87,87,87,87,87,87,87,87,87,87,87,87,87,87,87,87,87,87],"card_choices":[{"not_picked":["Go for the Eyes","Barrage"],"picked":"Storm","floor":0},{"not_picked":["Conserve Battery","Force Field"],"picked":"Storm","floor":1},{"not_picked":["Go for the Eyes","Aggregate","Beam Cell"],"picked":"SKIP","floor":3},{"not_picked":["Hologram","Sweeping Beam","Reinforced Body"],"picked":"SKIP","floor":4},{"not_picked":["Auto Shields","Steam Power","Stack"],"picked":"SKIP","floor":7},{"not_picked":["Melter","Hologram","Sweeping Beam"],"picked":"SKIP","floor":11},{"not_picked":["Rebound","Reinforced Body","Redo"],"picked":"SKIP","floor":12},{"not_picked":["Conserve Battery","Beam Cell"],"picked":"Self Repair","floor":14},{"not_picked":["Core Surge","Seek+1"],"picked":"Amplify+1","floor":16},{"not_picked":["Compile Driver","Steam+1"],"picked":"Gash+1","floor":18},{"not_picked":["Coolheaded+1","Redo+1"],"picked":"Chill+1","floor":20},{"not_picked":["Cold Snap","Rip and Tear+1","Blizzard+1"],"picked":"SKIP","floor":22},{"not_picked":["Genetic Algorithm+1","Cold Snap+1"],"picked":"Gash+1","floor":25},{"not_picked":["Skim+1","Beam Cell+1","Darkness+1"],"picked":"SKIP","floor":27},{"not_picked":["Beam Cell","Rainbow+1","Barrage"],"picked":"SKIP","floor":28},{"not_picked":["Hologram+1","Beam Cell"],"picked":"Self Repair+1","floor":29},{"not_picked":["Sunder","Hello World+1"],"picked":"Thunder Strike","floor":30},{"not_picked":["Barrage","Beam Cell","Double Energy+1"],"picked":"SKIP","floor":31},{"not_picked":["Reboot+1","Fission+1"],"picked":"Amplify+1","floor":33},{"not_picked":["Hologram+1","Skim+1"],"picked":"Undo+1","floor":35},{"not_picked":["Rebound+1","Sweeping Beam+1","Turbo+1"],"picked":"SKIP","floor":36},{"not_picked":["Double Energy+1","Fusion+1"],"picked":"Static Discharge+1","floor":37},{"not_picked":["Steam Power+1","Streamline+1","Turbo+1"],"picked":"SKIP","floor":40},{"not_picked":["Meteor Strike","Barrage","Melter+1"],"picked":"SKIP","floor":42},{"not_picked":["Sweeping Beam","Beam Cell","Hello World+1"],"picked":"SKIP","floor":44},{"not_picked":["PanicButton+1","Enlightenment+1"],"picked":"Purity+1","floor":46},{"not_picked":["Panacea+1","Madness+1"],"picked":"Finesse+1","floor":46},{"not_picked":["Chill+1","Cold Snap+1"],"picked":"Self Repair+1","floor":47},{"not_picked":["Rip and Tear+1","Lockon"],"picked":"Storm+1","floor":48}],"player_experience":1045312,"relics_obtained":[{"floor":7,"key":"Pocketwatch"},{"floor":9,"key":"Sundial"},{"floor":14,"key":"Toxic Egg 2"},{"floor":26,"key":"Letter Opener"},{"floor":28,"key":"Strawberry"},{"floor":30,"key":"Pen Nib"},{"floor":39,"key":"FossilizedHelix"},{"floor":40,"key":"Old Coin"},{"floor":42,"key":"Vajra"},{"floor":43,"key":"Oddly Smooth Stone"},{"floor":44,"key":"Potion Belt"},{"floor":48,"key":"Bottled Flame"}],"event_choices":[{"damage_healed":0,"gold_gain":0,"player_choice":"Upgraded","damage_taken":0,"max_hp_gain":0,"max_hp_loss":0,"event_name":"Upgrade Shrine","floor":2,"gold_loss":0,"cards_upgraded":["Storm"]},{"cards_removed":["Strike_B"],"damage_healed":0,"gold_gain":0,"player_choice":"Offered Basic","damage_taken":0,"max_hp_gain":0,"max_hp_loss":0,"event_name":"Bonfire Elementals","floor":10,"gold_loss":0},{"damage_healed":0,"gold_gain":75,"player_choice":"Gather Gold","damage_taken":11,"max_hp_gain":0,"max_hp_loss":0,"event_name":"World of Goop","floor":13,"gold_loss":0},{"damage_healed":0,"gold_gain":0,"player_choice":"Gave Potion","damage_taken":0,"relics_obtained":["Frozen Egg 2"],"max_hp_gain":0,"max_hp_loss":0,"event_name":"WeMeetAgain","floor":19,"gold_loss":0},{"damage_healed":0,"gold_gain":0,"player_choice":"Copied","damage_taken":0,"max_hp_gain":0,"max_hp_loss":0,"event_name":"Duplicator","floor":24,"gold_loss":0,"cards_obtained":["Storm"]},{"damage_healed":0,"gold_gain":0,"player_choice":"Fight","damage_taken":0,"max_hp_gain":0,"max_hp_loss":0,"event_name":"MindBloom","floor":39,"gold_loss":0},{"damage_healed":0,"gold_gain":0,"player_choice":"Memory 3","damage_taken":10,"max_hp_gain":0,"max_hp_loss":0,"event_name":"SensoryStone","floor":46,"gold_loss":0}],"is_beta":true,"boss_relics":[{"not_picked":["FrozenCore","Cursed Key"],"picked":"Nuclear Battery"},{"not_picked":["Velvet Choker","Pandora\u0027s Box"],"picked":"Lizard Tail"}],"items_purged_floors":[38],"is_endless":false,"potions_floor_spawned":[3,4,11,16,18,22,29,36,37,40,47,48],"ascension_level":1}