{"gold_per_floor":[117,117,134,150,162,193,193,226,226,226,253,265,279,279,279,351,351,371,8,25,75,75,75],"floor_reached":23,"playtime":779,"items_purged":[],"score":422,"play_id":"35769901-a718-43f2-a5e1-534814b3858d","local_time":"20190126141253","is_ascension_mode":true,"campfire_choices":[{"data":"Armaments","floor":7,"key":"SMITH"},{"floor":10,"key":"REST"},{"data":"Pommel Strike","floor":15,"key":"SMITH"}],"neow_cost":"TEN_PERCENT_HP_LOSS","seed_source_timestamp":270420422272203,"circlet_count":0,"master_deck":["AscendersBane","Strike_R","Strike_R","Strike_R","Defend_R","Defend_R","Defend_R","Defend_R","Bash","Fiend Fire","Dual Wield","Clothesline","Feel No Pain","Burning Pact","Armaments+1","Warcry","Headbutt","Pommel Strike+1","Dark Embrace","Demon Form","Shrug It Off+1","Necronomicurse"],"relics":["Burning Blood","Potion Belt","PreservedInsect","Ornamental Fan","Gambling Chip","Runic Dome","Toxic Egg 2","Necronomicon"],"potions_floor_usage":[6,16,18,23,23],"damage_taken":[{"damage":7,"enemies":"Jaw Worm","floor":1,"turns":3},{"damage":6,"enemies":"Cultist","floor":3,"turns":3},{"damage":1,"enemies":"Small Slimes","floor":4,"turns":3},{"damage":14,"enemies":"Exordium Thugs","floor":5,"turns":4},{"damage":6,"enemies":"3 Sentries","floor":6,"turns":8},{"damage":24,"enemies":"Gremlin Nob","floor":8,"turns":4},{"damage":18,"enemies":"Lagavulin","floor":11,"turns":6},{"damage":11,"enemies":"Looter","floor":12,"turns":2},{"damage":9,"enemies":"2 Fungi Beasts","floor":13,"turns":4},{"damage":23,"enemies":"Slime Boss","floor":16,"turns":6},{"damage":14,"enemies":"3 Byrds","floor":18,"turns":3},{"damage":35,"enemies":"Spheric Guardian","floor":20,"turns":6},{"damage":19,"enemies":"Book of Stabbing","floor":23,"turns":6}],"seed_played":"-8647171604709494805","potions_obtained":[{"floor":5,"key":"Strength Potion"},{"floor":12,"key":"Poison Potion"},{"floor":13,"key":"LiquidBronze"},{"floor":16,"key":"EssenceOfSteel"},{"floor":18,"key":"Swift Potion"}],"is_trial":false,"path_per_floor":["M","?","M","M","M","E","R","E","T","R","E","M","M","?","R","B",null,"M","$","M","?","?","E"],"character_chosen":"IRONCLAD","items_purchased":["Demon Form","Toxic Egg 2"],"campfire_rested":1,"item_purchase_floors":[19,19],"current_hp_per_floor":[67,67,67,68,60,60,60,42,42,62,50,45,42,78,78,61,74,66,66,37,37,16,0],"gold":75,"neow_bonus":"TRANSFORM_TWO_CARDS","is_prod":false,"is_daily":false,"chose_seed":false,"campfire_upgraded":2,"win_rate":0,"timestamp":1548537173,"path_taken":["M","?","?","M","M","E","R","E","T","R","E","M","M","?","R","BOSS","M","$","M","?","?","E"],"build_version":"2019-01-23","purchased_purges":0,"victory":false,"max_hp_per_floor":[68,68,68,68,68,68,68,68,68,68,68,68,68,78,78,78,78,78,78,78,78,78,78],"card_choices":[{"not_picked":["Heavy Blade","Searing Blow"],"picked":"Clothesline","floor":1},{"not_picked":["Cleave","Rage","Wild Strike"],"picked":"SKIP","floor":3},{"not_picked":["Intimidate","Sword Boomerang"],"picked":"Burning Pact","floor":4},{"not_picked":["Perfected Strike","Anger","Hemokinesis"],"picked":"SKIP","floor":5},{"not_picked":["Sentinel","Combust"],"picked":"Armaments","floor":6},{"not_picked":["Rage","Thunderclap","Entrench"],"picked":"SKIP","floor":8},{"not_picked":["Havoc","Fire Breathing"],"picked":"Warcry","floor":11},{"not_picked":["Hemokinesis","Second Wind"],"picked":"Headbutt","floor":12},{"not_picked":["Bloodletting","Feel No Pain"],"picked":"Pommel Strike","floor":13},{"not_picked":["Barricade","Offering"],"picked":"Dark Embrace","floor":16},{"not_picked":["Thunderclap","Perfected Strike","Flex"],"picked":"SKIP","floor":18},{"not_picked":["Pommel Strike","Disarm+1"],"picked":"Shrug It Off+1","floor":20}],"player_experience":745761,"relics_obtained":[{"floor":6,"key":"Potion Belt"},{"floor":8,"key":"PreservedInsect"},{"floor":9,"key":"Ornamental Fan"},{"floor":11,"key":"Gambling Chip"},{"floor":22,"key":"Necronomicon"}],"event_choices":[{"damage_healed":0,"gold_gain":0,"player_choice":"2 cards matched","damage_taken":0,"max_hp_gain":0,"max_hp_loss":0,"event_name":"Match and Keep!","floor":2,"gold_loss":0,"cards_obtained":["Feel No Pain","Fiend Fire"]},{"cards_removed":["Fiend Fire"],"damage_healed":26,"gold_gain":0,"player_choice":"Offered Rare","damage_taken":0,"max_hp_gain":10,"max_hp_loss":0,"event_name":"Bonfire Elementals","floor":14,"gold_loss":0},{"damage_healed":0,"gold_gain":50,"player_choice":"Stole From Cult","damage_taken":0,"max_hp_gain":0,"max_hp_loss":0,"event_name":"Nest","floor":21,"gold_loss":0},{"damage_healed":0,"gold_gain":0,"player_choice":"Obtained Book","damage_taken":21,"max_hp_gain":0,"max_hp_loss":0,"event_name":"Cursed Tome","floor":22,"gold_loss":0}],"is_beta":false,"boss_relics":[{"not_picked":["Astrolabe","Busted Crown"],"picked":"Runic Dome"}],"items_purged_floors":[],"is_endless":false,"potions_floor_spawned":[5,12,13,16,18],"killed_by":"Book of Stabbing","ascension_level":20}