{"gold_per_floor":[119,138,63,63,82,114,114,130,130,230,250,250,268,295,295,400,400,420,82,82,82,132,132,132],"floor_reached":24,"playtime":1764,"items_purged":["Strike_B","Strike_B"],"score":235,"play_id":"18c33268-ca6d-4e4c-a19a-335230015c87","local_time":"20180710174951","is_ascension_mode":true,"campfire_choices":[{"data":"Coolheaded","floor":7,"key":"SMITH"},{"data":"Zap","floor":15,"key":"SMITH"},{"data":"Thunder Strike","floor":23,"key":"SMITH"}],"neow_cost":"NONE","seed_source_timestamp":898271656819005,"circlet_count":0,"master_deck":["Defend_B","Defend_B","Defend_B","Defend_B","Zap+1","Dualcast","Steam","Ball Lightning","Coolheaded+1","Tempest","Ball Lightning","Glacier","Self Repair","Cold Snap","Thunder Strike+1","Conserve Battery","Ball Lightning"],"relics":["Cracked Core","Bottled Lightning","Bottled Flame","Bag of Marbles","Nuclear Battery","Kunai"],"potions_floor_usage":[6,6,12,13,14,16,24],"damage_taken":[{"damage":0,"enemies":"Cultist","floor":1,"turns":3},{"damage":8,"enemies":"2 Louse","floor":2,"turns":3},{"damage":5,"enemies":"Jaw Worm","floor":5,"turns":3},{"damage":11,"enemies":"Lagavulin","floor":6,"turns":5},{"damage":15,"enemies":"Gremlin Gang","floor":8,"turns":3},{"damage":0,"enemies":"Red Slaver","floor":11,"turns":4},{"damage":0,"enemies":"Lagavulin Event","floor":12,"turns":1},{"damage":11,"enemies":"Exordium Thugs","floor":13,"turns":4},{"damage":3,"enemies":"3 Sentries","floor":14,"turns":7},{"damage":31,"enemies":"Hexaghost","floor":16,"turns":11},{"damage":23,"enemies":"2 Thieves","floor":18,"turns":3},{"damage":59,"enemies":"Slavers","floor":24,"turns":4}],"seed_played":"5293921949525305662","potions_obtained":[{"floor":4,"key":"Strength Potion"},{"floor":4,"key":"Block Potion"},{"floor":4,"key":"SmokeBomb"},{"floor":5,"key":"Fire Potion"},{"floor":6,"key":"Strength Potion"},{"floor":11,"key":"SteroidPotion"},{"floor":14,"key":"LiquidBronze"},{"floor":16,"key":"Dexterity Potion"}],"is_trial":false,"path_per_floor":["M","M","$","?","M","E","R","M","T","?","M","?","M","E","R","B",null,"M","$","?","?","?","R"],"character_chosen":"DEFECT","items_purchased":["Kunai"],"campfire_rested":0,"item_purchase_floors":[19],"current_hp_per_floor":[75,67,67,67,62,51,51,36,36,36,36,36,32,36,36,12,75,52,52,52,52,52,52,0],"gold":132,"neow_bonus":"TRANSFORM_CARD","is_prod":false,"is_daily":false,"chose_seed":false,"campfire_upgraded":3,"win_rate":0,"timestamp":1531208991,"path_taken":["M","M","$","?","M","E","R","M","T","?","?","?","?","E","R","BOSS","M","$","?","?","?","R","E"],"build_version":"2018-07-05","purchased_purges":2,"victory":false,"max_hp_per_floor":[75,75,75,75,75,75,75,75,75,75,75,75,75,75,75,75,75,75,75,75,75,75,75,75],"card_choices":[{"not_picked":["Go for the Eyes","Reprogram"],"picked":"Ball Lightning","floor":1},{"not_picked":["Gash","Storm"],"picked":"Coolheaded","floor":2},{"not_picked":["Barrage","Heatsinks"],"picked":"Tempest","floor":5},{"not_picked":["Auto Shields","Beam Cell"],"picked":"Ball Lightning","floor":6},{"not_picked":["Sunder","Reprogram"],"picked":"Glacier","floor":8},{"not_picked":["Streamline","Fusion"],"picked":"Self Repair","floor":11},{"not_picked":["Turbo","Fusion","Double Energy"],"picked":"SKIP","floor":13},{"not_picked":["Doom and Gloom","Echo Form"],"picked":"Cold Snap","floor":14},{"not_picked":["Hyperbeam","All For One"],"picked":"Thunder Strike","floor":16},{"not_picked":["Stack+1","FTL"],"picked":"Conserve Battery","floor":18}],"player_experience":509854,"relics_obtained":[{"floor":6,"key":"Bottled Lightning"},{"floor":9,"key":"Bottled Flame"},{"floor":14,"key":"Bag of Marbles"}],"event_choices":[{"event_name":"The Lab","player_choice":"Got Potions","floor":4,"damage_taken":0},{"event_name":"Golden Shrine","player_choice":"Pray","floor":10,"damage_taken":0},{"event_name":"Dead Adventurer","player_choice":"Searched \u00272\u0027 times","floor":12,"damage_taken":0},{"event_name":"Duplicator","player_choice":"One dupe","floor":20,"damage_taken":0},{"event_name":"Back to Basics","player_choice":"Elegance","floor":21,"damage_taken":0},{"event_name":"The Joust","player_choice":"Bet on Murderer","floor":22,"damage_taken":0}],"boss_relics":[{"not_picked":["Calling Bell","Black Star"],"picked":"Nuclear Battery"}],"items_purged_floors":[3,19],"is_endless":false,"potions_floor_spawned":[5,6,11,14,16],"killed_by":"Slavers","ascension_level":3}