{"path_per_floor":["M","M","?","$","?","E","M","E","T","M","R","E","M","E","R"],"character_chosen":"DEFECT","items_purchased":["Cold Snap"],"gold_per_floor":[114,132,207,80,80,107,126,154,154,164,164,196,207,239,239,239],"floor_reached":16,"campfire_rested":2,"playtime":883,"item_purchase_floors":[4],"current_hp_per_floor":[75,75,64,64,57,51,51,30,30,32,54,45,31,10,32,0],"items_purged":["Strike_B"],"gold":239,"score":137,"play_id":"8e6e4f19-2e3d-4d17-953a-6537e505f8ef","local_time":"20180519175533","is_prod":false,"is_daily":false,"chose_seed":false,"is_ascension_mode":true,"campfire_upgraded":0,"timestamp":1526745333,"campfire_choices":[{"floor":11,"key":"REST"},{"floor":15,"key":"REST"}],"path_taken":["M","M","?","$","?","E","M","E","T","M","R","E","?","E","R","BOSS"],"build_version":"2018-05-18","seed_source_timestamp":699887159412,"purchased_purges":1,"victory":false,"master_deck":["Strike_B","Strike_B","Defend_B","Defend_B","Defend_B","Defend_B","Zap","Dualcast","Coolheaded","Ball Lightning","Cold Snap","White Noise","Redo","White Noise","Consume","Double Energy","FTL","Stack"],"max_hp_per_floor":[75,75,75,75,75,75,75,75,75,75,75,75,75,75,75,75],"relics":["Cracked Core","Pantograph","Blood Vial","Bottled Flame","Potion Belt","Bag of Preparation"],"card_choices":[{"not_picked":["Reprogram","Blizzard"],"picked":"Coolheaded","floor":1},{"not_picked":["Capacitor","Turbo"],"picked":"Ball Lightning","floor":2},{"not_picked":["Axe Kick","Cold Snap"],"picked":"White Noise","floor":6},{"not_picked":["Rebound","Capacitor"],"picked":"Redo","floor":7},{"not_picked":["Nova","Turbo"],"picked":"White Noise","floor":8},{"not_picked":["Tempest","Darkness"],"picked":"Consume","floor":10},{"not_picked":["Streamline","Barrage"],"picked":"Double Energy","floor":12},{"not_picked":["Go for the Eyes","Reinforced Body"],"picked":"FTL","floor":13},{"not_picked":["Hyperbeam","Double Energy"],"picked":"Stack","floor":14}],"player_experience":109100,"potions_floor_usage":[6,10,12],"damage_taken":[{"damage":0,"enemies":"Small Slimes","floor":1,"turns":4},{"damage":0,"enemies":"Cultist","floor":2,"turns":3},{"damage":6,"enemies":"Lagavulin","floor":6,"turns":5},{"damage":0,"enemies":"Jaw Worm","floor":7,"turns":3},{"damage":21,"enemies":"Gremlin Nob","floor":8,"turns":4},{"damage":0,"enemies":"3 Louse","floor":10,"turns":2},{"damage":18,"enemies":"3 Sentries","floor":12,"turns":8},{"damage":16,"enemies":"2 Fungi Beasts","floor":13,"turns":3},{"damage":23,"enemies":"Lagavulin","floor":14,"turns":5},{"damage":65,"enemies":"Hexaghost","floor":16,"turns":11}],"relics_obtained":[{"floor":6,"key":"Pantograph"},{"floor":8,"key":"Blood Vial"},{"floor":9,"key":"Bottled Flame"},{"floor":12,"key":"Potion Belt"},{"floor":14,"key":"Bag of Preparation"}],"event_choices":[{"event_name":"World of Goop","player_choice":"Gather Gold","floor":3,"damage_taken":0},{"event_name":"Golden Wing","player_choice":"Card Removal","floor":5,"damage_taken":0}],"boss_relics":[],"items_purged_floors":[4],"potions_floor_spawned":[1,8,10],"seed_played":"242309576079966082","killed_by":"Hexaghost","ascension_level":1,"potions_obtained":[{"floor":1,"key":"FocusPotion"},{"floor":8,"key":"Explosive Potion"},{"floor":10,"key":"GamblersBrew"}],"is_trial":false}