{"gold_per_floor":[116,116,126,146,165,165,200,200,200,200,218,233,290,290,290,367,367,378,391,411,3,23,23,23,43,95,70,98,98,110,124,124,196,196,210,210,262,273,273,305,305,322,347,361,361,361,380,396,396,396],"floor_reached":51,"playtime":4461,"items_purged":["Anger"],"score":1392,"play_id":"24f9537f-f331-4a6e-9f19-c60ea2c94d77","local_time":"20190201093506","is_ascension_mode":true,"campfire_choices":[{"data":"Bash","floor":6.0,"key":"SMITH"},{"data":"Pommel Strike","floor":8.0,"key":"SMITH"},{"data":"Pommel Strike","floor":10.0,"key":"SMITH"},{"data":"Metallicize","floor":15.0,"key":"SMITH"},{"data":"Perfected Strike","floor":23.0,"key":"SMITH"},{"data":"Inflame","floor":29.0,"key":"SMITH"},{"data":"Perfected Strike","floor":32.0,"key":"SMITH"},{"floor":41.0,"key":"REST"},{"floor":46.0,"key":"REST"},{"floor":49.0,"key":"REST"}],"neow_cost":"NONE","seed_source_timestamp":137638555216997,"circlet_count":0,"master_deck":["AscendersBane","Strike_R","Strike_R","Strike_R","Strike_R","Strike_R","Defend_R","Defend_R","Defend_R","Defend_R","Bash+1","Perfected Strike+1","Reaper","Pommel Strike+1","Clothesline","Pommel Strike+1","True Grit+1","Metallicize+1","Double Tap+1","Pommel Strike+1","Power Through+1","Shockwave+1","Perfected Strike+1","Metallicize","Disarm+1","Inflame+1","Shrug It Off+1","Twin Strike","Perfected Strike+1","Armaments+1","Bludgeon","Flame Barrier+1","True Grit+1","Impervious+1","Perfected Strike+1","Twin Strike"],"special_seed":0,"relics":["Burning Blood","Toxic Egg 2","Dodecahedron","Tiny Chest","Snecko Eye","Anchor","Juzu Bracelet","Torii","Fusion Hammer","Self Forming Clay","Incense Burner","Red Skull","Happy Flower"],"potions_floor_usage":[],"damage_taken":[{"damage":2.0,"enemies":"2 Louse","floor":1.0,"turns":3.0},{"damage":1.0,"enemies":"Cultist","floor":3.0,"turns":3.0},{"damage":7.0,"enemies":"Jaw Worm","floor":4.0,"turns":3.0},{"damage":22.0,"enemies":"Lots of Slimes","floor":5.0,"turns":4.0},{"damage":24.0,"enemies":"Gremlin Nob","floor":7.0,"turns":4.0},{"damage":4.0,"enemies":"Red Slaver","floor":11.0,"turns":3.0},{"damage":6.0,"enemies":"Exordium Thugs","floor":12.0,"turns":4.0},{"damage":27.0,"enemies":"3 Sentries","floor":13.0,"turns":8.0},{"damage":19.0,"enemies":"Slime Boss","floor":16.0,"turns":7.0},{"damage":3.0,"enemies":"3 Byrds","floor":18.0,"turns":2.0},{"damage":22.0,"enemies":"2 Thieves","floor":19.0,"turns":3.0},{"damage":14.0,"enemies":"Centurion and Healer","floor":20.0,"turns":4.0},{"damage":6.0,"enemies":"Chosen and Byrds","floor":22.0,"turns":5.0},{"damage":7.0,"enemies":"Snake Plant","floor":25.0,"turns":3.0},{"damage":0.0,"enemies":"Book of Stabbing","floor":28.0,"turns":4.0},{"damage":1.0,"enemies":"Centurion and Healer","floor":30.0,"turns":4.0},{"damage":0.0,"enemies":"3 Cultists","floor":31.0,"turns":3.0},{"damage":51.0,"enemies":"Champ","floor":33.0,"turns":10.0},{"damage":1.0,"enemies":"Orb Walker","floor":35.0,"turns":2.0},{"damage":0.0,"enemies":"2 Orb Walkers","floor":37.0,"turns":3.0},{"damage":4.0,"enemies":"3 Shapes","floor":38.0,"turns":5.0},{"damage":28.0,"enemies":"Reptomancer","floor":40.0,"turns":5.0},{"damage":0.0,"enemies":"Writhing Mass","floor":42.0,"turns":4.0},{"damage":13.0,"enemies":"Spire Growth","floor":44.0,"turns":3.0},{"damage":15.0,"enemies":"Maw","floor":47.0,"turns":7.0},{"damage":1.0,"enemies":"Jaw Worm Horde","floor":48.0,"turns":3.0},{"damage":47,"enemies":"Awakened One","floor":50,"turns":13}],"seed_played":"8483530905214024545","potions_obtained":[{"floor":4.0,"key":"SneckoOil"},{"floor":11.0,"key":"Fire Potion"},{"floor":13.0,"key":"LiquidBronze"},{"floor":16.0,"key":"Dexterity Potion"},{"floor":19.0,"key":"LiquidBronze"},{"floor":31.0,"key":"EssenceOfSteel"},{"floor":33.0,"key":"FearPotion"},{"floor":35.0,"key":"Block Potion"}],"is_trial":false,"path_per_floor":["M","?","M","M","M","R","E","R","T","R","M","M","E","?","R","B",null,"M","M","M","$","M","R","?","M","T","$","E","R","M","M","R","B",null,"M","T","?","M","$","E","R","M","T","M","?","R","M","M","R","B",null],"character_chosen":"IRONCLAD","items_purchased":["Shockwave+1","Perfected Strike","Metallicize","Anchor","Shrug It Off+1"],"campfire_rested":3,"item_purchase_floors":[21,21,21,21,27],"current_hp_per_floor":[72,72,75,75,71,71,53,53,53,53,55,55,46,46,46,49,69,72,59,59,59,67,67,67,66,66,66,72,72,75,75,75,30,64,69,69,75,75,75,57,75,75,75,72,72,75,72,75,75,34],"gold":396,"neow_bonus":"THREE_CARDS","is_prod":false,"is_daily":false,"chose_seed":false,"campfire_upgraded":7,"win_rate":0,"timestamp":1549042506,"path_taken":["M","?","M","M","M","R","E","R","T","R","M","?","E","?","R","BOSS","M","M","M","$","M","R","?","?","T","?","E","R","M","M","R","BOSS","M","?","?","M","$","E","R","M","T","M","?","R","M","M","R","BOSS"],"build_version":"2019-01-23","purchased_purges":1,"victory":true,"max_hp_per_floor":[75,75,75,75,75,75,75,75,75,75,75,75,75,75,75,75,75,75,75,75,75,75,75,75,75,75,75,75,75,75,75,75,75,75,75,75,75,75,75,75,75,75,75,75,75,75,75,75,75,75],"card_choices":[{"not_picked":["Evolve","Warcry"],"picked":"Anger","floor":0.0},{"not_picked":["Entrench","Clothesline"],"picked":"Perfected Strike","floor":1.0},{"not_picked":["Warcry","Pommel Strike"],"picked":"Reaper","floor":3.0},{"not_picked":["Sentinel","Wild Strike"],"picked":"Pommel Strike","floor":4.0},{"not_picked":["Bloodletting","Rupture"],"picked":"Clothesline","floor":5.0},{"not_picked":["Headbutt","Havoc"],"picked":"Pommel Strike","floor":7.0},{"not_picked":["Sever Soul","Rupture"],"picked":"True Grit+1","floor":11.0},{"not_picked":["Dual Wield+1","Second Wind+1"],"picked":"Metallicize","floor":12.0},{"not_picked":["Power Through+1","Burning Pact+1","Berserk"],"picked":"SKIP","floor":13.0},{"not_picked":["Barricade","Brutality"],"picked":"Double Tap+1","floor":16.0},{"not_picked":["Flex+1","Heavy Blade","Warcry+1"],"picked":"SKIP","floor":18.0},{"not_picked":["Heavy Blade","Battle Trance+1"],"picked":"Pommel Strike","floor":19.0},{"not_picked":["Whirlwind","Clothesline"],"picked":"Power Through+1","floor":20.0},{"not_picked":["Cleave","Fiend Fire"],"picked":"Disarm+1","floor":22.0},{"not_picked":["Armaments+1","Combust"],"picked":"Inflame","floor":25.0},{"not_picked":["Shockwave+1","Iron Wave"],"picked":"Twin Strike","floor":28.0},{"not_picked":["True Grit+1","Clothesline"],"picked":"Perfected Strike","floor":30.0},{"not_picked":["Clash","Brutality"],"picked":"Armaments+1","floor":31.0},{"not_picked":["Exhume+1","Immolate"],"picked":"Bludgeon","floor":33.0},{"not_picked":["Shrug It Off+1","Cleave"],"picked":"Flame Barrier+1","floor":35.0},{"not_picked":["Entrench+1","Clash"],"picked":"True Grit+1","floor":38.0},{"not_picked":["Twin Strike","Body Slam"],"picked":"Impervious+1","floor":40.0},{"not_picked":["Cleave","Uppercut+1"],"picked":"Perfected Strike+1","floor":42.0},{"not_picked":["Cleave","Clothesline","Sword Boomerang"],"picked":"SKIP","floor":44.0},{"not_picked":["Pummel","Intimidate+1","True Grit+1"],"picked":"SKIP","floor":47.0},{"not_picked":["Anger","Thunderclap"],"picked":"Twin Strike","floor":48.0}],"player_experience":1795089,"relics_obtained":[{"floor":7.0,"key":"Toxic Egg 2"},{"floor":9.0,"key":"Dodecahedron"},{"floor":13.0,"key":"Tiny Chest"},{"floor":26.0,"key":"Juzu Bracelet"},{"floor":28.0,"key":"Torii"},{"floor":36.0,"key":"Self Forming Clay"},{"floor":37.0,"key":"Incense Burner"},{"floor":40.0,"key":"Red Skull"},{"floor":43.0,"key":"Happy Flower"}],"event_choices":[{"damage_healed":0.0,"max_hp_gain":0.0,"max_hp_loss":0.0,"gold_gain":0.0,"event_name":"Accursed Blacksmith","player_choice":"Forge","floor":2.0,"gold_loss":0.0,"damage_taken":0.0,"cards_upgraded":["Perfected Strike"]},{"damage_healed":0.0,"max_hp_gain":0.0,"max_hp_loss":0.0,"gold_gain":0.0,"event_name":"Shining Light","player_choice":"Ignored","floor":14.0,"gold_loss":0.0,"damage_taken":0.0},{"damage_healed":0.0,"max_hp_gain":0.0,"max_hp_loss":0.0,"gold_gain":0.0,"event_name":"Upgrade Shrine","player_choice":"Upgraded","floor":24.0,"gold_loss":0.0,"damage_taken":0.0,"cards_upgraded":["Pommel Strike"]},{"damage_healed":0.0,"max_hp_gain":0.0,"max_hp_loss":0.0,"gold_gain":0.0,"event_name":"Mysterious Sphere","player_choice":"Fight","floor":37.0,"gold_loss":0.0,"damage_taken":0.0},{"damage_healed":0.0,"max_hp_gain":0.0,"max_hp_loss":0.0,"gold_gain":0.0,"event_name":"SensoryStone","player_choice":"Memory 1","floor":45.0,"gold_loss":0.0,"damage_taken":0.0}],"is_beta":false,"boss_relics":[{"not_picked":["Ectoplasm","Black Blood"],"picked":"Snecko Eye"},{"not_picked":["Runic Dome","Tiny House"],"picked":"Fusion Hammer"}],"items_purged_floors":[21],"is_endless":false,"potions_floor_spawned":[4,11,13,16,19,31,33,35,44],"ascension_level":19}