{"gold_per_floor":[116,126,72,72,22,22,57,57,82,82,102,135,154,164,164,268,268,285,299,67,67,80,80,80,80,105,120,132,32,50,64,64,64],"floor_reached":33,"playtime":1919,"items_purged":["Strike_R","Strike_R"],"score":259,"play_id":"2a497235-9f09-4e52-9cf8-f34654284a51","local_time":"20180923102703","is_ascension_mode":false,"campfire_choices":[{"data":"Pommel Strike","floor":6.0,"key":"SMITH"},{"floor":8.0,"key":"REST"},{"data":"True Grit","floor":10.0,"key":"SMITH"},{"data":"Whirlwind","floor":15.0,"key":"SMITH"},{"floor":23.0,"key":"REST"},{"floor":25.0,"key":"REST"},{"floor":32,"key":"REST"}],"neow_cost":"NONE","seed_source_timestamp":0,"circlet_count":0,"master_deck":["Strike_R","Defend_R","Defend_R","Defend_R","Defend_R","Bash","Entrench+1","Pommel Strike+1","True Grit+1","Clothesline","Whirlwind+1","Barricade","Body Slam+1","Iron Wave","Battle Trance+1","Whirlwind"],"special_seed":0,"relics":["Burning Blood","Oddly Smooth Stone","Dream Catcher","PreservedInsect","Ornamental Fan","Black Star","Bag of Preparation","Regal Pillow"],"potions_floor_usage":[33],"damage_taken":[{"damage":2.0,"enemies":"Small Slimes","floor":1.0,"turns":4.0},{"damage":12.0,"enemies":"Cultist","floor":2.0,"turns":6.0},{"damage":28.0,"enemies":"Lagavulin","floor":7.0,"turns":8.0},{"damage":0.0,"enemies":"2 Louse","floor":11.0,"turns":3.0},{"damage":24.0,"enemies":"Gremlin Nob","floor":12.0,"turns":4.0},{"damage":1.0,"enemies":"Looter","floor":13.0,"turns":4.0},{"damage":10.0,"enemies":"2 Fungi Beasts","floor":14.0,"turns":4.0},{"damage":34.0,"enemies":"Slime Boss","floor":16.0,"turns":17.0},{"damage":55.0,"enemies":"Chosen","floor":18.0,"turns":10.0},{"damage":5.0,"enemies":"3 Byrds","floor":19.0,"turns":5.0},{"damage":35.0,"enemies":"Snake Plant","floor":22.0,"turns":7.0},{"damage":14.0,"enemies":"Cultist and Chosen","floor":27.0,"turns":7.0},{"damage":21.0,"enemies":"3 Cultists","floor":28.0,"turns":4.0},{"damage":25.0,"enemies":"Snake Plant","floor":30.0,"turns":6.0},{"damage":20.0,"enemies":"Cultist and Chosen","floor":31.0,"turns":6.0},{"damage":48,"enemies":"Collector","floor":33,"turns":6}],"seed_played":"3820068777605534277","potions_obtained":[{"floor":1.0,"key":"SteroidPotion"},{"floor":2.0,"key":"SpeedPotion"},{"floor":14.0,"key":"PowerPotion"},{"floor":16.0,"key":"Regen Potion"},{"floor":18.0,"key":"Explosive Potion"},{"floor":28.0,"key":"Ancient Potion"},{"floor":30.0,"key":"Explosive Potion"}],"is_trial":false,"path_per_floor":["M","M","$","?","?","R","E","R","T","R","M","E","M","M","R","B",null,"M","M","$","?","M","R","?","R","T","M","M","$","M","M","R"],"character_chosen":"IRONCLAD","items_purchased":["Pommel Strike","Bag of Preparation"],"campfire_rested":4,"item_purchase_floors":[3,20],"current_hp_per_floor":[80,74,74,74,74,74,52,76,76,76,80,62,67,63,63,35,80,31,32,32,32,17,41,46,70,70,62,47,47,28,14,53,5],"gold":64,"neow_bonus":"RANDOM_COMMON_RELIC","is_prod":false,"is_daily":false,"chose_seed":false,"campfire_upgraded":3,"win_rate":0.0,"timestamp":1537716423,"path_taken":["M","M","$","?","?","R","E","R","T","R","M","E","M","M","R","BOSS","M","M","$","?","M","R","?","R","T","?","M","?","?","M","R","BOSS"],"build_version":"2018-09-20","purchased_purges":2,"victory":false,"max_hp_per_floor":[80,80,80,80,80,80,80,80,80,80,80,80,80,80,80,80,80,80,80,80,80,80,80,80,80,80,80,80,80,80,80,80,80],"card_choices":[{"not_picked":["Perfected Strike","Disarm"],"picked":"Entrench","floor":1.0},{"not_picked":["Warcry","Perfected Strike","Flame Barrier"],"picked":"SKIP","floor":2.0},{"not_picked":["Perfected Strike","Warcry","Wild Strike"],"picked":"SKIP","floor":7.0},{"not_picked":["Flame Barrier","Twin Strike"],"picked":"True Grit","floor":8.0},{"not_picked":["Havoc","Wild Strike"],"picked":"Clothesline","floor":11.0},{"not_picked":["True Grit","Juggernaut"],"picked":"Whirlwind","floor":12.0},{"not_picked":["Flex","Sever Soul"],"picked":"Body Slam","floor":13.0},{"not_picked":["Perfected Strike","Rupture","Entrench"],"picked":"SKIP","floor":14.0},{"not_picked":["Bludgeon","Fiend Fire"],"picked":"Barricade","floor":16.0},{"not_picked":["Shrug It Off","Perfected Strike"],"picked":"Body Slam+1","floor":18.0},{"not_picked":["Clash","Shrug It Off","Perfected Strike+1"],"picked":"SKIP","floor":19.0},{"not_picked":["Clothesline+1","Spot Weakness"],"picked":"Iron Wave","floor":22.0},{"not_picked":["Intimidate+1","True Grit"],"picked":"Battle Trance+1","floor":23.0},{"not_picked":["Reckless Charge","Bludgeon","Warcry+1"],"picked":"SKIP","floor":27.0},{"not_picked":["Twin Strike","Sword Boomerang"],"picked":"Whirlwind","floor":28.0},{"not_picked":["Shrug It Off+1","Intimidate","Sentinel"],"picked":"SKIP","floor":30.0},{"not_picked":["Clothesline","Blood for Blood","Intimidate+1"],"picked":"SKIP","floor":31.0}],"player_experience":75774,"relics_obtained":[{"floor":7.0,"key":"Dream Catcher"},{"floor":9.0,"key":"PreservedInsect"},{"floor":12.0,"key":"Ornamental Fan"},{"floor":26.0,"key":"Regal Pillow"}],"event_choices":[{"event_name":"Accursed Blacksmith","player_choice":"Forge","floor":4.0,"damage_taken":0.0},{"event_name":"The Cleric","player_choice":"Card Removal","floor":5.0,"damage_taken":0.0},{"event_name":"Back to Basics","player_choice":"Elegance","floor":21.0,"damage_taken":0.0},{"event_name":"Bonfire Elementals","player_choice":"COMMON","floor":24.0,"damage_taken":0.0}],"is_beta":false,"boss_relics":[{"not_picked":["Mark of Pain","Astrolabe"],"picked":"Black Star"}],"items_purged_floors":[20,29],"is_endless":false,"potions_floor_spawned":[1,2,14,16,18,28,30],"killed_by":"Collector","ascension_level":0}