{"gold_per_floor":[15,15,0,20,34,34,69,69,96,96,107,127,127,137,137,216,216,234,21,21,31,31,56,56,56,113,123,146,162,162,174,174,249,249,266,284,37,52,0,0,0,0,77,77,95,95,95,105,105,105],"floor_reached":51,"playtime":6101,"items_purged":["Decay"],"score":1111,"play_id":"81ca1215-5b9d-45b0-80f1-e6913c30b0c2","local_time":"20181120193918","is_ascension_mode":true,"campfire_choices":[{"floor":6,"key":"REST"},{"data":"Creative AI","floor":8,"key":"SMITH"},{"data":"Chill","floor":10,"key":"SMITH"},{"data":"Capacitor","floor":15,"key":"SMITH"},{"floor":24,"key":"REST"},{"data":"Defragment","floor":30,"key":"SMITH"},{"floor":32,"key":"REST"},{"floor":40,"key":"REST"},{"floor":44,"key":"REST"},{"floor":49,"key":"REST"}],"neow_cost":"NO_GOLD","seed_source_timestamp":39129920059459,"circlet_count":0,"master_deck":["AscendersBane","Dualcast","Creative AI+1","Force Field","Capacitor+1","Chill+1","Electrodynamics","Force Field","Cold Snap","Conserve Battery","Machine Learning","Sunder","Chill","Rip and Tear","Defragment+1","Ball Lightning","Steam","FTL","Creative AI+1","Loop","Conserve Battery","Amplify","Self Repair","Buffer","Madness","Madness","Madness","Enlightenment","Bandage Up"],"relics":["Cracked Core","Anchor","Bag of Marbles","Pen Nib","Pandora\u0027s Box","DollysMirror","Molten Egg 2","Tiny Chest","DataDisk","Sozu","Red Mask","Mercury Hourglass"],"potions_floor_usage":[5,7,16,16,18,23,27,33,50],"damage_taken":[{"damage":14,"enemies":"Small Slimes","floor":1,"turns":5},{"damage":0,"enemies":"2 Louse","floor":4,"turns":2},{"damage":0,"enemies":"Cultist","floor":5,"turns":5},{"damage":8,"enemies":"3 Sentries","floor":7,"turns":9},{"damage":0,"enemies":"Looter","floor":11,"turns":3},{"damage":7,"enemies":"2 Fungi Beasts","floor":12,"turns":4},{"damage":0,"enemies":"3 Louse","floor":14,"turns":4},{"damage":8,"enemies":"The Guardian","floor":16,"turns":14},{"damage":0,"enemies":"3 Byrds","floor":18,"turns":5},{"damage":11,"enemies":"Spheric Guardian","floor":21,"turns":4},{"damage":14,"enemies":"Gremlin Leader","floor":23,"turns":10},{"damage":2,"enemies":"Snecko","floor":27,"turns":7},{"damage":0,"enemies":"Centurion and Healer","floor":29,"turns":6},{"damage":11,"enemies":"Chosen and Byrds","floor":31,"turns":5},{"damage":48,"enemies":"Champ","floor":33,"turns":11},{"damage":0,"enemies":"3 Darklings","floor":35,"turns":4},{"damage":0,"enemies":"3 Shapes","floor":36,"turns":2},{"damage":16,"enemies":"Writhing Mass","floor":38,"turns":6},{"damage":34,"enemies":"Jaw Worm Horde","floor":45,"turns":4},{"damage":0,"enemies":"Sphere and 2 Shapes","floor":48,"turns":8},{"damage":27,"enemies":"Donu and Deca","floor":50,"turns":8}],"seed_played":"-6607021388187543331","potions_obtained":[{"floor":1,"key":"Poison Potion"},{"floor":4,"key":"AttackPotion"},{"floor":12,"key":"Swift Potion"},{"floor":14,"key":"Block Potion"},{"floor":16,"key":"AttackPotion"},{"floor":18,"key":"GamblersBrew"},{"floor":23,"key":"SpeedPotion"},{"floor":31,"key":"Strength Potion"},{"floor":33,"key":"LiquidBronze"}],"is_trial":false,"path_per_floor":["M","?","?","M","M","R","E","R","T","R","M","M","?","M","R","B",null,"M","$","?","M","?","E","R","?","T","M","T","M","R","M","R","B",null,"M","M","$","M","?","R","?","?","T","R","M","?","$","M","R","B",null],"character_chosen":"DEFECT","items_purchased":["DollysMirror","Buffer"],"campfire_rested":6,"item_purchase_floors":[19,37],"current_hp_per_floor":[50,39,39,39,39,60,52,52,52,52,52,45,38,38,38,30,61,61,61,61,50,50,36,57,57,57,55,55,55,55,44,65,17,58,58,58,58,49,49,70,57,47,47,68,44,44,44,55,71,55],"gold":105,"neow_bonus":"THREE_RARE_CARDS","is_prod":false,"is_daily":false,"chose_seed":false,"campfire_upgraded":4,"win_rate":0,"timestamp":1542703158,"path_taken":["M","?","?","M","M","R","E","R","T","R","M","M","?","M","R","BOSS","M","$","?","?","?","E","R","?","T","M","?","M","R","M","R","BOSS","M","M","$","M","?","R","?","?","T","R","M","?","$","M","R","BOSS"],"build_version":"2018-11-15","purchased_purges":1,"victory":true,"max_hp_per_floor":[71,71,71,71,71,71,71,71,71,71,71,71,71,71,71,71,71,71,71,71,71,71,71,71,71,71,71,71,71,71,71,71,71,71,71,71,71,71,71,71,71,71,71,71,71,71,71,71,71,71],"card_choices":[{"not_picked":["Machine Learning","Reboot"],"picked":"Creative AI","floor":0},{"not_picked":["Sunder","Static Discharge"],"picked":"Force Field","floor":1},{"not_picked":["Consume","Tempest"],"picked":"Capacitor","floor":4},{"not_picked":["Gash","Hologram"],"picked":"Chill","floor":5},{"not_picked":["Barrage","Conserve Battery"],"picked":"Electrodynamics","floor":7},{"not_picked":["BootSequence","Steam"],"picked":"Force Field","floor":11},{"not_picked":["Melter","Darkness"],"picked":"Cold Snap","floor":12},{"not_picked":["Streamline","Consume"],"picked":"Conserve Battery","floor":14},{"not_picked":["All For One","Thunder Strike"],"picked":"Machine Learning","floor":16},{"not_picked":["Scrape","Reprogram"],"picked":"FTL","floor":18},{"not_picked":["Turbo","Hello World"],"picked":"Loop","floor":21},{"not_picked":["Go for the Eyes+1","Skim"],"picked":"Conserve Battery","floor":23},{"not_picked":["Redo","Beam Cell+1","Turbo"],"picked":"SKIP","floor":27},{"not_picked":["Steam+1","Leap","BootSequence"],"picked":"SKIP","floor":29},{"not_picked":["Streamline+1","Meteor Strike+1","Blizzard+1"],"picked":"SKIP","floor":31},{"not_picked":["Meteor Strike+1","Thunder Strike+1"],"picked":"Amplify","floor":33},{"not_picked":["Ball Lightning+1","Gash+1","Cold Snap+1"],"picked":"SKIP","floor":35},{"not_picked":["Turbo","BootSequence"],"picked":"Self Repair","floor":36},{"not_picked":["Cold Snap+1","Fusion","Blizzard+1"],"picked":"SKIP","floor":38},{"not_picked":["Mind Blast+1","Dramatic Entrance+1"],"picked":"Madness","floor":42},{"not_picked":["HandOfGreed+1","Finesse"],"picked":"Enlightenment","floor":42},{"not_picked":["PanicButton","Dark Shackles"],"picked":"Bandage Up","floor":42},{"not_picked":["Self Repair","Recycle","Consume"],"picked":"SKIP","floor":45},{"not_picked":["Steam+1","Turbo","Leap"],"picked":"SKIP","floor":48}],"player_experience":901665,"relics_obtained":[{"floor":7,"key":"Bag of Marbles"},{"floor":9,"key":"Pen Nib"},{"floor":23,"key":"Molten Egg 2"},{"floor":26,"key":"Tiny Chest"},{"floor":28,"key":"DataDisk"},{"floor":43,"key":"Mercury Hourglass"}],"event_choices":[{"damage_healed":0,"gold_gain":0,"player_choice":"Success","damage_taken":11,"relics_obtained":["Anchor"],"max_hp_gain":0,"max_hp_loss":0,"event_name":"Scrap Ooze","floor":2,"gold_loss":0},{"damage_healed":0,"gold_gain":0,"player_choice":"Left Gold","damage_taken":0,"max_hp_gain":0,"max_hp_loss":0,"event_name":"World of Goop","floor":3,"gold_loss":15},{"cards_removed":["Strike_B"],"damage_healed":0,"gold_gain":0,"player_choice":"Card Removal","damage_taken":7,"max_hp_gain":0,"max_hp_loss":0,"event_name":"Golden Wing","floor":13,"gold_loss":0},{"cards_removed":["Zap"],"damage_healed":0,"gold_gain":0,"player_choice":"Card Removal","damage_taken":0,"max_hp_gain":0,"max_hp_loss":0,"event_name":"Wheel of Change","floor":20,"gold_loss":0},{"damage_healed":0,"gold_gain":0,"player_choice":"Smashed Altar","damage_taken":0,"max_hp_gain":0,"max_hp_loss":0,"event_name":"Forgotten Altar","floor":22,"gold_loss":0,"cards_obtained":["Decay"]},{"damage_healed":0,"gold_gain":0,"player_choice":"Paid","damage_taken":0,"relics_obtained":["Red Mask"],"max_hp_gain":0,"max_hp_loss":0,"event_name":"Tomb of Lord Red Mask","floor":39,"gold_loss":52},{"damage_healed":0,"gold_gain":0,"player_choice":"Embrace Madness","damage_taken":13,"max_hp_gain":0,"max_hp_loss":0,"event_name":"Winding Halls","floor":41,"gold_loss":0,"cards_obtained":["Madness","Madness"]},{"damage_healed":0,"gold_gain":0,"player_choice":"Memory 3","damage_taken":10,"max_hp_gain":0,"max_hp_loss":0,"event_name":"SensoryStone","floor":42,"gold_loss":0},{"cards_removed":["Beam Cell"],"damage_healed":0,"gold_gain":0,"player_choice":"Removed Attack","damage_taken":0,"max_hp_gain":0,"max_hp_loss":0,"event_name":"Falling","floor":46,"gold_loss":0}],"is_beta":true,"boss_relics":[{"not_picked":["Calling Bell","Lizard Tail"],"picked":"Pandora\u0027s Box"},{"not_picked":["Nuclear Battery","Velvet Choker"],"picked":"Sozu"}],"items_purged_floors":[37],"is_endless":false,"potions_floor_spawned":[1,4,12,14,16,18,23,31,33,38,45,48],"ascension_level":16}