{"gold_per_floor":[119,69,86,60,60,60,89,89,89,89,118,132,132,158,158,257,257,277,292,391,391,409,409,441,460,509,509,509,509,61,95,95,95],"floor_reached":33,"playtime":1173,"items_purged":[],"score":380,"play_id":"ad0d6e42-154d-4e41-a53e-745421f07c5f","local_time":"20180911214015","is_ascension_mode":true,"campfire_choices":[{"data":"Perfected Strike","floor":6,"key":"SMITH"},{"data":"Bash","floor":8,"key":"SMITH"},{"data":"Warcry","floor":10,"key":"SMITH"},{"floor":15,"key":"REST"},{"floor":23,"key":"REST"},{"floor":28,"key":"REST"},{"floor":32,"key":"REST"}],"neow_cost":"NONE","seed_source_timestamp":440671108224,"circlet_count":0,"master_deck":["Strike_R","Strike_R","Strike_R","Strike_R","Defend_R","Defend_R","Defend_R","Bash+1","Perfected Strike+1","Thunderclap+1","Warcry+1","Disarm","Whirlwind+1","Ghostly Armor","Immolate","Brutality","Clash+1","Spot Weakness","Battle Trance+1","Clash","Clash","Perfected Strike","Cleave+1"],"relics":["Burning Blood","NeowsBlessing","Pen Nib","The Courier","Juzu Bracelet","Potion Belt","Whetstone","White Beast Statue","MutagenicStrength","Bottled Flame","Vajra","Pear","Ornamental Fan","Red Mask"],"potions_floor_usage":[11,18,22,24,27,27,31,33],"damage_taken":[{"damage":0,"enemies":"2 Louse","floor":1,"turns":1},{"damage":0,"enemies":"Small Slimes","floor":3,"turns":1},{"damage":0,"enemies":"Gremlin Nob","floor":7,"turns":1},{"damage":45,"enemies":"3 Sentries","floor":11,"turns":6},{"damage":2,"enemies":"Jaw Worm","floor":12,"turns":3},{"damage":28,"enemies":"Gremlin Nob","floor":14,"turns":4},{"damage":43,"enemies":"The Guardian","floor":16,"turns":13},{"damage":32,"enemies":"Shell Parasite","floor":18,"turns":5},{"damage":2,"enemies":"Chosen","floor":19,"turns":4},{"damage":20,"enemies":"Snecko","floor":22,"turns":3},{"damage":22,"enemies":"Slavers","floor":24,"turns":2},{"damage":21,"enemies":"Snake Plant","floor":25,"turns":3},{"damage":10,"enemies":"Colosseum Slavers","floor":27,"turns":2},{"damage":0,"enemies":"Masked Bandits","floor":31,"turns":2},{"damage":97,"enemies":"Champ","floor":33,"turns":9}],"seed_played":"-5497355208925213763","potions_obtained":[{"floor":1,"key":"GamblersBrew"},{"floor":16,"key":"FearPotion"},{"floor":18,"key":"Fire Potion"},{"floor":19,"key":"Strength Potion"},{"floor":22,"key":"Poison Potion"},{"floor":24,"key":"Explosive Potion"},{"floor":25,"key":"Block Potion"},{"floor":31,"key":"Regen Potion"}],"is_trial":false,"path_per_floor":["M","?","M","$","?","R","E","R","T","R","E","M","T","E","R","B",null,"M","M","?","?","M","R","E","M","T","?","R","?","$","?","R"],"character_chosen":"IRONCLAD","items_purchased":["Warcry","Pear","Ornamental Fan","Perfected Strike"],"campfire_rested":4,"item_purchase_floors":[4,30,30,30],"current_hp_per_floor":[80,80,80,80,73,73,79,79,79,79,40,44,44,22,46,9,62,36,40,40,40,26,50,34,19,19,15,39,39,49,55,82,0],"gold":95,"neow_bonus":"THREE_ENEMY_KILL","is_prod":false,"is_daily":false,"chose_seed":false,"campfire_upgraded":3,"win_rate":0,"timestamp":1536694815,"path_taken":["M","?","M","$","?","R","E","R","T","R","E","M","?","E","R","BOSS","M","M","?","?","M","R","E","M","T","?","R","?","$","?","R","BOSS"],"build_version":"2018-09-10","purchased_purges":0,"victory":false,"max_hp_per_floor":[80,80,80,80,80,80,80,80,80,80,80,80,80,80,80,80,80,80,80,80,80,80,80,80,80,80,80,80,80,90,90,90,90],"card_choices":[{"not_picked":["Dropkick","Headbutt"],"picked":"Perfected Strike","floor":1},{"not_picked":["Clothesline","Intimidate"],"picked":"Thunderclap","floor":3},{"not_picked":["Heavy Blade","Power Through"],"picked":"Disarm","floor":7},{"not_picked":["Hemokinesis","Bloodletting"],"picked":"Whirlwind","floor":11},{"not_picked":["Armaments","Wild Strike"],"picked":"Ghostly Armor","floor":12},{"not_picked":["Bloodletting","Combust"],"picked":"Immolate","floor":14},{"not_picked":["Barricade","Reaper"],"picked":"Brutality","floor":16},{"not_picked":["Flex","Pommel Strike"],"picked":"Clash+1","floor":18},{"not_picked":["Headbutt","Fire Breathing"],"picked":"Spot Weakness","floor":19},{"not_picked":["Armaments","Sever Soul"],"picked":"Battle Trance+1","floor":22},{"not_picked":["Ghostly Armor","Sentinel"],"picked":"Clash","floor":24},{"not_picked":["Cleave","Clothesline"],"picked":"Clash","floor":25},{"not_picked":["Warcry","Twin Strike"],"picked":"Cleave+1","floor":31}],"player_experience":122253,"relics_obtained":[{"floor":7,"key":"Pen Nib"},{"floor":9,"key":"The Courier"},{"floor":11,"key":"Juzu Bracelet"},{"floor":13,"key":"Potion Belt"},{"floor":14,"key":"Whetstone"},{"floor":24,"key":"Bottled Flame"},{"floor":26,"key":"Vajra"},{"floor":31,"key":"Red Mask"}],"event_choices":[{"event_name":"The Cleric","player_choice":"Card Removal","floor":2,"damage_taken":0},{"event_name":"Golden Wing","player_choice":"Card Removal","floor":5,"damage_taken":0},{"event_name":"Nest","player_choice":"Stole From Cult","floor":20,"damage_taken":0},{"event_name":"Drug Dealer","player_choice":"Inject Mutagens","floor":21,"damage_taken":0},{"event_name":"Colosseum","player_choice":"Fight","floor":27,"damage_taken":0},{"event_name":"Colosseum","player_choice":"Fled From Nobs","floor":27,"damage_taken":0},{"event_name":"Vampires","player_choice":"Ignored","floor":29,"damage_taken":0},{"event_name":"Masked Bandits","player_choice":"Fought Bandits","floor":31,"damage_taken":0}],"is_beta":true,"boss_relics":[{"not_picked":["Pandora\u0027s Box","Runic Cube"],"picked":"White Beast Statue"}],"items_purged_floors":[],"is_endless":false,"potions_floor_spawned":[1,16,18,19,22,24,25,27,31],"killed_by":"Champ","ascension_level":5}