{"path_per_floor":["M","M","$","?","?","R","M","R","T","M","R","M","?","M","R","B",null,"M","M","M","M","M","R","E","?","T","E","R"],"character_chosen":"DEFECT","items_purchased":["Coolheaded"],"gold_per_floor":[113,129,80,255,205,205,216,216,297,308,308,319,319,335,335,440,440,426,445,463,477,496,496,524,524,524,554,554,554],"floor_reached":29,"campfire_rested":1,"playtime":2166,"item_purchase_floors":[],"current_hp_per_floor":[75,74,74,74,74,74,64,64,64,63,63,63,56,48,48,41,75,60,50,46,46,49,49,40,40,40,5,32,0],"items_purged":[],"gold":554,"score":282,"play_id":"64d12def-818f-415f-9502-4e1cbffb34ef","local_time":"20180601100804","is_prod":false,"is_daily":false,"chose_seed":false,"is_ascension_mode":false,"campfire_upgraded":5,"win_rate":0.0,"timestamp":1527872884,"campfire_choices":[{"data":"Redo","floor":6.0,"key":"SMITH"},{"data":"Defragment","floor":8.0,"key":"SMITH"},{"data":"Zap","floor":11.0,"key":"SMITH"},{"data":"Coolheaded","floor":15.0,"key":"SMITH"},{"data":"Hologram","floor":23.0,"key":"SMITH"},{"floor":28.0,"key":"REST"}],"path_taken":["M","M","$","?","?","R","M","R","T","?","R","M","?","M","R","BOSS","M","M","M","M","M","R","E","?","T","E","R","M"],"build_version":"2018-05-31","seed_source_timestamp":0,"purchased_purges":0,"victory":false,"master_deck":["Strike_B","Strike_B","Defend_B","Defend_B","Defend_B","Defend_B","Zap+1","Dualcast","Redo+1","Defragment+1","Coolheaded+1","Doubt","Chill","Darkness","Electrodynamics","Cold Snap","Fission","Streamline","FTL","Leap","Consume","Steam","Hologram+1","Leap","Self Repair","Glacier"],"max_hp_per_floor":[75,75,75,75,75,75,75,75,75,75,75,75,75,75,75,75,75,75,75,80,80,80,80,90,90,90,90,90,90],"relics":["Cracked Core","Gremlin Horn","Orrery","Pear","Centennial Puzzle","Peace Pipe"],"card_choices":[{"not_picked":["Beam Cell","Ball Lightning"],"picked":"Redo","floor":1.0},{"not_picked":["Glacier","Reprogram"],"picked":"Defragment","floor":2.0},{"not_picked":["Beam Cell","Redo"],"picked":"Chill","floor":7.0},{"not_picked":["Coolheaded","Gash"],"picked":"Darkness","floor":10.0},{"not_picked":["Storm","Coolheaded"],"picked":"Electrodynamics","floor":12.0},{"not_picked":["Stack","Storm"],"picked":"Cold Snap","floor":14.0},{"not_picked":["Amplify","Thunder Strike"],"picked":"Fission","floor":16.0},{"not_picked":["Chaos","Barrage"],"picked":"Streamline","floor":17.0},{"not_picked":["Gash","Sweeping Beam"],"picked":"FTL","floor":17.0},{"not_picked":["Coolheaded","Storm"],"picked":"Leap","floor":17.0},{"not_picked":["Double Energy","Defragment"],"picked":"Consume","floor":17.0},{"not_picked":["Conserve Battery","Sweeping Beam"],"picked":"Steam","floor":17.0},{"not_picked":["Cold Snap","Melter","Streamline+1"],"picked":"SKIP","floor":18.0},{"not_picked":["Fusion","Beam Cell"],"picked":"Hologram","floor":19.0},{"not_picked":["Cold Snap","Coolheaded"],"picked":"Leap","floor":20.0},{"not_picked":["Reboot","Stack"],"picked":"Self Repair","floor":21.0},{"not_picked":["Static Discharge+1","Sweeping Beam+1"],"picked":"Glacier","floor":22.0},{"not_picked":["Heatsinks+1","Coolheaded+1","Tempest"],"picked":"SKIP","floor":24.0},{"not_picked":["Beam Cell","Consume+1","Cold Snap"],"picked":"SKIP","floor":27.0}],"player_experience":771200,"potions_floor_usage":[],"damage_taken":[{"damage":0.0,"enemies":"Small Slimes","floor":1.0,"turns":2.0},{"damage":1.0,"enemies":"Cultist","floor":2.0,"turns":3.0},{"damage":10.0,"enemies":"Jaw Worm","floor":7.0,"turns":3.0},{"damage":1.0,"enemies":"Looter","floor":10.0,"turns":4.0},{"damage":0.0,"enemies":"2 Fungi Beasts","floor":12.0,"turns":4.0},{"damage":8.0,"enemies":"Exordium Wildlife","floor":14.0,"turns":3.0},{"damage":7.0,"enemies":"Hexaghost","floor":16.0,"turns":9.0},{"damage":15.0,"enemies":"2 Thieves","floor":18.0,"turns":4.0},{"damage":10.0,"enemies":"Chosen","floor":19.0,"turns":7.0},{"damage":9.0,"enemies":"Snake Plant","floor":20.0,"turns":4.0},{"damage":0.0,"enemies":"3 Cultists","floor":21.0,"turns":3.0},{"damage":4.0,"enemies":"Centurion and Healer","floor":22.0,"turns":7.0},{"damage":26.0,"enemies":"Gremlin Leader","floor":24.0,"turns":9.0},{"damage":35.0,"enemies":"Book of Stabbing","floor":27.0,"turns":8.0},{"damage":42,"enemies":"Cultist and Chosen","floor":29,"turns":5}],"relics_obtained":[{"floor":9.0,"key":"Gremlin Horn"},{"floor":24.0,"key":"Pear"},{"floor":26.0,"key":"Centennial Puzzle"},{"floor":27.0,"key":"Peace Pipe"}],"event_choices":[{"event_name":"Liars Game","player_choice":"agreed","floor":4.0,"damage_taken":0.0},{"event_name":"The Cleric","player_choice":"Card Removal","floor":5.0,"damage_taken":0.0},{"event_name":"Golden Wing","player_choice":"Card Removal","floor":13.0,"damage_taken":0.0},{"event_name":"Match and Keep!","player_choice":"0 cards matched","floor":25.0,"damage_taken":0.0}],"boss_relics":[],"items_purged_floors":[],"potions_floor_spawned":[2,7,14,19,20,22,24],"seed_played":"6700700406262681807","killed_by":"Cultist and Chosen","ascension_level":0,"potions_obtained":[{"floor":2.0,"key":"Explosive Potion"},{"floor":7.0,"key":"Ancient Potion"},{"floor":14.0,"key":"Block Potion"},{"floor":19.0,"key":"Fruit Juice"},{"floor":20.0,"key":"EssenceOfSteel"},{"floor":22.0,"key":"SpeedPotion"},{"floor":24.0,"key":"Poison Potion"}],"is_trial":false}