{"gold_per_floor":[114,289,289,389,401,401,43,43,43,69,69,69,80,100,100,202,202,221,76,76,175,189,189],"floor_reached":23,"playtime":1060,"items_purged":["Doubt","Strike_B"],"score":322,"play_id":"a493ed7f-8aaa-4d24-89e9-ec14057be13f","local_time":"20180807002921","is_ascension_mode":true,"campfire_choices":[{"data":"Zap","floor":6,"key":"SMITH"},{"data":"Hologram","floor":8,"key":"SMITH"},{"data":"Dualcast","floor":11,"key":"SMITH"},{"data":"Consume","floor":15,"key":"SMITH"}],"neow_cost":"NONE","seed_source_timestamp":52428997021945,"circlet_count":0,"master_deck":["Strike_B","Strike_B","Strike_B","Defend_B","Defend_B","Defend_B","Defend_B","Zap+1","Dualcast+1","Leap","Hologram+1","Panacea","Consume+1","Electrodynamics","Ball Lightning+1","Loop+1","Conserve Battery"],"relics":["Cracked Core","NeowsBlessing","Membership Card","Meat on the Bone","Pear","Ginger","Nuclear Battery"],"potions_floor_usage":[16,16,18,23],"damage_taken":[{"damage":0,"enemies":"Jaw Worm","floor":1,"turns":1},{"damage":0,"enemies":"2 Louse","floor":5,"turns":1},{"damage":0,"enemies":"3 Sentries","floor":10,"turns":1},{"damage":0,"enemies":"Small Slimes","floor":13,"turns":2},{"damage":6,"enemies":"Blue Slaver","floor":14,"turns":3},{"damage":82,"enemies":"Hexaghost","floor":16,"turns":11},{"damage":9,"enemies":"Shell Parasite","floor":18,"turns":7},{"damage":20,"enemies":"2 Thieves","floor":22,"turns":3},{"damage":60,"enemies":"Book of Stabbing","floor":23,"turns":5}],"seed_played":"4359400666427577155","potions_obtained":[{"floor":5,"key":"Regen Potion"},{"floor":10,"key":"Fire Potion"},{"floor":16,"key":"Block Potion"},{"floor":22,"key":"Explosive Potion"}],"is_trial":false,"path_per_floor":["M","?","?","?","M","R","$","R","T","E","R","T","M","M","R","B",null,"M","$","?","?","M"],"character_chosen":"DEFECT","items_purchased":["Membership Card","Panacea","Loop"],"campfire_rested":0,"item_purchase_floors":[7,7,19],"current_hp_per_floor":[68,68,73,73,73,73,73,73,73,83,83,83,83,77,77,22,73,64,64,64,64,56,0],"gold":189,"neow_bonus":"THREE_ENEMY_KILL","is_prod":false,"is_daily":false,"chose_seed":false,"campfire_upgraded":4,"win_rate":0,"timestamp":1533565761,"path_taken":["M","?","?","?","?","R","$","R","T","E","R","?","M","?","R","BOSS","M","$","?","?","M","E"],"build_version":"2018-08-02","purchased_purges":2,"victory":false,"max_hp_per_floor":[75,75,80,80,80,80,80,80,80,90,90,90,90,90,90,90,90,90,90,90,90,90,90],"card_choices":[{"not_picked":["Redo","Double Energy"],"picked":"Leap","floor":1},{"not_picked":["Steam","Lockon"],"picked":"Hologram","floor":5},{"not_picked":["Turbo","Storm","Aggregate"],"picked":"SKIP","floor":10},{"not_picked":["Gash","Lockon","Rebound"],"picked":"SKIP","floor":13},{"not_picked":["Leap","BootSequence"],"picked":"Consume","floor":14},{"not_picked":["Buffer","Seek"],"picked":"Electrodynamics","floor":16},{"not_picked":["BootSequence","Auto Shields"],"picked":"Ball Lightning+1","floor":18},{"not_picked":["Streamline","Auto Shields"],"picked":"Conserve Battery","floor":22}],"player_experience":631256,"relics_obtained":[{"floor":9,"key":"Meat on the Bone"},{"floor":10,"key":"Pear"},{"floor":12,"key":"Ginger"}],"event_choices":[{"event_name":"Liars Game","player_choice":"agreed","floor":2,"damage_taken":0},{"event_name":"Big Fish","player_choice":"Donut","floor":3,"damage_taken":0},{"event_name":"Golden Shrine","player_choice":"Pray","floor":4,"damage_taken":0},{"event_name":"Upgrade Shrine","player_choice":"Upgraded","floor":20,"damage_taken":0},{"event_name":"Nest","player_choice":"Stole From Cult","floor":21,"damage_taken":0}],"is_beta":false,"boss_relics":[{"not_picked":["Busted Crown","White Beast Statue"],"picked":"Nuclear Battery"}],"items_purged_floors":[7,19],"is_endless":false,"potions_floor_spawned":[5,10,16,22],"killed_by":"Book of Stabbing","ascension_level":8}