{"gold_per_floor":[119,136,155,165,165,165,190,190,190,29,29,41,41,6,6,79,79,91,91,91,67,84,84,84],"floor_reached":24,"playtime":3403,"items_purged":["Strike_B"],"score":382,"play_id":"a69c357f-012d-42bd-82ae-ed5914d50ef5","local_time":"20190109100502","is_ascension_mode":true,"campfire_choices":[{"floor":6,"key":"REST"},{"floor":8,"key":"REST"},{"data":"Defragment","floor":11,"key":"SMITH"},{"data":"Go for the Eyes","floor":15,"key":"SMITH"},{"floor":23,"key":"REST"}],"neow_cost":"NONE","seed_source_timestamp":5331288492987,"circlet_count":0,"master_deck":["AscendersBane","Strike_B","Defend_B","Defend_B","Defend_B","Defend_B","Zap","Dualcast","Genetic Algorithm","Self Repair","Go for the Eyes+1","Capacitor","Echo Form","Defragment+1","Steam","Creative AI","Ball Lightning+1","Biased Cognition","Turbo","Cold Snap+1","Hologram"],"relics":["Cracked Core","Anchor","DataDisk","Molten Egg 2","PreservedInsect","Inserter"],"potions_floor_usage":[7,7,16,22],"damage_taken":[{"damage":7,"enemies":"Small Slimes","floor":1,"turns":3},{"damage":3,"enemies":"2 Louse","floor":2,"turns":2},{"damage":1,"enemies":"Jaw Worm","floor":3,"turns":4},{"damage":26,"enemies":"Lots of Slimes","floor":4,"turns":5},{"damage":49,"enemies":"Gremlin Nob","floor":7,"turns":4},{"damage":8,"enemies":"Large Slime","floor":12,"turns":5},{"damage":28,"enemies":"Hexaghost","floor":16,"turns":10},{"damage":42,"enemies":"3 Byrds","floor":18,"turns":6},{"damage":23,"enemies":"2 Thieves","floor":21,"turns":4},{"damage":12,"enemies":"Chosen and Byrds","floor":22,"turns":6},{"damage":45,"enemies":"3 Cultists","floor":24,"turns":5}],"seed_played":"-4471377921257341713","potions_obtained":[{"floor":1,"key":"SteroidPotion"},{"floor":3,"key":"AttackPotion"},{"floor":7,"key":"Block Potion"},{"floor":18,"key":"Explosive Potion"}],"is_trial":false,"path_per_floor":["M","M","M","M","?","R","E","R","T","$","R","M","?","?","R","B",null,"M","?","?","M","M","R","M"],"character_chosen":"DEFECT","items_purchased":["Defragment"],"campfire_rested":3,"item_purchase_floors":[10],"current_hp_per_floor":[57,54,60,41,30,51,9,30,30,30,30,29,29,46,46,25,60,25,25,25,16,11,32,0],"gold":84,"neow_bonus":"RANDOM_COMMON_RELIC","is_prod":false,"is_daily":false,"chose_seed":false,"campfire_upgraded":2,"win_rate":0,"timestamp":1547057102,"path_taken":["M","M","M","M","?","R","E","R","T","$","R","M","?","?","R","BOSS","M","?","?","M","M","R","?"],"build_version":"2019-01-03v4","purchased_purges":1,"victory":false,"max_hp_per_floor":[71,71,71,71,71,71,71,71,71,71,71,71,71,71,71,71,71,71,71,71,71,71,71,71],"card_choices":[{"not_picked":["Steam","Force Field"],"picked":"Genetic Algorithm","floor":1},{"not_picked":["Barrage","Beam Cell"],"picked":"Self Repair","floor":2},{"not_picked":["Darkness","Stack"],"picked":"Go for the Eyes","floor":3},{"not_picked":["Conserve Battery","Compile Driver"],"picked":"Capacitor","floor":4},{"not_picked":["Barrage","Go for the Eyes"],"picked":"Echo Form","floor":7},{"not_picked":["Stack","Beam Cell+1"],"picked":"Steam","floor":12},{"not_picked":["Fission","Seek"],"picked":"Creative AI","floor":16},{"not_picked":["Beam Cell+1","Reprogram"],"picked":"Ball Lightning+1","floor":18},{"not_picked":["Skim","Double Energy"],"picked":"Cold Snap+1","floor":21},{"not_picked":["Stack","Beam Cell+1"],"picked":"Hologram","floor":22}],"player_experience":1669234,"relics_obtained":[{"floor":7,"key":"Molten Egg 2"},{"floor":9,"key":"PreservedInsect"}],"event_choices":[{"damage_healed":0,"gold_gain":0,"player_choice":"Success","damage_taken":11,"relics_obtained":["DataDisk"],"max_hp_gain":0,"max_hp_loss":0,"event_name":"Scrap Ooze","floor":5,"gold_loss":0},{"damage_healed":0,"gold_gain":0,"player_choice":"Ignored","damage_taken":0,"max_hp_gain":0,"max_hp_loss":0,"event_name":"Shining Light","floor":13,"gold_loss":0},{"damage_healed":17,"gold_gain":0,"player_choice":"Healed","damage_taken":0,"max_hp_gain":0,"max_hp_loss":0,"event_name":"The Cleric","floor":14,"gold_loss":35},{"damage_healed":0,"gold_gain":0,"cards_transformed":["Strike_B","Strike_B"],"player_choice":"Became Test Subject","damage_taken":0,"max_hp_gain":0,"max_hp_loss":0,"event_name":"Drug Dealer","floor":19,"gold_loss":0,"cards_obtained":["Biased Cognition","Turbo"]},{"damage_healed":0,"gold_gain":0,"player_choice":"Ignored","damage_taken":0,"max_hp_gain":0,"max_hp_loss":0,"event_name":"Cursed Tome","floor":20,"gold_loss":0}],"is_beta":false,"boss_relics":[{"not_picked":["Pandora\u0027s Box","Empty Cage"],"picked":"Inserter"}],"items_purged_floors":[10],"is_endless":false,"potions_floor_spawned":[1,3,4,7,18],"killed_by":"3 Cultists","ascension_level":19}