{"gold_per_floor":[110,110,110,124,136,171,171,181,181,181,210,221,221,221,221,317,317,335,171,270,270,16,16,33,33,103,103,103,103,103,1,1,106,106,122,122,122,122,122,152,152,177,177,17,36,55,55,85,85,85],"floor_reached":51,"playtime":2018,"items_purged":["Writhe","Doubt","Strike_B"],"score":796,"play_id":"f5c309f8-0c88-4ea1-958b-258c26111b7a","local_time":"20190115111049","is_ascension_mode":true,"campfire_choices":[{"data":"Hologram","floor":7,"key":"SMITH"},{"data":"Zap","floor":10,"key":"SMITH"},{"floor":13,"key":"REST"},{"data":"Gash","floor":15,"key":"SMITH"},{"data":"Deep Breath","floor":25,"key":"SMITH"},{"data":"Go for the Eyes","floor":27,"key":"SMITH"},{"data":"Dualcast","floor":29,"key":"SMITH"},{"data":"Loop","floor":32,"key":"SMITH"},{"floor":41,"key":"REST"},{"data":"Buffer","floor":47,"key":"SMITH"},{"data":"Buffer","floor":49,"key":"SMITH"}],"neow_cost":"NONE","seed_source_timestamp":3205503290252,"circlet_count":0,"master_deck":["Strike_B","Strike_B+1","Defend_B","Defend_B","Defend_B","Defend_B","Zap+1","Dualcast+1","Hologram+1","Gash+1","Go for the Eyes+1","Echo Form","Cold Snap+1","Core Surge","Tempest+1","Deep Breath+1","Beam Cell+1","Loop+1","FTL","Buffer+1","Capacitor+1","Deep Breath","Flash of Steel","Flash of Steel","Madness","Madness","Echo Form","Chill+1","White Noise","Buffer+1"],"relics":["Cracked Core","NeowsBlessing","Vajra","Kunai","Cables","Calling Bell","Happy Flower","Letter Opener","Ginger","Omamori","Mummified Hand","Enchiridion","Mercury Hourglass","Black Star","Orichalcum","Anchor","Pen Nib","Blood Vial","Whetstone","Bronze Scales","Oddly Smooth Stone"],"potions_floor_usage":[6,8,35,40,40,42,42],"damage_taken":[{"damage":0,"enemies":"2 Louse","floor":1,"turns":1},{"damage":0,"enemies":"Cultist","floor":4,"turns":1},{"damage":0,"enemies":"Jaw Worm","floor":5,"turns":1},{"damage":26,"enemies":"Gremlin Nob","floor":6,"turns":4},{"damage":11,"enemies":"Large Slime","floor":8,"turns":3},{"damage":18,"enemies":"3 Sentries","floor":11,"turns":7},{"damage":8,"enemies":"3 Louse","floor":12,"turns":3},{"damage":11,"enemies":"The Guardian","floor":16,"turns":8},{"damage":14,"enemies":"Spheric Guardian","floor":18,"turns":4},{"damage":1,"enemies":"Chosen","floor":24,"turns":3},{"damage":11,"enemies":"Automaton","floor":33,"turns":6},{"damage":8,"enemies":"3 Darklings","floor":35,"turns":4},{"damage":31,"enemies":"Nemesis","floor":40,"turns":7},{"damage":19,"enemies":"Reptomancer","floor":42,"turns":5},{"damage":0,"enemies":"3 Shapes","floor":45,"turns":3},{"damage":0,"enemies":"Maw","floor":46,"turns":6},{"damage":0,"enemies":"Nemesis","floor":48,"turns":7},{"damage":20,"enemies":"Awakened One","floor":50,"turns":10}],"seed_played":"2868035707823350126","potions_obtained":[{"floor":5,"key":"GamblersBrew"},{"floor":6,"key":"SkillPotion"},{"floor":16,"key":"Ancient Potion"},{"floor":18,"key":"SkillPotion"},{"floor":24,"key":"Block Potion"},{"floor":35,"key":"SkillPotion"},{"floor":40,"key":"Explosive Potion"}],"is_trial":false,"path_per_floor":["M","?","?","M","M","E","R","M","T","R","E","M","R","?","R","B",null,"M","$","?","?","$","?","M","R","T","R","?","R","?","$","R","B",null,"M","?","$","?","?","E","R","E","T","$","M","M","R","E","R","B",null],"character_chosen":"DEFECT","items_purchased":["Deep Breath","Omamori","Loop","FTL","White Noise"],"campfire_rested":2,"item_purchase_floors":[19,22,31,31,44],"current_hp_per_floor":[75,68,68,68,68,42,42,31,31,31,13,5,27,27,27,16,75,61,61,61,61,61,61,60,60,60,60,44,44,44,44,44,33,75,67,57,57,48,48,17,39,20,20,20,22,24,24,26,26,8],"gold":85,"neow_bonus":"THREE_ENEMY_KILL","is_prod":false,"is_daily":false,"chose_seed":false,"campfire_upgraded":9,"win_rate":0,"timestamp":1547511049,"path_taken":["M","?","?","M","M","E","R","?","T","R","E","M","R","?","R","BOSS","M","$","?","?","$","?","M","R","T","R","?","R","?","?","R","BOSS","M","?","$","?","?","E","R","E","T","$","?","M","R","E","R","BOSS"],"build_version":"2018-11-15","purchased_purges":3,"victory":true,"max_hp_per_floor":[75,75,75,75,75,75,75,75,75,75,75,75,75,75,75,75,75,75,75,75,75,75,75,75,75,75,75,75,75,75,75,75,75,75,75,75,75,75,75,75,75,75,75,75,75,75,75,75,75,75],"card_choices":[{"not_picked":["Streamline","Sweeping Beam"],"picked":"Hologram","floor":1},{"not_picked":["Redo","Reprogram"],"picked":"Gash","floor":4},{"not_picked":["Rebound","Redo"],"picked":"Go for the Eyes","floor":5},{"not_picked":["Coolheaded","Leap"],"picked":"Echo Form","floor":6},{"not_picked":["Recycle","Hello World","Beam Cell"],"picked":"SKIP","floor":8},{"not_picked":["Rebound","Thunder Strike","Streamline"],"picked":"SKIP","floor":11},{"not_picked":["Ball Lightning","Leap"],"picked":"Cold Snap","floor":12},{"not_picked":["Hyperbeam","Rainbow"],"picked":"Core Surge","floor":16},{"not_picked":["Self Repair","Barrage+1"],"picked":"Tempest+1","floor":18},{"not_picked":["Static Discharge","Capacitor"],"picked":"Beam Cell+1","floor":24},{"not_picked":["Meteor Strike","Fission"],"picked":"Buffer","floor":33},{"not_picked":["Barrage+1","Sweeping Beam+1"],"picked":"Capacitor+1","floor":35},{"not_picked":["Violence","Purity"],"picked":"Deep Breath","floor":36},{"not_picked":["Thinking Ahead","Dark Shackles"],"picked":"Flash of Steel","floor":36},{"not_picked":["Jack Of All Trades","Good Instincts"],"picked":"Flash of Steel","floor":36},{"not_picked":["Barrage","Recycle+1"],"picked":"Chill+1","floor":40},{"not_picked":["Blizzard","Conserve Battery+1","Stack+1"],"picked":"SKIP","floor":42},{"not_picked":["Melter+1","Genetic Algorithm+1","Turbo+1"],"picked":"SKIP","floor":45},{"not_picked":["Coolheaded","Go for the Eyes+1","Leap"],"picked":"SKIP","floor":46},{"not_picked":["White Noise","BootSequence+1"],"picked":"Buffer","floor":48}],"player_experience":1088474,"relics_obtained":[{"floor":6,"key":"Vajra"},{"floor":9,"key":"Kunai"},{"floor":11,"key":"Cables"},{"floor":17,"key":"Happy Flower"},{"floor":17,"key":"Letter Opener"},{"floor":17,"key":"Ginger"},{"floor":26,"key":"Mummified Hand"},{"floor":28,"key":"Enchiridion"},{"floor":40,"key":"Orichalcum"},{"floor":40,"key":"Anchor"},{"floor":42,"key":"Pen Nib"},{"floor":42,"key":"Blood Vial"},{"floor":43,"key":"Whetstone"},{"floor":48,"key":"Bronze Scales"},{"floor":48,"key":"Oddly Smooth Stone"}],"event_choices":[{"cards_removed":["Strike_B"],"damage_healed":0,"gold_gain":0,"player_choice":"Card Removal","damage_taken":7,"max_hp_gain":0,"max_hp_loss":0,"event_name":"Golden Wing","floor":2,"gold_loss":0},{"damage_healed":0,"gold_gain":0,"player_choice":"Bought 0 Potions","damage_taken":0,"max_hp_gain":0,"max_hp_loss":0,"event_name":"The Woman in Blue","floor":3,"gold_loss":0},{"damage_healed":0,"gold_gain":0,"player_choice":"Ignored","damage_taken":0,"max_hp_gain":0,"max_hp_loss":0,"event_name":"Liars Game","floor":14,"gold_loss":0},{"damage_healed":0,"gold_gain":99,"player_choice":"Stole From Cult","damage_taken":0,"max_hp_gain":0,"max_hp_loss":0,"event_name":"Nest","floor":20,"gold_loss":0},{"damage_healed":0,"gold_gain":0,"player_choice":"Ignored","damage_taken":0,"max_hp_gain":0,"max_hp_loss":0,"event_name":"Vampires","floor":21,"gold_loss":0},{"cards_removed":["Injury"],"damage_healed":0,"gold_gain":0,"player_choice":"Elegance","damage_taken":0,"max_hp_gain":0,"max_hp_loss":0,"event_name":"Back to Basics","floor":23,"gold_loss":0},{"damage_healed":0,"gold_gain":0,"player_choice":"Obtained Book","damage_taken":16,"max_hp_gain":0,"max_hp_loss":0,"event_name":"Cursed Tome","floor":28,"gold_loss":0},{"damage_healed":0,"gold_gain":0,"player_choice":"Opened","damage_taken":0,"relics_obtained":["Mercury Hourglass"],"max_hp_gain":0,"max_hp_loss":0,"event_name":"The Mausoleum","floor":30,"gold_loss":0},{"damage_healed":0,"gold_gain":0,"player_choice":"Memory 3","damage_taken":10,"max_hp_gain":0,"max_hp_loss":0,"event_name":"SensoryStone","floor":36,"gold_loss":0},{"damage_healed":0,"gold_gain":0,"player_choice":"Embrace Madness","damage_taken":9,"max_hp_gain":0,"max_hp_loss":0,"event_name":"Winding Halls","floor":38,"gold_loss":0,"cards_obtained":["Madness","Madness"]},{"damage_healed":0,"gold_gain":0,"player_choice":"Copied","damage_taken":0,"max_hp_gain":0,"max_hp_loss":0,"event_name":"Duplicator","floor":39,"gold_loss":0,"cards_obtained":["Echo Form"]}],"is_beta":true,"boss_relics":[{"not_picked":["Runic Dome","Busted Crown"],"picked":"Calling Bell"},{"not_picked":["Tiny House","Lizard Tail"],"picked":"Black Star"}],"items_purged_floors":[19,22,44],"is_endless":false,"potions_floor_spawned":[5,6,16,18,24,35,40],"ascension_level":1}