{"gold_per_floor":[20,40,40,52,63,63,63,97,97,97,108,118,133,159,159,159],"floor_reached":16,"playtime":792,"items_purged":[],"score":164,"play_id":"23219ee4-935c-4f99-9092-2089fb0f53b2","local_time":"20180829221654","is_ascension_mode":false,"campfire_choices":[{"data":"Masterful Stab","floor":6,"key":"SMITH"},{"data":"Survivor","floor":10,"key":"SMITH"},{"data":"Backflip","floor":15,"key":"SMITH"}],"neow_cost":"NO_GOLD","seed_source_timestamp":889718074503,"circlet_count":0,"master_deck":["Defend_G","Defend_G","Defend_G","Defend_G","Strike_G","Strike_G","Strike_G","Strike_G","Survivor+1","Neutralize","Cloak And Dagger","Masterful Stab+1","Backflip","Adrenaline","Leg Sweep","Backflip+1","Backstab"],"relics":["Ring of the Snake","Blood Vial","Omamori","The Courier"],"potions_floor_usage":[5,8,14,14],"damage_taken":[{"damage":0,"enemies":"Jaw Worm","floor":1,"turns":5},{"damage":0,"enemies":"2 Louse","floor":2,"turns":3},{"damage":0,"enemies":"Small Slimes","floor":4,"turns":3},{"damage":0,"enemies":"Exordium Wildlife","floor":5,"turns":3},{"damage":0,"enemies":"Gremlin Nob","floor":8,"turns":4},{"damage":0,"enemies":"Red Slaver","floor":11,"turns":4},{"damage":0,"enemies":"Looter","floor":12,"turns":3},{"damage":0,"enemies":"Exordium Wildlife","floor":13,"turns":3},{"damage":0,"enemies":"3 Sentries","floor":14,"turns":6},{"damage":47,"enemies":"Hexaghost","floor":16,"turns":17}],"seed_played":"-3574961828072874034","potions_obtained":[{"floor":1,"key":"GhostInAJar"},{"floor":2,"key":"Fire Potion"},{"floor":4,"key":"Fire Potion"},{"floor":12,"key":"FearPotion"},{"floor":14,"key":"Regen Potion"}],"is_trial":false,"path_per_floor":["M","M","?","M","M","R","?","E","T","R","M","M","M","E","R"],"character_chosen":"THE_SILENT","items_purchased":[],"campfire_rested":0,"item_purchase_floors":[],"current_hp_per_floor":[70,70,70,70,70,70,70,70,70,70,70,70,70,70,70,23],"gold":159,"neow_bonus":"REMOVE_TWO","is_prod":false,"is_daily":false,"chose_seed":false,"campfire_upgraded":3,"win_rate":0.0,"timestamp":1535573814,"path_taken":["M","M","?","M","M","R","?","E","T","R","M","M","M","E","R","BOSS"],"build_version":"2018-08-28","purchased_purges":0,"victory":false,"max_hp_per_floor":[70,70,70,70,70,70,70,70,70,70,70,70,70,70,70,70],"card_choices":[{"not_picked":["Footwork","Outmaneuver"],"picked":"Cloak And Dagger","floor":1},{"not_picked":["Finisher","Eviscerate"],"picked":"Masterful Stab","floor":2},{"not_picked":["Acrobatics","Dagger Spray"],"picked":"Backflip","floor":4},{"not_picked":["Dagger Spray","Acrobatics"],"picked":"Adrenaline","floor":5},{"not_picked":["Distraction","Outmaneuver"],"picked":"Leg Sweep","floor":8},{"not_picked":["Calculated Gamble","Poisoned Stab"],"picked":"Backflip","floor":11},{"not_picked":["Eviscerate","Footwork"],"picked":"Backstab","floor":12},{"not_picked":["Prepared","Deadly Poison","Footwork"],"picked":"SKIP","floor":13},{"not_picked":["Envenom","Prepared","Bane"],"picked":"SKIP","floor":14}],"player_experience":76953,"relics_obtained":[{"floor":8,"key":"Blood Vial"},{"floor":9,"key":"Omamori"},{"floor":14,"key":"The Courier"}],"event_choices":[{"event_name":"The Cleric","player_choice":"Leave","floor":3,"damage_taken":0},{"event_name":"NoteForYourself","player_choice":"Took Card","floor":7,"damage_taken":0}],"is_beta":true,"boss_relics":[],"items_purged_floors":[],"is_endless":false,"potions_floor_spawned":[1,2,4,12,14],"killed_by":"Hexaghost","ascension_level":0}