{"path_per_floor":["M","?","?","$","M","E","R","M","T","$","?","M","E","M","R","B",null,"M","?","M","?"],"character_chosen":"THE_SILENT","items_purchased":["Noxious Fumes","Bane","Noxious Fumes","Pen Nib"],"gold_per_floor":[144,144,144,19,64,154,154,199,274,45,45,90,180,225,225,525,525,570,570,615,515],"floor_reached":22,"campfire_rested":2,"playtime":639,"current_hp_per_floor":[70,70,70,70,70,49,70,70,70,70,70,70,68,68,70,26,70,46,30,11,11],"items_purged":[],"gold":515,"score":194,"play_id":"140a0e9d-a54f-4979-9a95-d418ff59efc0","local_time":"20180321012457","daily_mods":["Allstar","Midas","Lethality"],"is_prod":false,"is_daily":true,"is_ascension_mode":false,"campfire_upgraded":0,"timestamp":1521559497,"path_taken":["M","?","?","$","M","E","R","?","T","?","?","M","E","M","R","BOSS","M","?","M","?","?"],"build_version":"2018-03-15v3","purchased_purges":0,"victory":false,"master_deck":["Defend_G","Defend_G","Defend_G","Defend_G","Defend_G","Strike_G","Strike_G","Strike_G","Strike_G","Survivor","Neutralize","Mind Blast+1","Sadistic Nature","Riddle With Holes","Noxious Fumes","Bane","Dagger Spray","Accuracy+1","Bane","Noxious Fumes+1","Infinite Blades+1","Expertise","Distraction","Cloak And Dagger","Doppelganger","Bane+1","Cloak And Dagger","J.A.X."],"max_hp_per_floor":[70,70,70,70,70,70,70,70,70,70,70,70,70,70,70,70,70,70,70,70,70],"relics":["Ring of the Snake","Frozen Egg 2","Pantograph","Pen Nib","Paper Crane","The Specimen","Nilry\u0027s Codex"],"card_choices":[{"not_picked":["Acrobatics","Poisoned Stab"],"picked":"Riddle With Holes"},{"not_picked":["Dagger Throw","Underhanded Strike"],"picked":"Dagger Spray"},{"not_picked":["Sucker Punch","Dagger Throw"],"picked":"Accuracy"},{"not_picked":["Flying Knee","Eviscerate"],"picked":"Bane"},{"not_picked":["Acrobatics","Flying Knee"],"picked":"Expertise"},{"not_picked":["Poisoned Stab","Escape Plan"],"picked":"Distraction"},{"not_picked":["Outmaneuver","Backflip"],"picked":"Cloak And Dagger"},{"not_picked":["Phantasmal Killer","Burst"],"picked":"Doppelganger"},{"not_picked":["Quick Slash","Deadly Poison"],"picked":"Bane"},{"not_picked":["Flying Knee","Malaise"],"picked":"Cloak And Dagger"}],"player_experience":265303,"potions_floor_usage":[18,18,20,20,22],"damage_taken":[{"damage":0,"enemies":"2 Louse","floor":1,"turns":3},{"damage":0,"enemies":"Small Slimes","floor":5,"turns":2},{"damage":21,"enemies":"Lagavulin","floor":6,"turns":3},{"damage":0,"enemies":"Cultist","floor":8,"turns":1},{"damage":0,"enemies":"3 Louse","floor":12,"turns":1},{"damage":2,"enemies":"Gremlin Nob","floor":13,"turns":3},{"damage":0,"enemies":"Exordium Thugs","floor":14,"turns":2},{"damage":44,"enemies":"The Guardian","floor":16,"turns":6},{"damage":30,"enemies":"3 Byrds","floor":18,"turns":4},{"damage":19,"enemies":"2 Thieves","floor":20,"turns":3},{"damage":13,"enemies":"Centurion and Healer","floor":22,"turns":2}],"event_choices":[{"event_name":"Living Wall","player_choice":"Grow","floor":2,"damage_taken":0},{"event_name":"Bonfire Elementals","player_choice":"BASIC","floor":3,"damage_taken":0},{"event_name":"Match and Keep!","player_choice":"1 cards matched","floor":11,"damage_taken":0},{"event_name":"Cursed Tome","player_choice":"Obtained Book","floor":19,"damage_taken":0},{"event_name":"Drug Dealer","player_choice":"Got JAXXED","floor":21,"damage_taken":0}],"boss_relics":[{"not_picked":["Runic Pyramid","Eternal Feather"],"picked":"The Specimen"}],"potions_floor_spawned":[5,13,16,18,20],"seed_played":"-7629097336603244972","killed_by":"Centurion and Healer","ascension_level":0,"is_trial":false}