{"gold_per_floor":[110,126,143,163,178,178,206,221,221,236,254,277,277,352,352,457,457,470,482,482,494,37,69,69,104,163,175,187,232,244,58,58,58],"floor_reached":33,"playtime":1975,"items_purged":[],"score":347,"play_id":"f79b62a6-50b0-4c30-ad42-f67a61c5ce59","local_time":"20181210010809","is_ascension_mode":true,"campfire_choices":[{"data":"Envenom","floor":6.0,"key":"SMITH"},{"floor":13.0,"key":"REST"},{"floor":15.0,"key":"RECALL"},{"floor":24.0,"key":"REST"},{"floor":28.0,"key":"REST"},{"floor":32.0,"key":"REST"}],"neow_cost":"NONE","seed_source_timestamp":179591098469090,"circlet_count":0,"master_deck":["Defend_G","Defend_G","Defend_G","Defend_G","Defend_G","Strike_G","Strike_G","Strike_G","Strike_G","Strike_G","Survivor","Neutralize","Quick Slash","Sucker Punch","Envenom+1","Heel Hook","PiercingWail","Prepared","Catalyst","Dagger Throw","Riddle With Holes","Noxious Fumes","Die Die Die","Deadly Poison","Calculated Gamble","Poisoned Stab","All Out Attack","Tactician","Footwork+1","Ghostly","Ghostly","Ghostly","Ghostly","Ghostly"],"special_seed":0,"relics":["Ring of the Serpent","Blue Candle","Bottled Tornado","MutagenicStrength","Lee\u0027s Waffle","Shuriken","Anchor","MawBank","Smiling Mask","Nilry\u0027s Codex","Dodecahedron","Toolbox"],"potions_floor_usage":[33],"damage_taken":[{"damage":0.0,"enemies":"Cultist","floor":1.0,"turns":3.0},{"damage":6.0,"enemies":"Small Slimes","floor":2.0,"turns":3.0},{"damage":3.0,"enemies":"2 Louse","floor":3.0,"turns":3.0},{"damage":0.0,"enemies":"Large Slime","floor":4.0,"turns":8.0},{"damage":0.0,"enemies":"2 Fungi Beasts","floor":5.0,"turns":5.0},{"damage":15.0,"enemies":"Lagavulin","floor":7.0,"turns":9.0},{"damage":2.0,"enemies":"Blue Slaver","floor":8.0,"turns":5.0},{"damage":3.0,"enemies":"Looter","floor":10.0,"turns":4.0},{"damage":2.0,"enemies":"Exordium Thugs","floor":11.0,"turns":3.0},{"damage":2.0,"enemies":"Hexaghost","floor":16.0,"turns":8.0},{"damage":6.0,"enemies":"Chosen","floor":18.0,"turns":5.0},{"damage":17.0,"enemies":"Shell Parasite","floor":19.0,"turns":5.0},{"damage":27.0,"enemies":"Centurion and Healer","floor":21.0,"turns":7.0},{"damage":39.0,"enemies":"Gremlin Leader","floor":23.0,"turns":6.0},{"damage":22.0,"enemies":"Book of Stabbing","floor":25.0,"turns":5.0},{"damage":32.0,"enemies":"Slavers","floor":29.0,"turns":4.0},{"damage":37,"enemies":"Champ","floor":33,"turns":9}],"seed_played":"7349665278236117218","potions_obtained":[{"floor":2.0,"key":"LiquidBronze"},{"floor":3.0,"key":"Energy Potion"},{"floor":4.0,"key":"Weak Potion"},{"floor":8.0,"key":"Strength Potion"},{"floor":11.0,"key":"SteroidPotion"},{"floor":25.0,"key":"SteroidPotion"}],"is_trial":false,"path_per_floor":["M","M","M","M","M","R","E","M","T","M","M","T","R","?","R","B",null,"M","M","?","M","$","E","R","E","T","?","R","E","?","$","R","B"],"character_chosen":"THE_SILENT","items_purchased":["Lee\u0027s Waffle","Shuriken","Toolbox"],"campfire_rested":4,"item_purchase_floors":[22,22,31],"current_hp_per_floor":[70,64,61,61,61,61,46,44,44,41,39,39,60,49,49,47,70,64,47,47,20,77,38,61,39,39,23,46,14,14,14,25,0],"gold":58,"neow_bonus":"THREE_CARDS","is_prod":false,"is_daily":false,"chose_seed":false,"campfire_upgraded":1,"win_rate":0,"timestamp":1544422089,"path_taken":["M","M","M","M","M","R","E","?","T","M","M","?","R","?","R","BOSS","M","M","?","M","$","E","R","E","T","?","R","E","?","$","R","BOSS"],"build_version":"2018-12-06","purchased_purges":0,"victory":false,"max_hp_per_floor":[70,70,70,70,70,70,70,70,70,70,70,70,70,70,70,70,70,70,70,70,70,77,77,77,77,77,77,77,77,38,38,38,38],"card_choices":[{"not_picked":["Sucker Punch","Flying Knee"],"picked":"Quick Slash","floor":0.0},{"not_picked":["Dodge and Roll","Acrobatics"],"picked":"Sucker Punch","floor":1.0},{"not_picked":["Backflip","Catalyst"],"picked":"Envenom","floor":2.0},{"not_picked":["Blur","Accuracy"],"picked":"Heel Hook","floor":3.0},{"not_picked":["Expertise","Dodge and Roll"],"picked":"PiercingWail","floor":4.0},{"not_picked":["Blade Dance","Deflect"],"picked":"Prepared","floor":5.0},{"not_picked":["Storm of Steel","Bane"],"picked":"Catalyst","floor":7.0},{"not_picked":["Dodge and Roll","Blade Dance"],"picked":"Dagger Throw","floor":8.0},{"not_picked":["Tactician","Acrobatics"],"picked":"Riddle With Holes","floor":10.0},{"not_picked":["Deflect","Dagger Throw"],"picked":"Noxious Fumes","floor":11.0},{"not_picked":["Phantasmal Killer","Venomology"],"picked":"Die Die Die","floor":16.0},{"not_picked":["Cloak And Dagger+1","Reflex+1"],"picked":"Deadly Poison","floor":18.0},{"not_picked":["Slice","Flying Knee"],"picked":"Calculated Gamble","floor":19.0},{"not_picked":["Dodge and Roll","Accuracy+1"],"picked":"Poisoned Stab","floor":21.0},{"not_picked":["Eviscerate","Malaise"],"picked":"All Out Attack","floor":23.0},{"not_picked":["Poisoned Stab","Quick Slash"],"picked":"Tactician","floor":25.0},{"not_picked":["Dagger Spray","Deadly Poison"],"picked":"Footwork+1","floor":29.0}],"player_experience":176338,"relics_obtained":[{"floor":7.0,"key":"Blue Candle"},{"floor":9.0,"key":"Bottled Tornado"},{"floor":23.0,"key":"Anchor"},{"floor":25.0,"key":"MawBank"},{"floor":26.0,"key":"Smiling Mask"},{"floor":27.0,"key":"Nilry\u0027s Codex"},{"floor":29.0,"key":"Dodecahedron"}],"event_choices":[{"damage_healed":0.0,"max_hp_gain":0.0,"max_hp_loss":0.0,"gold_gain":75.0,"event_name":"World of Goop","player_choice":"Gather Gold","floor":14.0,"gold_loss":0.0,"damage_taken":11.0},{"damage_healed":0.0,"max_hp_gain":0.0,"max_hp_loss":0.0,"gold_gain":0.0,"event_name":"Drug Dealer","player_choice":"Inject Mutagens","floor":20.0,"gold_loss":0.0,"damage_taken":0.0,"relics_obtained":["MutagenicStrength"]},{"damage_healed":0.0,"max_hp_gain":0.0,"max_hp_loss":0.0,"gold_gain":0.0,"event_name":"Cursed Tome","player_choice":"Obtained Book","floor":27.0,"gold_loss":0.0,"damage_taken":16.0},{"damage_healed":0.0,"max_hp_gain":0.0,"max_hp_loss":39.0,"gold_gain":0.0,"event_name":"Ghosts","player_choice":"Became a Ghost","floor":30.0,"gold_loss":0.0,"damage_taken":0.0,"cards_obtained":["Ghostly","Ghostly","Ghostly","Ghostly","Ghostly"]}],"is_beta":false,"boss_relics":[{"not_picked":["Astrolabe","Sozu"],"picked":"Ring of the Serpent"}],"items_purged_floors":[],"is_endless":false,"potions_floor_spawned":[2,3,4,8,11,18,21,25],"killed_by":"Champ","ascension_level":1}