{"gold_per_floor":[111,130,144,41,52,83,94,269,340,375,375,375,375,405,405,506,506,518,529,529,86,96,130,144,179,179,179,179,195,214,234,234,331,331,348,366,83,83,97,97,129,129,208,208,85,103,118,133,133,133],"floor_reached":50,"playtime":2350,"items_purged":["Doubt"],"score":801,"play_id":"fe6c0a72-c416-4838-bb38-a26aabc2306f","local_time":"20180830133629","is_ascension_mode":true,"campfire_choices":[{"data":"1","floor":11,"key":"LIFT"},{"floor":13,"key":"REST"},{"floor":15,"key":"REST"},{"floor":28,"key":"REST"},{"floor":32,"key":"REST"},{"data":"2","floor":40,"key":"LIFT"},{"data":"3","floor":42,"key":"LIFT"},{"floor":49,"key":"REST"}],"neow_cost":"NONE","seed_source_timestamp":4011616197282,"circlet_count":0,"master_deck":["Bash","Iron Wave+1","Disarm","Pommel Strike","Metallicize","Warcry","Intimidate","Cleave","Clash","Heavy Blade","Perfected Strike","Double Tap","Armaments","Sever Soul","Heavy Blade","Warcry","Clash","Pommel Strike","Pommel Strike+1","Pummel+1","Inflame","True Grit+1","Battle Trance+1","Corruption+1","Carnage+1","Offering+1","Perfected Strike","Seeing Red+1","Demon Form","Barricade+1","Clash+1","Twin Strike+1","Flex+1","Infernal Blade+1","Perfected Strike","Perfected Strike+1","Inflame","Armaments+1"],"relics":["Burning Blood","Whetstone","Gremlin Horn","Girya","Strawberry","Anchor","Pandora\u0027s Box","Toxic Egg 2","Mummified Hand","Vajra","Matryoshka","Astrolabe","Bag of Marbles","Singing Bowl","Molten Egg 2","Smiling Mask"],"potions_floor_usage":[10,10,14,23,30,33,33,41,47,47,48,50],"damage_taken":[{"damage":6,"enemies":"Cultist","floor":1,"turns":3},{"damage":0,"enemies":"2 Louse","floor":2,"turns":4},{"damage":5,"enemies":"Small Slimes","floor":3,"turns":4},{"damage":10,"enemies":"3 Louse","floor":5,"turns":5},{"damage":30,"enemies":"3 Sentries","floor":6,"turns":13},{"damage":15,"enemies":"Large Slime","floor":7,"turns":9},{"damage":19,"enemies":"Gremlin Nob","floor":10,"turns":4},{"damage":10,"enemies":"3 Sentries","floor":14,"turns":6},{"damage":49,"enemies":"Hexaghost","floor":16,"turns":13},{"damage":15,"enemies":"2 Thieves","floor":18,"turns":3},{"damage":15,"enemies":"3 Byrds","floor":19,"turns":5},{"damage":20,"enemies":"Sentry and Sphere","floor":22,"turns":4},{"damage":0,"enemies":"Gremlin Leader","floor":23,"turns":6},{"damage":11,"enemies":"Snake Plant","floor":24,"turns":2},{"damage":24,"enemies":"Slavers","floor":25,"turns":5},{"damage":13,"enemies":"Centurion and Healer","floor":29,"turns":3},{"damage":6,"enemies":"Cultist and Chosen","floor":30,"turns":3},{"damage":14,"enemies":"Chosen and Byrds","floor":31,"turns":4},{"damage":70,"enemies":"Automaton","floor":33,"turns":8},{"damage":33,"enemies":"3 Shapes","floor":35,"turns":3},{"damage":1,"enemies":"Orb Walker","floor":36,"turns":2},{"damage":0,"enemies":"Sphere and 2 Shapes","floor":39,"turns":2},{"damage":12,"enemies":"Giant Head","floor":41,"turns":5},{"damage":6,"enemies":"Spire Growth","floor":46,"turns":1},{"damage":16,"enemies":"Reptomancer","floor":47,"turns":3},{"damage":6,"enemies":"Jaw Worm Horde","floor":48,"turns":1},{"damage":88,"enemies":"Awakened One","floor":50,"turns":4}],"seed_played":"7718613898550298718","potions_obtained":[{"floor":6,"key":"Weak Potion"},{"floor":7,"key":"AttackPotion"},{"floor":10,"key":"AttackPotion"},{"floor":16,"key":"Ancient Potion"},{"floor":19,"key":"GamblersBrew"},{"floor":29,"key":"Explosive Potion"},{"floor":30,"key":"PowerPotion"},{"floor":31,"key":"PowerPotion"},{"floor":33,"key":"Block Potion"},{"floor":36,"key":"Regen Potion"},{"floor":41,"key":"Swift Potion"},{"floor":46,"key":"BloodPotion"},{"floor":47,"key":"Regen Potion"}],"is_trial":false,"path_per_floor":["M","M","M","$","M","E","M","?","T","E","R","?","R","E","R","B",null,"M","M","?","$","M","E","M","E","T","?","R","M","M","M","R","B",null,"M","M","$","?","M","R","E","R","T","?","$","M","M","M","R"],"character_chosen":"IRONCLAD","items_purchased":["Metallicize","Warcry","Toxic Egg 2","Inflame","True Grit+1","Bag of Marbles","Infernal Blade+1","Perfected Strike","Inflame","Armaments+1"],"campfire_rested":5,"item_purchase_floors":[4,4,21,21,21,37,37,37,45,45],"current_hp_per_floor":[88,88,88,88,84,60,51,51,51,38,38,27,55,51,79,36,80,71,62,62,62,48,54,49,31,31,31,59,52,52,44,72,8,73,46,51,51,51,57,57,53,53,53,53,53,55,56,58,88,0],"gold":133,"neow_bonus":"TEN_PERCENT_HP_BONUS","is_prod":false,"is_daily":false,"chose_seed":false,"campfire_upgraded":0,"win_rate":0,"timestamp":1535628989,"path_taken":["M","?","M","$","?","E","M","?","T","E","R","?","R","E","R","BOSS","M","M","?","$","M","E","?","E","T","?","R","M","M","M","R","BOSS","M","M","?","?","M","R","E","R","T","?","$","?","?","?","R","BOSS"],"build_version":"2018-08-29","purchased_purges":1,"victory":false,"max_hp_per_floor":[88,88,88,88,88,88,88,88,88,88,88,95,95,95,95,95,95,95,95,95,95,95,95,95,95,95,95,95,95,95,95,95,95,95,95,95,95,95,95,95,97,97,97,97,97,99,101,103,103,103],"card_choices":[{"not_picked":["Shrug It Off","Twin Strike"],"picked":"Iron Wave","floor":1},{"not_picked":["Heavy Blade","Flex"],"picked":"Disarm","floor":2},{"not_picked":["Power Through","Anger"],"picked":"Pommel Strike","floor":3},{"not_picked":["Heavy Blade","Anger"],"picked":"Intimidate","floor":5},{"not_picked":["Warcry","Body Slam"],"picked":"Cleave","floor":6},{"not_picked":["Barricade","Sword Boomerang"],"picked":"Clash","floor":7},{"not_picked":["Power Through","Flex"],"picked":"Heavy Blade","floor":10},{"not_picked":["Sever Soul","Wild Strike"],"picked":"Perfected Strike","floor":14},{"not_picked":["Bludgeon","Impervious"],"picked":"Double Tap","floor":16},{"not_picked":["Battle Trance","Flame Barrier"],"picked":"Pommel Strike+1","floor":18},{"not_picked":["Havoc","Uppercut"],"picked":"Pummel+1","floor":19},{"not_picked":["Burning Pact+1","Body Slam","Clothesline"],"picked":"SKIP","floor":22},{"not_picked":["Wild Strike","Blood for Blood"],"picked":"Battle Trance+1","floor":23},{"not_picked":["Wild Strike","Heavy Blade"],"picked":"Corruption+1","floor":24},{"not_picked":["Rampage","Shockwave+1"],"picked":"Carnage+1","floor":25},{"not_picked":["Bloodletting+1","Seeing Red+1"],"picked":"Offering+1","floor":29},{"not_picked":["Carnage","Corruption+1"],"picked":"Perfected Strike","floor":30},{"not_picked":["Clash","Evolve"],"picked":"Seeing Red+1","floor":31},{"not_picked":["Juggernaut","Immolate"],"picked":"Demon Form","floor":33},{"not_picked":["Heavy Blade","Clothesline"],"picked":"Twin Strike+1","floor":35},{"not_picked":["Burning Pact+1","Corruption+1"],"picked":"Flex+1","floor":36},{"not_picked":["Shockwave+1","Armaments+1"],"picked":"Perfected Strike+1","floor":39},{"not_picked":["Pommel Strike","Cleave","Berserk"],"picked":"Singing Bowl","floor":41},{"not_picked":["Ghostly Armor+1","Warcry+1","Iron Wave+1"],"picked":"Singing Bowl","floor":46},{"not_picked":["Thunderclap+1","Corruption+1","Pommel Strike+1"],"picked":"Singing Bowl","floor":47},{"not_picked":["Flame Barrier+1","Dual Wield+1","Armaments+1"],"picked":"Singing Bowl","floor":48}],"player_experience":79802,"relics_obtained":[{"floor":6,"key":"Whetstone"},{"floor":9,"key":"Gremlin Horn"},{"floor":10,"key":"Girya"},{"floor":14,"key":"Anchor"},{"floor":23,"key":"Mummified Hand"},{"floor":25,"key":"Vajra"},{"floor":26,"key":"Matryoshka"},{"floor":41,"key":"Singing Bowl"},{"floor":43,"key":"Molten Egg 2"},{"floor":43,"key":"Smiling Mask"}],"event_choices":[{"event_name":"Liars Game","player_choice":"agreed","floor":8,"damage_taken":0},{"event_name":"Scrap Ooze","player_choice":"success","floor":12,"damage_taken":18},{"event_name":"Vampires","player_choice":"Ignored","floor":20,"damage_taken":0},{"event_name":"Back to Basics","player_choice":"Simplicity","floor":27,"damage_taken":0},{"event_name":"Falling","player_choice":"Removed Skill","floor":38,"damage_taken":0},{"event_name":"Tomb of Lord Red Mask","player_choice":"Ignored","floor":44,"damage_taken":0}],"is_beta":true,"boss_relics":[{"not_picked":["Velvet Choker","Coffee Dripper"],"picked":"Pandora\u0027s Box"},{"not_picked":["Eternal Feather","White Beast Statue"],"picked":"Astrolabe"}],"items_purged_floors":[21],"is_endless":false,"potions_floor_spawned":[6,7,10,16,19,29,30,31,33,36,41,46,47],"killed_by":"Awakened One","ascension_level":5}