{"gold_per_floor":[18,193,40,40,60,92,92,92],"floor_reached":8,"playtime":404,"items_purged":["Doubt"],"score":68,"play_id":"561b2631-bc2e-43d4-9c80-8b8e4b24c084","local_time":"20190203190756","is_ascension_mode":true,"campfire_choices":[],"neow_cost":"NO_GOLD","seed_source_timestamp":24174002379114,"circlet_count":0,"master_deck":["Strike_R","Strike_R","Strike_R","Strike_R","Strike_R","Defend_R","Defend_R","Defend_R","Defend_R","Bash","Double Tap","Iron Wave","Iron Wave","Clothesline","Body Slam","Shockwave","Parasite"],"relics":["Burning Blood","Centennial Puzzle","Mercury Hourglass"],"potions_floor_usage":[5],"damage_taken":[{"damage":0,"enemies":"2 Louse","floor":1,"turns":3},{"damage":3,"enemies":"Small Slimes","floor":5,"turns":4},{"damage":46,"enemies":"3 Sentries","floor":6,"turns":10},{"damage":43,"enemies":"Lagavulin","floor":8,"turns":6}],"seed_played":"8738546888064087836","potions_obtained":[{"floor":1,"key":"SpeedPotion"}],"is_trial":false,"path_per_floor":["M","?","$","?","M","E","?","E"],"character_chosen":"IRONCLAD","items_purchased":["Iron Wave","Clothesline"],"campfire_rested":0,"item_purchase_floors":[3,3],"current_hp_per_floor":[80,80,80,55,58,18,38,0],"gold":92,"neow_bonus":"THREE_RARE_CARDS","is_prod":false,"is_daily":false,"chose_seed":false,"campfire_upgraded":0,"win_rate":0,"timestamp":1549188476,"path_taken":["M","?","$","?","M","E","?","E"],"build_version":"2019-01-23","purchased_purges":1,"victory":false,"max_hp_per_floor":[80,80,80,80,80,80,80,80],"card_choices":[{"not_picked":["Berserk","Fiend Fire"],"picked":"Double Tap","floor":0},{"not_picked":["Disarm","Havoc"],"picked":"Iron Wave","floor":1},{"not_picked":["Seeing Red","Fire Breathing"],"picked":"Body Slam","floor":5},{"not_picked":["Demon Form","Rupture"],"picked":"Shockwave","floor":6}],"player_experience":794100,"relics_obtained":[{"floor":6,"key":"Mercury Hourglass"}],"event_choices":[{"damage_healed":0,"gold_gain":175,"player_choice":"AGREE","damage_taken":0,"max_hp_gain":0,"max_hp_loss":0,"event_name":"Liars Game","floor":2,"gold_loss":0,"cards_obtained":["Doubt"]},{"damage_healed":0,"gold_gain":0,"player_choice":"Success","damage_taken":25,"relics_obtained":["Centennial Puzzle"],"max_hp_gain":0,"max_hp_loss":0,"event_name":"Scrap Ooze","floor":4,"gold_loss":0},{"damage_healed":20,"gold_gain":0,"player_choice":"Healed and dodged fight","damage_taken":0,"max_hp_gain":0,"max_hp_loss":0,"event_name":"Mushrooms","floor":7,"gold_loss":0,"cards_obtained":["Parasite"]}],"is_beta":false,"boss_relics":[],"items_purged_floors":[3],"is_endless":false,"potions_floor_spawned":[1],"killed_by":"Lagavulin","ascension_level":5}