{"gold_per_floor":[114,134,146,146,157,157,170,199,199,230,241,241,241,258,258,258],"floor_reached":16,"playtime":1949,"items_purged":[],"score":154,"play_id":"b9c27859-4f99-4bcd-a529-677389ac0993","local_time":"20190106205937","is_ascension_mode":true,"campfire_choices":[{"data":"Backstab","floor":6,"key":"SMITH"},{"data":"Backstab","floor":13,"key":"SMITH"},{"data":"Cloak And Dagger","floor":15,"key":"SMITH"}],"neow_cost":"NONE","seed_source_timestamp":1644037342750547,"circlet_count":0,"master_deck":["Defend_G","Defend_G","Defend_G","Defend_G","Defend_G","Strike_G","Strike_G","Strike_G","Strike_G","Survivor","Neutralize","Die Die Die+1","Cloak And Dagger+1","Sucker Punch","Endless Agony","Backstab+1","Heel Hook","Backstab+1","Bouncing Flask"],"relics":["Ring of the Snake","Gremlin Horn","Centennial Puzzle","Lantern","Boot"],"potions_floor_usage":[8,16],"damage_taken":[{"damage":0,"enemies":"Jaw Worm","floor":1,"turns":4},{"damage":3,"enemies":"Small Slimes","floor":2,"turns":4},{"damage":0,"enemies":"2 Louse","floor":3,"turns":2},{"damage":0,"enemies":"2 Fungi Beasts","floor":5,"turns":2},{"damage":0,"enemies":"Gremlin Gang","floor":7,"turns":1},{"damage":10,"enemies":"Lagavulin","floor":8,"turns":5},{"damage":5,"enemies":"Gremlin Nob","floor":10,"turns":3},{"damage":0,"enemies":"Exordium Thugs","floor":11,"turns":2},{"damage":0,"enemies":"2 Fungi Beasts","floor":14,"turns":1},{"damage":45,"enemies":"Hexaghost","floor":16,"turns":11}],"seed_played":"-8200991760220306211","potions_obtained":[{"floor":5,"key":"Poison Potion"},{"floor":7,"key":"Fire Potion"},{"floor":8,"key":"Ancient Potion"},{"floor":10,"key":"Energy Potion"}],"is_trial":false,"path_per_floor":["M","M","M","?","M","R","M","E","T","E","M","T","R","M","R","B"],"character_chosen":"THE_SILENT","items_purchased":[],"campfire_rested":0,"item_purchase_floors":[],"current_hp_per_floor":[63,60,60,60,60,60,60,50,50,45,45,45,45,45,45,0],"gold":258,"neow_bonus":"TRANSFORM_CARD","is_prod":false,"is_daily":false,"chose_seed":false,"campfire_upgraded":3,"win_rate":0,"timestamp":1546826377,"path_taken":["M","M","M","?","M","R","M","E","T","E","M","?","R","M","R","BOSS"],"build_version":"2019-01-03v4","purchased_purges":0,"victory":false,"max_hp_per_floor":[70,70,70,70,70,70,70,70,70,70,70,70,70,70,70,70],"card_choices":[{"not_picked":["Bane","Flechettes"],"picked":"Cloak And Dagger","floor":1},{"not_picked":["Blade Dance","Deflect"],"picked":"Sucker Punch","floor":2},{"not_picked":["Riddle With Holes","Flying Knee"],"picked":"Endless Agony","floor":3},{"not_picked":["Poisoned Stab","Masterful Stab"],"picked":"Backstab","floor":5},{"not_picked":["Caltrops","Flying Knee"],"picked":"Heel Hook","floor":7},{"not_picked":["Noxious Fumes","Poisoned Stab"],"picked":"Backstab","floor":8},{"not_picked":["Tools of the Trade","Slice"],"picked":"Bouncing Flask","floor":10},{"not_picked":["Backflip","Blur","Deadly Poison"],"picked":"SKIP","floor":11},{"not_picked":["Poisoned Stab","Quick Slash","Blade Dance"],"picked":"SKIP","floor":14}],"player_experience":413966,"relics_obtained":[{"floor":8,"key":"Gremlin Horn"},{"floor":9,"key":"Centennial Puzzle"},{"floor":10,"key":"Lantern"},{"floor":12,"key":"Boot"}],"event_choices":[{"damage_healed":0,"gold_gain":0,"player_choice":"Grow","damage_taken":0,"max_hp_gain":0,"max_hp_loss":0,"event_name":"Living Wall","floor":4,"gold_loss":0,"cards_upgraded":["Die Die Die"]}],"is_beta":false,"boss_relics":[],"items_purged_floors":[],"is_endless":false,"potions_floor_spawned":[5,7,8,10],"killed_by":"Hexaghost","ascension_level":7}