{"path_per_floor":["M","?","M","M","M","E","R","?","T","?","M","M","M","E","R","B",null,"M","$","?","?","?","R","E","M","T","?","M","E","R","M","R","B",null,"M","?","?","$","M","M","E","?","T","M","$","T","R","?","R","B"],"character_chosen":"IRONCLAD","items_purchased":["Bottled Flame","Bottled Lightning"],"gold_per_floor":[117,117,134,144,158,193,193,222,222,222,242,259,269,297,297,400,400,410,335,250,250,550,550,585,599,599,524,539,574,574,589,589,692,692,705,705,755,405,417,432,463,463,487,504,138,138,138,138,138,138],"floor_reached":51,"campfire_rested":1,"playtime":3655,"current_hp_per_floor":[80,80,80,80,80,66,66,73,73,73,72,71,77,57,57,55,80,75,75,75,75,75,75,80,80,80,80,64,67,67,73,73,62,80,72,72,51,51,62,52,61,51,51,67,67,67,67,67,80,59],"items_purged":["Defend_R","Strike_R","Defend_R"],"gold":138,"score":700,"play_id":"fae5983d-5a06-48bc-8bba-99db6bcc2016","local_time":"20180318230758","is_prod":false,"is_daily":false,"is_ascension_mode":false,"campfire_upgraded":6,"timestamp":1521432478,"path_taken":["M","?","M","M","M","E","R","?","T","?","M","M","M","E","R","BOSS","M","$","?","?","?","R","E","M","T","?","M","E","R","M","R","BOSS","M","?","?","$","M","M","E","?","T","M","$","?","R","?","R","BOSS"],"build_version":"2018-03-15v3","purchased_purges":3,"victory":true,"master_deck":["Strike_R+1","Defend_R","Bash+1","Reaper","Spot Weakness+1","Heavy Blade+1","Intimidate","Inflame","Inflame","Offering+1","Flex","Warcry+1","Demon Form+1","Intimidate+1","Combust+1","Warcry+1","Madness","Madness","Heavy Blade+1"],"max_hp_per_floor":[80,80,80,80,80,80,80,80,80,80,80,80,80,80,80,80,80,80,80,80,80,80,80,80,80,80,80,80,80,80,80,80,80,80,80,80,80,80,80,80,80,80,80,80,80,80,80,80,80,80],"relics":["Burning Blood","Bronze Scales","Odd Mushroom","Du-Vu Doll","Bag of Marbles","Velvet Choker","Mercury Hourglass","Old Coin","Lantern","Charon\u0027s Ashes","Pen Nib","Runic Cube","Unceasing Top","Bottled Flame","Ice Cream","Whetstone","Bottled Lightning","Oddly Smooth Stone"],"card_choices":[{"not_picked":["Intimidate","Rupture"],"picked":"Spot Weakness"},{"not_picked":["Shrug It Off","Iron Wave"],"picked":"Heavy Blade"},{"not_picked":["Reckless Charge","Hemokinesis"],"picked":"Intimidate"},{"not_picked":["True Grit","Pummel"],"picked":"Inflame"},{"not_picked":["Spot Weakness","Power Through"],"picked":"Inflame"},{"not_picked":["Dark Embrace","Feed"],"picked":"Offering"},{"not_picked":["Anger","Intimidate"],"picked":"Flex"},{"not_picked":["Iron Wave","Evolve"],"picked":"Warcry"},{"not_picked":["Fiend Fire","Berserk"],"picked":"Demon Form"},{"not_picked":["Rupture","Sword Boomerang"],"picked":"Intimidate"},{"not_picked":["Sentinel","Iron Wave"],"picked":"Combust"},{"not_picked":["Combust","Seeing Red"],"picked":"Warcry"},{"not_picked":["Clash","True Grit"],"picked":"Heavy Blade"}],"player_experience":56808,"potions_floor_usage":[8,16,16,24,24,29,33,37],"damage_taken":[{"damage":11,"enemies":"Jaw Worm","floor":1,"turns":3},{"damage":6,"enemies":"Cultist","floor":3,"turns":3},{"damage":6,"enemies":"2 Louse","floor":4,"turns":3},{"damage":3,"enemies":"2 Fungi Beasts","floor":5,"turns":3},{"damage":35,"enemies":"3 Sentries","floor":6,"turns":6},{"damage":28,"enemies":"The Mushroom Lair","floor":8,"turns":5},{"damage":7,"enemies":"Blue Slaver","floor":11,"turns":4},{"damage":7,"enemies":"Red Slaver","floor":12,"turns":3},{"damage":0,"enemies":"2 Fungi Beasts","floor":13,"turns":2},{"damage":26,"enemies":"Lagavulin","floor":14,"turns":5},{"damage":11,"enemies":"Slime Boss","floor":16,"turns":6},{"damage":11,"enemies":"3 Byrds","floor":18,"turns":3},{"damage":18,"enemies":"Gremlin Leader","floor":24,"turns":3},{"damage":14,"enemies":"Spheric Guardian","floor":25,"turns":3},{"damage":22,"enemies":"Cultist and Chosen","floor":28,"turns":3},{"damage":35,"enemies":"Slavers","floor":29,"turns":4},{"damage":13,"enemies":"Centurion and Healer","floor":31,"turns":2},{"damage":30,"enemies":"Champ","floor":33,"turns":6},{"damage":14,"enemies":"Orb Walker","floor":35,"turns":3},{"damage":39,"enemies":"Mysterious Sphere","floor":37,"turns":3},{"damage":20,"enemies":"3 Darklings","floor":39,"turns":3},{"damage":22,"enemies":"Sphere and 2 Shapes","floor":40,"turns":4},{"damage":27,"enemies":"2 Orb Walkers","floor":41,"turns":3},{"damage":22,"enemies":"4 Shapes","floor":44,"turns":3},{"damage":67,"enemies":"Time Eater","floor":50,"turns":4}],"event_choices":[{"event_name":"Purifier","player_choice":"One Purge","floor":2,"damage_taken":0},{"event_name":"Mushrooms","player_choice":"Fought Mushrooms","floor":8,"damage_taken":0},{"event_name":"Living Wall","player_choice":"Forget","floor":10,"damage_taken":0},{"event_name":"Addict","player_choice":"Obtained Relic","floor":20,"damage_taken":0},{"event_name":"Vampires","player_choice":"Ignored","floor":21,"damage_taken":0},{"event_name":"The Mausoleum","player_choice":"Yes","floor":22,"damage_taken":0},{"event_name":"Beggar","player_choice":"Gave Gold","floor":27,"damage_taken":0},{"event_name":"Tomb of Lord Red Mask","player_choice":"Ignored","floor":36,"damage_taken":0},{"event_name":"Mysterious Sphere","player_choice":"Fight","floor":37,"damage_taken":0},{"event_name":"Winding Halls","player_choice":"Embrace Madness","floor":42,"damage_taken":0}],"boss_relics":[{"not_picked":["White Beast Statue","Black Blood"],"picked":"Velvet Choker"},{"not_picked":["Mark of Pain","Eternal Feather"],"picked":"Runic Cube"}],"potions_floor_spawned":[1,3,6,11,18,24,29,35,37,44],"seed_played":"5819037635459853908","ascension_level":0,"is_trial":false}