{"path_per_floor":["M","?","M","M","?","R","E","?","T","?","E","M","R","E","R","B",null,"M","$","?","?","M"],"character_chosen":"IRONCLAD","items_purchased":["Molten Egg 2"],"gold_per_floor":[19,19,30,48,48,48,75,75,127,127,171,187,187,187,187,312,312,281,20,20,20,38,38],"floor_reached":23,"campfire_rested":2,"playtime":1001,"item_purchase_floors":[19],"current_hp_per_floor":[80,87,74,71,68,68,30,51,51,51,30,33,59,53,79,21,71,40,40,40,40,19,0],"items_purged":[],"gold":38,"score":259,"play_id":"3a2939f8-6208-4c5e-b9fa-8dab5212b49f","local_time":"20180611122503","is_prod":false,"is_daily":false,"chose_seed":false,"is_ascension_mode":true,"campfire_upgraded":1,"win_rate":0,"timestamp":1528712703,"campfire_choices":[{"data":"Clothesline","floor":6,"key":"SMITH"},{"floor":13,"key":"REST"},{"floor":15,"key":"REST"}],"path_taken":["M","?","M","M","?","R","E","?","T","?","E","M","R","E","R","BOSS","M","$","?","?","?","E"],"build_version":"2018-06-08","seed_source_timestamp":1800305326917,"purchased_purges":0,"victory":false,"master_deck":["Strike_R","Strike_R","Strike_R","Strike_R","Strike_R","Defend_R","Defend_R","Defend_R","Defend_R","Bash","Clothesline+1","Cleave","Pommel Strike","True Grit","Second Wind","Burning Pact","Dark Embrace+1","Disarm","Carnage+1"],"max_hp_per_floor":[80,87,87,87,87,87,87,87,87,87,87,87,87,87,87,87,87,87,87,84,84,84,84],"relics":["Burning Blood","Gambling Chip","Strawberry","Frozen Egg 2","Ancient Tea Set","Bag of Preparation","Bloody Idol","Dead Branch","White Beast Statue","Molten Egg 2"],"card_choices":[{"not_picked":["Whirlwind","True Grit"],"picked":"Clothesline","floor":1},{"not_picked":["Body Slam","Clothesline"],"picked":"Cleave","floor":3},{"not_picked":["Perfected Strike","Shrug It Off"],"picked":"Pommel Strike","floor":4},{"not_picked":["Havoc","Pommel Strike"],"picked":"True Grit","floor":7},{"not_picked":["Armaments","Sword Boomerang"],"picked":"Second Wind","floor":11},{"not_picked":["Cleave","Metallicize+1"],"picked":"Burning Pact","floor":12},{"not_picked":["Immolate","Double Tap"],"picked":"Dark Embrace+1","floor":16},{"not_picked":["Cleave","Anger"],"picked":"Disarm","floor":18},{"not_picked":["Shockwave","Havoc"],"picked":"Carnage+1","floor":22}],"player_experience":246003,"potions_floor_usage":[14,16],"damage_taken":[{"damage":6,"enemies":"Small Slimes","floor":1,"turns":5},{"damage":19,"enemies":"2 Louse","floor":3,"turns":3},{"damage":9,"enemies":"Cultist","floor":4,"turns":4},{"damage":44,"enemies":"Lagavulin","floor":7,"turns":6},{"damage":27,"enemies":"Gremlin Nob","floor":11,"turns":4},{"damage":3,"enemies":"3 Louse","floor":12,"turns":3},{"damage":12,"enemies":"3 Sentries","floor":14,"turns":2},{"damage":64,"enemies":"Slime Boss","floor":16,"turns":12},{"damage":37,"enemies":"2 Thieves","floor":18,"turns":5},{"damage":32,"enemies":"Shell Parasite","floor":22,"turns":12},{"damage":31,"enemies":"Book of Stabbing","floor":23,"turns":4}],"relics_obtained":[{"floor":7,"key":"Ancient Tea Set"},{"floor":9,"key":"Bag of Preparation"},{"floor":11,"key":"Dead Branch"}],"event_choices":[{"event_name":"Big Fish","player_choice":"Box","floor":2,"damage_taken":0},{"event_name":"Scrap Ooze","player_choice":"success","floor":5,"damage_taken":3},{"event_name":"Mushrooms","player_choice":"Healed and dodged fight","floor":8,"damage_taken":0},{"event_name":"Golden Idol","player_choice":"Take Wound","floor":10,"damage_taken":0},{"event_name":"Fountain of Cleansing","player_choice":"Removed Curse","floor":20,"damage_taken":0},{"event_name":"Forgotten Altar","player_choice":"Gave Idol","floor":21,"damage_taken":0}],"boss_relics":[{"not_picked":["Philosopher\u0027s Stone","Eternal Feather"],"picked":"White Beast Statue"}],"items_purged_floors":[],"potions_floor_spawned":[4,12,18,22],"seed_played":"-1492846420980807993","killed_by":"Book of Stabbing","ascension_level":5,"potions_obtained":[{"floor":4,"key":"SmokeBomb"},{"floor":12,"key":"Swift Potion"},{"floor":18,"key":"Weak Potion"},{"floor":22,"key":"EssenceOfSteel"}],"is_trial":false}