{"gold_per_floor":[111,37,57,77,77,77,103,103,103,117,147,159,159,171,171,248,248,259,174,196,233,245,257,269,281,318,330,342,366,378,423,435,525,537,564,592,79,79,95,95,129,129,129,175,275,295,29,29],"floor_reached":48,"playtime":5343,"items_purged":["Strike_B","Strike_B"],"score":900,"play_id":"7137d1a0-1c3f-450d-b7ff-8ea9854e5388","local_time":"20181107152540","is_ascension_mode":true,"campfire_choices":[{"data":"Redo","floor":6,"key":"SMITH"},{"data":"Redo","floor":8,"key":"SMITH"},{"floor":13,"key":"REST"},{"floor":15,"key":"REST"},{"data":"Defragment","floor":24,"key":"SMITH"},{"data":"Dualcast","floor":28,"key":"SMITH"},{"data":"Scrape","floor":30,"key":"SMITH"},{"data":"Static Discharge","floor":32,"key":"SMITH"},{"data":"Coolheaded","floor":40,"key":"SMITH"},{"data":"Coolheaded","floor":42,"key":"SMITH"}],"neow_cost":"NONE","seed_source_timestamp":777352949582031,"circlet_count":0,"master_deck":["AscendersBane","Strike_B","Strike_B","Defend_B","Defend_B","Defend_B","Defend_B","Zap+1","Dualcast+1","Beam Cell","Scrape+1","Static Discharge+1","Redo+1","All For One","Redo+1","Coolheaded+1","Go for the Eyes","Gash","Gash","Electrodynamics","Defragment+1","Coolheaded+1","Go for the Eyes","Steam+1","Multi-Cast+1","Beam Cell","Stack+1","Go for the Eyes","Beam Cell","Sadistic Nature","Swift Strike","Stack+1","Skim+1","Double Energy+1","Capacitor","Steam+1","Recycle+1","Panache"],"relics":["Cracked Core","Matryoshka","Pen Nib","Sundial","Symbiotic Virus","Eternal Feather","MawBank","Red Mask","MutagenicStrength","Smiling Mask","Bag of Preparation","Toxic Egg 2","Mercury Hourglass","Sozu","Dream Catcher","Ancient Tea Set","Girya","Prayer Wheel"],"potions_floor_usage":[7,16,21,44],"damage_taken":[{"damage":3,"enemies":"2 Louse","floor":1,"turns":4},{"damage":1,"enemies":"Cultist","floor":3,"turns":3},{"damage":4,"enemies":"Jaw Worm","floor":4,"turns":4},{"damage":14,"enemies":"Gremlin Nob","floor":7,"turns":3},{"damage":0,"enemies":"2 Fungi Beasts","floor":10,"turns":2},{"damage":18,"enemies":"3 Sentries","floor":11,"turns":5},{"damage":11,"enemies":"Looter","floor":12,"turns":2},{"damage":8,"enemies":"Blue Slaver","floor":14,"turns":2},{"damage":46,"enemies":"The Guardian","floor":16,"turns":7},{"damage":2,"enemies":"Chosen","floor":18,"turns":3},{"damage":11,"enemies":"3 Byrds","floor":20,"turns":1},{"damage":22,"enemies":"Masked Bandits","floor":21,"turns":3},{"damage":0,"enemies":"Sentry and Sphere","floor":29,"turns":1},{"damage":8,"enemies":"Gremlin Leader","floor":31,"turns":4},{"damage":45,"enemies":"Automaton","floor":33,"turns":8},{"damage":4,"enemies":"3 Darklings","floor":35,"turns":3},{"damage":4,"enemies":"3 Shapes","floor":36,"turns":3},{"damage":29,"enemies":"Jaw Worm Horde","floor":39,"turns":4},{"damage":22,"enemies":"Giant Head","floor":41,"turns":8},{"damage":23,"enemies":"2 Orb Walkers","floor":44,"turns":4},{"damage":9,"enemies":"Mind Bloom Boss Battle","floor":45,"turns":8},{"damage":10,"enemies":"4 Shapes","floor":46,"turns":3},{"damage":12,"enemies":"Writhing Mass","floor":48,"turns":1}],"seed_played":"5323300154204301416","potions_obtained":[{"floor":3,"key":"Poison Potion"},{"floor":4,"key":"Regen Potion"},{"floor":10,"key":"LiquidBronze"},{"floor":18,"key":"AttackPotion"},{"floor":20,"key":"Regen Potion"}],"is_trial":false,"path_per_floor":["M","$","M","M","?","R","E","R","T","M","E","M","R","M","R","B",null,"M","?","M","?","?","$","R","$","T","T","R","M","R","E","R","B",null,"M","M","$","?","M","R","E","R","T","?","?","M","$","M"],"character_chosen":"DEFECT","items_purchased":["Scrape","Go for the Eyes","Beam Cell","Sadistic Nature","Swift Strike","Stack+1","Panache"],"campfire_rested":2,"item_purchase_floors":[2,37,37,37,37,37,47],"current_hp_per_floor":[61,61,60,56,56,56,42,42,42,42,24,13,34,26,47,1,54,52,52,41,28,28,28,43,43,43,43,58,58,71,63,71,26,60,56,52,52,52,23,41,19,40,40,29,20,10,10,0],"gold":29,"neow_bonus":"UPGRADE_CARD","is_prod":false,"is_daily":false,"chose_seed":false,"campfire_upgraded":8,"win_rate":0,"timestamp":1541633140,"path_taken":["M","$","M","M","?","R","E","R","T","M","E","?","R","M","R","BOSS","M","?","M","?","?","$","R","$","T","?","R","M","R","E","R","BOSS","M","M","$","?","M","R","E","R","T","?","?","?","$","M"],"build_version":"2018-11-01","purchased_purges":2,"victory":false,"max_hp_per_floor":[71,71,71,71,71,71,71,71,71,71,71,71,71,71,71,71,71,71,71,71,71,71,71,71,71,71,71,71,71,71,71,71,71,71,71,71,71,67,67,67,67,67,67,67,67,67,67,67],"card_choices":[{"not_picked":["Steam","Skim"],"picked":"Beam Cell","floor":1},{"not_picked":["Darkness","Skim"],"picked":"Static Discharge","floor":3},{"not_picked":["Turbo","Beam Cell"],"picked":"Redo","floor":4},{"not_picked":["Barrage","Sweeping Beam"],"picked":"Redo","floor":7},{"not_picked":["Darkness","Self Repair"],"picked":"Coolheaded","floor":10},{"not_picked":["Beam Cell","Blizzard"],"picked":"Go for the Eyes","floor":11},{"not_picked":["Conserve Battery","Reinforced Body"],"picked":"Gash","floor":12},{"not_picked":["Leap","Ball Lightning"],"picked":"Gash","floor":14},{"not_picked":["Reboot","Biased Cognition"],"picked":"Electrodynamics","floor":16},{"not_picked":["Stack","Rebound"],"picked":"Defragment","floor":18},{"not_picked":["Stack","Consume+1"],"picked":"Coolheaded","floor":20},{"not_picked":["Meteor Strike","Genetic Algorithm+1"],"picked":"Go for the Eyes","floor":21},{"not_picked":["Recycle+1","Barrage"],"picked":"Steam+1","floor":29},{"not_picked":["Rebound","All For One","Streamline"],"picked":"SKIP","floor":31},{"not_picked":["Thunder Strike","All For One"],"picked":"Multi-Cast+1","floor":33},{"not_picked":["Coolheaded+1","Melter+1"],"picked":"Beam Cell","floor":35},{"not_picked":["Sweeping Beam","Static Discharge+1"],"picked":"Stack+1","floor":36},{"not_picked":["Rip and Tear","Genetic Algorithm+1"],"picked":"Skim+1","floor":39},{"not_picked":["Meteor Strike","Beam Cell"],"picked":"Double Energy+1","floor":41},{"not_picked":["Conserve Battery+1","Compile Driver"],"picked":"Capacitor","floor":44},{"not_picked":["Cold Snap","Doom and Gloom"],"picked":"Steam+1","floor":45},{"not_picked":["Machine Learning","Chaos+1"],"picked":"Recycle+1","floor":46},{"not_picked":["Undo+1","Aggregate+1","Rip and Tear"],"picked":"SKIP","floor":46}],"player_experience":1251600,"relics_obtained":[{"floor":7,"key":"Matryoshka"},{"floor":9,"key":"Pen Nib"},{"floor":9,"key":"Sundial"},{"floor":11,"key":"Symbiotic Virus"},{"floor":21,"key":"Red Mask"},{"floor":26,"key":"Smiling Mask"},{"floor":26,"key":"Bag of Preparation"},{"floor":27,"key":"Toxic Egg 2"},{"floor":31,"key":"Mercury Hourglass"},{"floor":41,"key":"Dream Catcher"},{"floor":43,"key":"Ancient Tea Set"},{"floor":44,"key":"Girya"},{"floor":45,"key":"Prayer Wheel"}],"event_choices":[{"damage_healed":0,"gold_gain":0,"player_choice":"1 cards matched","damage_taken":0,"max_hp_gain":0,"max_hp_loss":0,"event_name":"Match and Keep!","floor":5,"gold_loss":0,"cards_obtained":["All For One"]},{"damage_healed":0,"gold_gain":0,"player_choice":"Obtained Relic","damage_taken":0,"relics_obtained":["MawBank"],"max_hp_gain":0,"max_hp_loss":0,"event_name":"Addict","floor":19,"gold_loss":85},{"damage_healed":0,"gold_gain":0,"player_choice":"Fought Bandits","damage_taken":0,"max_hp_gain":0,"max_hp_loss":0,"event_name":"Masked Bandits","floor":21,"gold_loss":0},{"damage_healed":0,"gold_gain":0,"player_choice":"Inject Mutagens","damage_taken":0,"relics_obtained":["MutagenicStrength"],"max_hp_gain":0,"max_hp_loss":0,"event_name":"Drug Dealer","floor":22,"gold_loss":0},{"damage_healed":0,"gold_gain":0,"player_choice":"Max HP","damage_taken":0,"max_hp_gain":0,"max_hp_loss":4,"event_name":"Winding Halls","floor":38,"gold_loss":0},{"damage_healed":0,"gold_gain":0,"player_choice":"Fight","damage_taken":0,"max_hp_gain":0,"max_hp_loss":0,"event_name":"Mysterious Sphere","floor":44,"gold_loss":0},{"damage_healed":0,"gold_gain":0,"player_choice":"Fight","damage_taken":0,"max_hp_gain":0,"max_hp_loss":0,"event_name":"MindBloom","floor":45,"gold_loss":0}],"is_beta":false,"boss_relics":[{"not_picked":["Runic Dome","Velvet Choker"],"picked":"Eternal Feather"},{"not_picked":["Nuclear Battery","Orrery"],"picked":"Sozu"}],"items_purged_floors":[37,47],"is_endless":false,"potions_floor_spawned":[3,4,10,11,18,20,36,41,45,46],"killed_by":"Writhing Mass","ascension_level":16}