{"path_per_floor":["M","M","?","$","M","E","R","E","T","M","E","M","E","M","R","B",null,"M","?","M","M","?"],"character_chosen":"IRONCLAD","items_purchased":["Twin Strike","Ghostly Armor"],"gold_per_floor":[116,126,126,25,45,72,72,98,98,112,137,156,190,208,208,304,304,314,314,332,349,349,349],"floor_reached":23,"campfire_rested":1,"playtime":1057,"item_purchase_floors":[4,4],"current_hp_per_floor":[85,77,77,77,75,61,61,49,49,55,56,55,32,28,57,58,88,71,71,65,48,48,0],"items_purged":[],"gold":349,"score":304,"play_id":"f3e52d03-fe99-4d69-9f19-1fabd1683964","local_time":"20180611132915","is_prod":false,"is_daily":false,"chose_seed":false,"is_ascension_mode":true,"campfire_upgraded":1,"win_rate":0,"timestamp":1528716555,"campfire_choices":[{"data":"Seeing Red","floor":7,"key":"SMITH"},{"floor":15,"key":"REST"}],"path_taken":["M","M","?","$","M","E","R","E","T","M","E","M","E","M","R","BOSS","M","?","M","M","?","E"],"build_version":"2018-06-08","seed_source_timestamp":5594839735326,"purchased_purges":0,"victory":false,"master_deck":["Strike_R","Strike_R","Strike_R","Strike_R","Strike_R","Defend_R","Defend_R","Defend_R","Defend_R","Perfected Strike","Twin Strike","Ghostly Armor","Clash","Flex","Perfected Strike","Metallicize","Clothesline","Iron Wave","Perfected Strike","Double Tap","Thunderclap","Seeing Red","RitualDagger","Twin Strike+1","Cleave","RitualDagger"],"max_hp_per_floor":[88,88,88,88,88,88,88,88,88,88,98,98,98,98,98,98,98,98,98,98,98,98,98],"relics":["Black Blood","Pantograph","Ice Cream","Calipers","Pear","Matryoshka"],"card_choices":[{"not_picked":["Clothesline","Blood for Blood"],"picked":"Seeing Red","floor":1},{"not_picked":["True Grit","Dual Wield"],"picked":"Perfected Strike","floor":2},{"not_picked":["Wild Strike","Body Slam"],"picked":"Clash","floor":5},{"not_picked":["Corruption","Battle Trance"],"picked":"Flex","floor":6},{"not_picked":["Sentinel","Dark Embrace","Body Slam"],"picked":"SKIP","floor":8},{"not_picked":["Spot Weakness","Rampage"],"picked":"Perfected Strike","floor":10},{"not_picked":["Uppercut","Warcry"],"picked":"Metallicize","floor":11},{"not_picked":["Sword Boomerang","True Grit"],"picked":"Clothesline","floor":12},{"not_picked":["Havoc","Cleave"],"picked":"Iron Wave","floor":13},{"not_picked":["Intimidate","Hemokinesis"],"picked":"Perfected Strike","floor":14},{"not_picked":["Reaper","Dark Embrace"],"picked":"Double Tap","floor":16},{"not_picked":["Headbutt","Armaments+1"],"picked":"Thunderclap","floor":18},{"not_picked":["Carnage+1","Searing Blow"],"picked":"Twin Strike+1","floor":20},{"not_picked":["Body Slam+1","Whirlwind"],"picked":"Cleave","floor":21}],"player_experience":247004,"potions_floor_usage":[12,18],"damage_taken":[{"damage":9,"enemies":"Jaw Worm","floor":1,"turns":5},{"damage":14,"enemies":"Cultist","floor":2,"turns":6},{"damage":8,"enemies":"2 Louse","floor":5,"turns":3},{"damage":20,"enemies":"Gremlin Nob","floor":6,"turns":4},{"damage":18,"enemies":"3 Sentries","floor":8,"turns":6},{"damage":0,"enemies":"Large Slime","floor":10,"turns":4},{"damage":15,"enemies":"Lagavulin","floor":11,"turns":5},{"damage":7,"enemies":"Exordium Thugs","floor":12,"turns":4},{"damage":29,"enemies":"3 Sentries","floor":13,"turns":8},{"damage":10,"enemies":"2 Fungi Beasts","floor":14,"turns":3},{"damage":30,"enemies":"The Guardian","floor":16,"turns":11},{"damage":27,"enemies":"2 Thieves","floor":18,"turns":5},{"damage":16,"enemies":"Shell Parasite","floor":20,"turns":3},{"damage":27,"enemies":"Cultist and Chosen","floor":21,"turns":6},{"damage":61,"enemies":"Book of Stabbing","floor":23,"turns":6}],"relics_obtained":[{"floor":6,"key":"Pantograph"},{"floor":8,"key":"Ice Cream"},{"floor":9,"key":"Calipers"},{"floor":11,"key":"Pear"},{"floor":13,"key":"Matryoshka"}],"event_choices":[{"event_name":"Purifier","player_choice":"One Purge","floor":3,"damage_taken":0},{"event_name":"Nest","player_choice":"Joined the Cult","floor":19,"damage_taken":0},{"event_name":"Duplicator","player_choice":"One dupe","floor":22,"damage_taken":0}],"boss_relics":[{"not_picked":["Astrolabe","Sozu"],"picked":"Black Blood"}],"items_purged_floors":[],"potions_floor_spawned":[2,8,11,13,14],"seed_played":"-6850179967732355427","killed_by":"Book of Stabbing","ascension_level":5,"potions_obtained":[{"floor":2,"key":"FearPotion"},{"floor":8,"key":"Ancient Potion"},{"floor":11,"key":"SkillPotion"},{"floor":13,"key":"FearPotion"},{"floor":14,"key":"FairyPotion"}],"is_trial":false}