{"gold_per_floor":[118,141,141,160,160,186,186,199,226,226,237,272,284,302,302,400,400,413,433,451,23,43,43],"floor_reached":23,"playtime":880,"items_purged":[],"score":345,"play_id":"4bf03799-72da-47fd-8a8c-f10b85e41b66","local_time":"20190116174409","is_ascension_mode":true,"campfire_choices":[{"data":"Doom and Gloom","floor":7,"key":"SMITH"},{"data":"Streamline","floor":10,"key":"SMITH"},{"floor":15,"key":"REST"}],"neow_cost":"NONE","seed_source_timestamp":155425000806981,"circlet_count":0,"master_deck":["AscendersBane","Strike_B","Strike_B","Strike_B","Strike_B","Defend_B","Defend_B","Defend_B","Defend_B","Zap","Dualcast","Doom and Gloom+1","Capacitor","Sweeping Beam","Streamline+1","Steam","Beam Cell","Steam","Seek","Coolheaded+1","Conserve Battery","Beam Cell+1","Glacier","White Noise"],"relics":["Cracked Core","NeowsBlessing","Bronze Scales","Potion Belt","Lantern","Letter Opener","Fusion Hammer","Meat on the Bone"],"potions_floor_usage":[12,16,16,20,22,22,23,23],"damage_taken":[{"damage":0,"enemies":"Cultist","floor":1,"turns":1},{"damage":0,"enemies":"Small Slimes","floor":4,"turns":1},{"damage":0,"enemies":"3 Sentries","floor":6,"turns":1},{"damage":7,"enemies":"Jaw Worm","floor":8,"turns":3},{"damage":1,"enemies":"Lots of Slimes","floor":11,"turns":3},{"damage":8,"enemies":"Gremlin Nob","floor":12,"turns":3},{"damage":14,"enemies":"Large Slime","floor":13,"turns":4},{"damage":5,"enemies":"Looter","floor":14,"turns":3},{"damage":28,"enemies":"Hexaghost","floor":16,"turns":7},{"damage":16,"enemies":"Spheric Guardian","floor":18,"turns":4},{"damage":14,"enemies":"Shell Parasite","floor":19,"turns":4},{"damage":23,"enemies":"Sentry and Sphere","floor":20,"turns":4},{"damage":10,"enemies":"Snake Plant","floor":22,"turns":3},{"damage":21,"enemies":"Gremlin Leader","floor":23,"turns":3}],"seed_played":"-3976379717763933909","potions_obtained":[{"floor":4,"key":"Poison Potion"},{"floor":6,"key":"PowerPotion"},{"floor":12,"key":"LiquidBronze"},{"floor":18,"key":"Regen Potion"}],"is_trial":false,"path_per_floor":["M","T","?","M","$","E","R","M","T","R","M","E","M","M","R","B",null,"M","M","M","$","M","E"],"character_chosen":"DEFECT","items_purchased":["Meat on the Bone","EntropicBrew","Glacier"],"campfire_rested":1,"item_purchase_floors":[21,21,21],"current_hp_per_floor":[68,68,68,68,68,68,68,61,61,61,60,52,38,33,55,27,63,47,33,19,19,21,0],"gold":43,"neow_bonus":"THREE_ENEMY_KILL","is_prod":false,"is_daily":false,"chose_seed":false,"campfire_upgraded":2,"win_rate":0,"timestamp":1547678649,"path_taken":["M","?","?","?","$","E","R","M","T","R","M","E","M","M","R","BOSS","M","M","M","?","M","E"],"build_version":"2019-01-10","purchased_purges":0,"victory":false,"max_hp_per_floor":[75,75,75,75,75,75,75,75,75,75,75,75,75,75,75,75,75,75,75,75,75,75,75],"card_choices":[{"not_picked":["Conserve Battery","Lockon"],"picked":"Doom and Gloom","floor":1},{"not_picked":["Skim","Rip and Tear"],"picked":"Capacitor","floor":4},{"not_picked":["Ball Lightning","Double Energy"],"picked":"Sweeping Beam","floor":6},{"not_picked":["FTL","Ball Lightning"],"picked":"Streamline","floor":8},{"not_picked":["Heatsinks","Reprogram"],"picked":"Steam","floor":11},{"not_picked":["Force Field","Redo","Hologram"],"picked":"SKIP","floor":12},{"not_picked":["Redo","Force Field"],"picked":"Beam Cell","floor":13},{"not_picked":["Streamline","Barrage"],"picked":"Steam","floor":14},{"not_picked":["Fission","Meteor Strike"],"picked":"Seek","floor":16},{"not_picked":["Ball Lightning","Conserve Battery"],"picked":"Coolheaded+1","floor":18},{"not_picked":["Tempest","Sweeping Beam"],"picked":"Conserve Battery","floor":19},{"not_picked":["Reinforced Body","Rebound"],"picked":"Beam Cell+1","floor":20},{"not_picked":["Darkness","Leap"],"picked":"White Noise","floor":22}],"player_experience":505854,"relics_obtained":[{"floor":2,"key":"Bronze Scales"},{"floor":6,"key":"Potion Belt"},{"floor":9,"key":"Lantern"},{"floor":12,"key":"Letter Opener"}],"event_choices":[{"damage_healed":0,"gold_gain":0,"player_choice":"Leave","damage_taken":0,"max_hp_gain":0,"max_hp_loss":0,"event_name":"The Cleric","floor":3,"gold_loss":0}],"is_beta":false,"boss_relics":[{"not_picked":["Runic Pyramid","Coffee Dripper"],"picked":"Fusion Hammer"}],"items_purged_floors":[],"is_endless":false,"potions_floor_spawned":[4,6,12,18],"killed_by":"Gremlin Leader","ascension_level":10}