{"gold_per_floor":[111,111,121,134,157,157,186,186,186,186,186,200,200,214,214,289,289,289,379,391,403,50,50,70,70,70,70,70,87,87,103,103,103],"floor_reached":33,"playtime":1080,"items_purged":[],"score":494,"play_id":"15528575-f80a-4d61-8eb3-aeddfe72de02","local_time":"20181220012157","is_ascension_mode":true,"campfire_choices":[{"data":"Flame Barrier","floor":6.0,"key":"SMITH"},{"floor":11.0,"key":"REST"},{"floor":13.0,"key":"DIG"},{"floor":15.0,"key":"DIG"},{"floor":23.0,"key":"REST"},{"floor":25.0,"key":"REST"},{"floor":27.0,"key":"DIG"},{"floor":32.0,"key":"DIG"}],"neow_cost":"NONE","seed_source_timestamp":439274956062434,"circlet_count":0,"master_deck":["AscendersBane","Strike_R","Strike_R","Strike_R","Strike_R","Strike_R","Defend_R","Defend_R","Defend_R","Defend_R","Bash","Armaments+1","Headbutt","Flame Barrier+1","Sword Boomerang","Twin Strike","Impervious","Finesse","Havoc+1","Shrug It Off","Inflame","Anger","Intimidate","Feed","Inflame"],"special_seed":0,"relics":["Burning Blood","Art of War","Pocketwatch","Shovel","Potion Belt","Dead Branch","Ginger","White Beast Statue","Matryoshka","Omamori","Happy Flower","Gremlin Horn","Paper Frog","Lantern"],"potions_floor_usage":[33,33],"damage_taken":[{"damage":14.0,"enemies":"Jaw Worm","floor":1.0,"turns":4.0},{"damage":8.0,"enemies":"Small Slimes","floor":3.0,"turns":4.0},{"damage":1.0,"enemies":"Cultist","floor":4.0,"turns":3.0},{"damage":32.0,"enemies":"Gremlin Nob","floor":7.0,"turns":5.0},{"damage":1.0,"enemies":"Looter","floor":12.0,"turns":5.0},{"damage":0.0,"enemies":"2 Fungi Beasts","floor":14.0,"turns":4.0},{"damage":19.0,"enemies":"The Guardian","floor":16.0,"turns":15.0},{"damage":0.0,"enemies":"Shell Parasite","floor":18.0,"turns":1.0},{"damage":13.0,"enemies":"2 Thieves","floor":20.0,"turns":3.0},{"damage":38.0,"enemies":"Sentry and Sphere","floor":21.0,"turns":8.0},{"damage":14.0,"enemies":"Snake Plant","floor":24.0,"turns":5.0},{"damage":8.0,"enemies":"Snecko","floor":29.0,"turns":4.0},{"damage":3.0,"enemies":"Cultist and Chosen","floor":31.0,"turns":6.0},{"damage":76,"enemies":"Collector","floor":33,"turns":6}],"seed_played":"-7134955088582908681","potions_obtained":[{"floor":3.0,"key":"Block Potion"},{"floor":4.0,"key":"SmokeBomb"},{"floor":7.0,"key":"Regen Potion"},{"floor":14.0,"key":"SpeedPotion"},{"floor":20.0,"key":"BloodPotion"},{"floor":21.0,"key":"EssenceOfSteel"},{"floor":24.0,"key":"AttackPotion"},{"floor":29.0,"key":"Dexterity Potion"},{"floor":31.0,"key":"SneckoOil"}],"is_trial":false,"path_per_floor":["M","?","M","M","T","R","E","?","T","?","R","M","R","M","R","B",null,"M","?","M","M","$","R","M","R","T","R","?","M","?","M","R","B"],"character_chosen":"IRONCLAD","items_purchased":["Matryoshka","Inflame"],"campfire_rested":3,"item_purchase_floors":[22,22],"current_hp_per_floor":[60,60,58,63,63,63,37,37,37,11,33,52,52,58,58,45,68,74,53,46,21,21,43,35,57,57,57,57,55,55,58,58,0],"gold":103,"neow_bonus":"RANDOM_COMMON_RELIC","is_prod":false,"is_daily":false,"chose_seed":false,"campfire_upgraded":1,"win_rate":0,"timestamp":1545294117,"path_taken":["M","?","M","M","?","R","E","?","T","?","R","M","R","M","R","BOSS","M","?","M","?","$","R","M","R","T","R","?","M","?","M","R","BOSS"],"build_version":"2018-12-13","purchased_purges":0,"victory":false,"max_hp_per_floor":[75,75,75,75,75,75,75,75,75,75,75,75,75,75,75,75,75,75,75,75,75,75,75,75,75,75,75,75,75,75,75,75,75],"card_choices":[{"not_picked":["Cleave","Heavy Blade"],"picked":"Armaments","floor":1.0},{"not_picked":["Clash","Berserk"],"picked":"Headbutt","floor":3.0},{"not_picked":["Armaments","Anger"],"picked":"Flame Barrier","floor":4.0},{"not_picked":["Heavy Blade","Evolve"],"picked":"Sword Boomerang","floor":7.0},{"not_picked":["Thunderclap","Fire Breathing"],"picked":"Twin Strike","floor":12.0},{"not_picked":["Sever Soul","Entrench","Heavy Blade"],"picked":"SKIP","floor":14.0},{"not_picked":["Exhume","Juggernaut"],"picked":"Impervious","floor":16.0},{"not_picked":["Wild Strike","Evolve"],"picked":"Havoc+1","floor":20.0},{"not_picked":["Clothesline","Warcry"],"picked":"Shrug It Off","floor":21.0},{"not_picked":["Clash","Cleave"],"picked":"Anger","floor":24.0},{"not_picked":["Wild Strike","Blood for Blood"],"picked":"Intimidate","floor":29.0},{"not_picked":["Clothesline","Rupture"],"picked":"Inflame","floor":31.0}],"player_experience":718196,"relics_obtained":[{"floor":7.0,"key":"Pocketwatch"},{"floor":9.0,"key":"Shovel"},{"floor":13.0,"key":"Dead Branch"},{"floor":15.0,"key":"Ginger"},{"floor":26.0,"key":"Omamori"},{"floor":26.0,"key":"Happy Flower"},{"floor":27.0,"key":"Gremlin Horn"},{"floor":32.0,"key":"Lantern"}],"event_choices":[{"damage_healed":0.0,"max_hp_gain":0.0,"max_hp_loss":0.0,"gold_gain":0.0,"event_name":"Living Wall","player_choice":"Grow","floor":2.0,"gold_loss":0.0,"damage_taken":0.0,"cards_upgraded":["Armaments"]},{"damage_healed":0.0,"max_hp_gain":0.0,"max_hp_loss":0.0,"gold_gain":0.0,"event_name":"Shining Light","player_choice":"Ignored","floor":8.0,"gold_loss":0.0,"damage_taken":0.0},{"damage_healed":0.0,"max_hp_gain":0.0,"max_hp_loss":0.0,"gold_gain":0.0,"event_name":"Scrap Ooze","player_choice":"Success","floor":10.0,"gold_loss":0.0,"damage_taken":26.0,"relics_obtained":["Potion Belt"]},{"damage_healed":0.0,"max_hp_gain":0.0,"max_hp_loss":0.0,"gold_gain":90.0,"event_name":"Knowing Skull","player_choice":"GOLD CARD ","floor":19.0,"potions_obtained":[],"gold_loss":0.0,"damage_taken":21.0,"cards_obtained":["Finesse"]},{"damage_healed":0.0,"max_hp_gain":0.0,"max_hp_loss":0.0,"gold_gain":0.0,"event_name":"Addict","player_choice":"Stole Relic","floor":28.0,"gold_loss":0.0,"damage_taken":0.0,"relics_obtained":["Paper Frog"],"cards_obtained":["Shame"]},{"damage_healed":0.0,"max_hp_gain":0.0,"max_hp_loss":0.0,"gold_gain":0.0,"event_name":"The Library","player_choice":"Read","floor":30.0,"gold_loss":0.0,"damage_taken":0.0,"cards_obtained":["Feed"]}],"is_beta":false,"boss_relics":[{"not_picked":["Coffee Dripper","Empty Cage"],"picked":"White Beast Statue"}],"items_purged_floors":[],"is_endless":false,"potions_floor_spawned":[3,4,7,14,18,20,21,24,29,31],"killed_by":"Collector","ascension_level":20}