{"gold_per_floor":[111,111,111,127,52,78,78,104,104,116,128,171,183,210,222,234],"floor_reached":16,"playtime":439,"items_purged":["Strike_B"],"score":282,"play_id":"febd1f6e-d83e-4a7c-a15f-61fd73235501","local_time":"20190107093509","is_ascension_mode":true,"campfire_choices":[{"data":"Zap","floor":7,"key":"SMITH"},{"floor":15,"key":"REST"}],"neow_cost":"NONE","seed_source_timestamp":3831654862529,"circlet_count":0,"master_deck":["AscendersBane","Strike_B+1","Strike_B+1","Defend_B","Defend_B","Defend_B","Zap+1","Dualcast","Sunder","Steam","Conserve Battery","Gash","Reboot","Go for the Eyes","Gash"],"relics":["Cracked Core","NeowsBlessing","Shuriken","Bronze Scales","MawBank","Happy Flower","Boot"],"potions_floor_usage":[8,16],"damage_taken":[{"damage":0,"enemies":"Jaw Worm","floor":1,"turns":1},{"damage":0,"enemies":"2 Louse","floor":4,"turns":1},{"damage":0,"enemies":"3 Sentries","floor":6,"turns":2},{"damage":12,"enemies":"Lagavulin","floor":8,"turns":4},{"damage":10,"enemies":"3 Sentries","floor":12,"turns":6},{"damage":0,"enemies":"Small Slimes","floor":14,"turns":2},{"damage":39,"enemies":"The Guardian","floor":16,"turns":8}],"seed_played":"5323581490841794230","potions_obtained":[{"floor":1,"key":"Poison Potion"},{"floor":12,"key":"Poison Potion"}],"is_trial":false,"path_per_floor":["M","?","?","M","$","E","R","E","T","$","?","E","T","M","R","B"],"character_chosen":"DEFECT","items_purchased":[],"campfire_rested":1,"item_purchase_floors":[],"current_hp_per_floor":[64,43,43,43,43,43,43,31,31,31,24,14,14,14,35,0],"gold":234,"neow_bonus":"THREE_ENEMY_KILL","is_prod":false,"is_daily":false,"chose_seed":false,"campfire_upgraded":1,"win_rate":0,"timestamp":1546814109,"path_taken":["M","?","?","M","$","E","R","E","T","?","?","E","?","M","R","BOSS"],"build_version":"2018-11-15","purchased_purges":1,"victory":false,"max_hp_per_floor":[71,71,71,71,71,71,71,71,71,71,71,71,71,71,71,71],"card_choices":[{"not_picked":["Rebound","Go for the Eyes"],"picked":"Sunder","floor":1},{"not_picked":["Steam","Beam Cell"],"picked":"Conserve Battery","floor":4},{"not_picked":["Double Energy","Loop"],"picked":"Gash","floor":6},{"not_picked":["Turbo","Beam Cell"],"picked":"Reboot","floor":8},{"not_picked":["Cold Snap","Coolheaded"],"picked":"Go for the Eyes","floor":12},{"not_picked":["Cold Snap","Ball Lightning"],"picked":"Gash","floor":14}],"player_experience":1010398,"relics_obtained":[{"floor":6,"key":"Shuriken"},{"floor":8,"key":"Bronze Scales"},{"floor":9,"key":"MawBank"},{"floor":12,"key":"Happy Flower"},{"floor":13,"key":"Boot"}],"event_choices":[{"damage_healed":0,"gold_gain":0,"player_choice":"Entered Light","damage_taken":21,"max_hp_gain":0,"max_hp_loss":0,"event_name":"Shining Light","floor":2,"gold_loss":0,"cards_upgraded":["Strike_B","Strike_B"]},{"damage_healed":0,"gold_gain":0,"cards_transformed":["Strike_B"],"player_choice":"Change","damage_taken":0,"max_hp_gain":0,"max_hp_loss":0,"event_name":"Living Wall","floor":3,"gold_loss":0,"cards_obtained":["Steam"]},{"cards_removed":["Defend_B"],"damage_healed":0,"gold_gain":0,"player_choice":"Card Removal","damage_taken":7,"max_hp_gain":0,"max_hp_loss":0,"event_name":"Golden Wing","floor":11,"gold_loss":0}],"is_beta":true,"boss_relics":[],"items_purged_floors":[5],"is_endless":false,"potions_floor_spawned":[1,12],"killed_by":"The Guardian","ascension_level":20}