{"gold_per_floor":[111,126,126,144,144,170,187,187,187,43,43,54,81,94,94,173,173,190,222,222,222,232,267,267,299,322,334,334,334],"floor_reached":29,"playtime":1732,"items_purged":[],"score":478,"play_id":"528e5e2b-bad4-47d1-9979-8afbe1e5c063","local_time":"20181118213400","is_ascension_mode":true,"campfire_choices":[{"data":"Hologram","floor":8,"key":"SMITH"},{"data":"Lockon","floor":11,"key":"SMITH"},{"data":"Fission","floor":15,"key":"SMITH"},{"floor":24,"key":"REST"}],"neow_cost":"NONE","seed_source_timestamp":60497774686212,"circlet_count":0,"master_deck":["AscendersBane","Strike_B","Strike_B","Strike_B","Defend_B","Defend_B+1","Defend_B","Defend_B","Zap","Dualcast","Lockon+1","Hologram+1","Reinforced Body","White Noise+1","Electrodynamics","BootSequence","Cold Snap","White Noise","Ball Lightning","Fission+1","Ball Lightning","Multi-Cast","Stack+1","Stack+1","Coolheaded+1"],"relics":["Cracked Core","NeowsBlessing","Anchor","Regal Pillow","Bag of Preparation","Shuriken","Black Star","Red Mask","Molten Egg 2","War Paint","Art of War","Bottled Lightning","Toxic Egg 2","Potion Belt","Dodecahedron"],"potions_floor_usage":[13,16,16,23,23,29],"damage_taken":[{"damage":0,"enemies":"Small Slimes","floor":1,"turns":1},{"damage":0,"enemies":"2 Louse","floor":2,"turns":1},{"damage":0,"enemies":"Cultist","floor":4,"turns":1},{"damage":15,"enemies":"Lagavulin","floor":6,"turns":7},{"damage":4,"enemies":"Blue Slaver","floor":7,"turns":4},{"damage":2,"enemies":"Exordium Wildlife","floor":12,"turns":3},{"damage":5,"enemies":"Gremlin Nob","floor":13,"turns":4},{"damage":7,"enemies":"3 Louse","floor":14,"turns":3},{"damage":15,"enemies":"Hexaghost","floor":16,"turns":8},{"damage":4,"enemies":"3 Byrds","floor":18,"turns":4},{"damage":2,"enemies":"Masked Bandits","floor":19,"turns":2},{"damage":0,"enemies":"Chosen","floor":22,"turns":4},{"damage":17,"enemies":"Book of Stabbing","floor":23,"turns":4},{"damage":58,"enemies":"Gremlin Leader","floor":25,"turns":6},{"damage":0,"enemies":"Sentry and Sphere","floor":27,"turns":4},{"damage":4,"enemies":"Slavers","floor":29,"turns":2}],"seed_played":"-2713393190316570117","potions_obtained":[{"floor":4,"key":"PowerPotion"},{"floor":6,"key":"Poison Potion"},{"floor":12,"key":"LiquidBronze"},{"floor":13,"key":"PowerPotion"},{"floor":18,"key":"PowerPotion"},{"floor":22,"key":"Energy Potion"},{"floor":23,"key":"Poison Potion"}],"is_trial":false,"path_per_floor":["M","M","?","M","?","E","M","R","T","$","R","M","E","M","R","B",null,"M","?","?","?","M","E","R","E","T","M","T","E"],"character_chosen":"DEFECT","items_purchased":["Bag of Preparation"],"campfire_rested":1,"item_purchase_floors":[10],"current_hp_per_floor":[64,64,64,64,64,49,45,45,45,45,45,43,38,31,31,16,57,53,51,51,51,51,34,70,12,12,12,12,8],"gold":334,"neow_bonus":"THREE_ENEMY_KILL","is_prod":false,"is_daily":false,"chose_seed":false,"campfire_upgraded":3,"win_rate":0,"timestamp":1542537240,"path_taken":["M","M","?","M","?","E","M","R","T","$","R","M","E","?","R","BOSS","M","?","?","?","M","E","R","E","T","M","?","E"],"build_version":"2018-11-15","purchased_purges":0,"victory":false,"max_hp_per_floor":[71,71,71,71,71,71,71,71,71,71,71,71,71,71,71,71,71,71,71,71,71,71,71,71,71,71,71,71,71],"card_choices":[{"not_picked":["Hologram","Conserve Battery"],"picked":"Lockon","floor":1},{"not_picked":["Melter","Sweeping Beam"],"picked":"Hologram","floor":2},{"not_picked":["Streamline","Gash"],"picked":"White Noise","floor":4},{"not_picked":["Consume","Leap"],"picked":"Cold Snap","floor":6},{"not_picked":["Beam Cell","Aggregate"],"picked":"White Noise","floor":7},{"not_picked":["Lockon","Go for the Eyes"],"picked":"Ball Lightning","floor":12},{"not_picked":["Steam","Reprogram"],"picked":"Fission","floor":13},{"not_picked":["Barrage","Chill"],"picked":"Ball Lightning","floor":14},{"not_picked":["Hyperbeam","Seek"],"picked":"Multi-Cast","floor":16},{"not_picked":["Sweeping Beam","Steam"],"picked":"Stack+1","floor":18},{"not_picked":["Conserve Battery","Self Repair"],"picked":"Stack+1","floor":22},{"not_picked":["Melter+1","Fusion","Rebound+1"],"picked":"SKIP","floor":23},{"not_picked":["Steam","Leap","Meteor Strike+1"],"picked":"SKIP","floor":25},{"not_picked":["Fusion+1","Heatsinks"],"picked":"Coolheaded+1","floor":27}],"player_experience":859803,"relics_obtained":[{"floor":6,"key":"Anchor"},{"floor":9,"key":"Regal Pillow"},{"floor":13,"key":"Shuriken"},{"floor":19,"key":"Red Mask"},{"floor":23,"key":"War Paint"},{"floor":23,"key":"Art of War"},{"floor":25,"key":"Bottled Lightning"},{"floor":25,"key":"Toxic Egg 2"},{"floor":26,"key":"Potion Belt"},{"floor":28,"key":"Dodecahedron"}],"event_choices":[{"damage_healed":0,"gold_gain":0,"cards_transformed":["Strike_B"],"player_choice":"Change","damage_taken":0,"max_hp_gain":0,"max_hp_loss":0,"event_name":"Living Wall","floor":3,"gold_loss":0,"cards_obtained":["Reinforced Body"]},{"damage_healed":0,"gold_gain":0,"player_choice":"2 cards matched","damage_taken":0,"max_hp_gain":0,"max_hp_loss":0,"event_name":"Match and Keep!","floor":5,"gold_loss":0,"cards_obtained":["Electrodynamics","BootSequence"]},{"damage_healed":0,"gold_gain":0,"player_choice":"Fought Bandits","damage_taken":0,"max_hp_gain":0,"max_hp_loss":0,"event_name":"Masked Bandits","floor":19,"gold_loss":0},{"damage_healed":0,"gold_gain":0,"player_choice":"Opened","damage_taken":0,"relics_obtained":["Molten Egg 2"],"max_hp_gain":0,"max_hp_loss":0,"event_name":"The Mausoleum","floor":20,"gold_loss":0,"cards_obtained":["Writhe"]},{"cards_removed":["Writhe"],"damage_healed":0,"gold_gain":0,"player_choice":"Elegance","damage_taken":0,"max_hp_gain":0,"max_hp_loss":0,"event_name":"Back to Basics","floor":21,"gold_loss":0}],"is_beta":true,"boss_relics":[{"not_picked":["White Beast Statue","Runic Pyramid"],"picked":"Black Star"}],"items_purged_floors":[],"is_endless":false,"potions_floor_spawned":[4,6,12,13,18,22,23],"killed_by":"Slavers","ascension_level":15}