{"gold_per_floor":[13,27,202,202,220,254,254,286,286,286,286,296,296,306,306,408,408,418,429,106,119,119,119,150,165,243,274,79,109,58,87,87,191,191,208,224,43,55,69,69,291,59,83,100,155,155,155,175,175,175],"floor_reached":51,"playtime":2541,"items_purged":["Strike_B","Strike_B"],"score":800,"play_id":"c7586e51-edc2-4336-a123-a4325431d7e4","local_time":"20190115213432","is_ascension_mode":true,"campfire_choices":[{"data":"Redo","floor":7,"key":"SMITH"},{"data":"Zap","floor":10,"key":"SMITH"},{"data":"Hologram","floor":13,"key":"SMITH"},{"data":"Redo","floor":15,"key":"SMITH"},{"data":"Dualcast","floor":23,"key":"SMITH"},{"data":"Hologram","floor":32,"key":"SMITH"},{"data":"Mayhem","floor":40,"key":"SMITH"},{"data":"Apotheosis","floor":47,"key":"SMITH"},{"data":"Defragment","floor":49,"key":"SMITH"}],"neow_cost":"NO_GOLD","seed_source_timestamp":40175118018962,"circlet_count":0,"master_deck":["Strike_B","Defend_B","Defend_B","Defend_B","Defend_B","Zap+1","Dualcast+1","Redo+1","Hologram+1","Self Repair","Seek","Redo+1","Echo Form","Defragment+1","Panache","Skim","Reinforced Body+1","All For One","Echo Form","Bandage Up","Steam","Hologram+1","Fission","Steam","Mayhem+1","Apotheosis+1","Redo"],"relics":["Cracked Core","StoneCalendar","Letter Opener","Darkstone Periapt","Nuclear Battery","Nilry\u0027s Codex","Mercury Hourglass","Dodecahedron","Thread and Needle","Red Mask","Bag of Marbles","Sozu","Centennial Puzzle","Girya"],"potions_floor_usage":[6,16,16,19,19,27,31,31,50],"damage_taken":[{"damage":6,"enemies":"Jaw Worm","floor":1,"turns":4},{"damage":0,"enemies":"Small Slimes","floor":2,"turns":2},{"damage":5,"enemies":"2 Louse","floor":5,"turns":3},{"damage":22,"enemies":"Gremlin Nob","floor":6,"turns":4},{"damage":28,"enemies":"Lagavulin","floor":8,"turns":6},{"damage":0,"enemies":"Gremlin Gang","floor":12,"turns":2},{"damage":1,"enemies":"2 Fungi Beasts","floor":14,"turns":2},{"damage":22,"enemies":"Hexaghost","floor":16,"turns":7},{"damage":19,"enemies":"Shell Parasite","floor":18,"turns":6},{"damage":12,"enemies":"Chosen","floor":19,"turns":5},{"damage":9,"enemies":"Sentry and Sphere","floor":21,"turns":3},{"damage":12,"enemies":"Book of Stabbing","floor":24,"turns":6},{"damage":10,"enemies":"Chosen and Byrds","floor":25,"turns":3},{"damage":14,"enemies":"Slavers","floor":27,"turns":3},{"damage":0,"enemies":"Masked Bandits","floor":29,"turns":3},{"damage":17,"enemies":"Book of Stabbing","floor":31,"turns":5},{"damage":24,"enemies":"Automaton","floor":33,"turns":7},{"damage":0,"enemies":"3 Shapes","floor":35,"turns":2},{"damage":0,"enemies":"Orb Walker","floor":36,"turns":2},{"damage":0,"enemies":"Transient","floor":38,"turns":5},{"damage":3,"enemies":"Jaw Worm Horde","floor":39,"turns":3},{"damage":7,"enemies":"Sphere and 2 Shapes","floor":44,"turns":3},{"damage":3,"enemies":"2 Orb Walkers","floor":45,"turns":3},{"damage":0,"enemies":"Spire Growth","floor":48,"turns":5},{"damage":23,"enemies":"Awakened One","floor":50,"turns":6}],"seed_played":"-6336811188732938770","potions_obtained":[{"floor":1,"key":"Fire Potion"},{"floor":11,"key":"PowerPotion"},{"floor":11,"key":"Block Potion"},{"floor":11,"key":"SneckoOil"},{"floor":12,"key":"Fire Potion"},{"floor":16,"key":"SteroidPotion"},{"floor":18,"key":"Poison Potion"},{"floor":21,"key":"Fire Potion"},{"floor":29,"key":"Swift Potion"},{"floor":33,"key":"Strength Potion"}],"is_trial":false,"path_per_floor":["M","M","?","?","M","E","R","E","T","R","?","M","R","M","R","B",null,"M","M","$","M","?","R","E","M","T","E","$","?","$","E","R","B",null,"M","M","$","M","M","R","?","$","T","M","?","?","R","M","R","B",null],"character_chosen":"DEFECT","items_purchased":["Panache","Skim","Bandage Up","Steam","Mayhem","Apotheosis","Redo"],"campfire_rested":0,"item_purchase_floors":[20,20,28,30,37,42,42],"current_hp_per_floor":[83,83,83,83,78,63,63,42,42,42,42,42,42,48,48,33,89,84,79,79,84,68,68,63,53,53,46,46,50,50,44,44,35,89,89,89,89,89,89,89,89,89,89,89,89,89,89,89,89,82],"gold":175,"neow_bonus":"TWENTY_PERCENT_HP_BONUS","is_prod":false,"is_daily":false,"chose_seed":false,"campfire_upgraded":9,"win_rate":0,"timestamp":1547548472,"path_taken":["M","M","?","?","M","E","R","E","T","R","?","M","R","?","R","BOSS","M","M","$","M","?","R","E","M","T","E","$","?","?","E","R","BOSS","M","M","$","M","M","R","?","$","T","M","?","?","R","M","R","BOSS"],"build_version":"2018-11-15","purchased_purges":2,"victory":true,"max_hp_per_floor":[89,89,89,89,89,89,89,89,89,89,89,89,89,89,89,89,89,89,89,89,89,89,89,89,89,89,89,89,89,89,89,89,89,89,89,89,89,89,89,89,89,89,89,89,89,89,89,89,89,89],"card_choices":[{"not_picked":["Static Discharge","Heatsinks"],"picked":"Redo","floor":1},{"not_picked":["Redo","Rebound"],"picked":"Hologram","floor":2},{"not_picked":["Leap","Undo"],"picked":"Self Repair","floor":5},{"not_picked":["Stack","Capacitor","Barrage"],"picked":"SKIP","floor":6},{"not_picked":["Leap","Turbo","Scrape"],"picked":"SKIP","floor":8},{"not_picked":["Cold Snap","Storm"],"picked":"Seek","floor":12},{"not_picked":["Chill","Gash"],"picked":"Redo","floor":14},{"not_picked":["Core Surge","Meteor Strike"],"picked":"Echo Form","floor":16},{"not_picked":["Glacier","Static Discharge","Turbo"],"picked":"SKIP","floor":18},{"not_picked":["Sweeping Beam","Glacier+1"],"picked":"Defragment","floor":19},{"not_picked":["Consume","Hologram"],"picked":"Reinforced Body+1","floor":21},{"not_picked":["Amplify","Streamline+1"],"picked":"All For One","floor":24},{"not_picked":["Beam Cell","Static Discharge+1","Coolheaded"],"picked":"SKIP","floor":25},{"not_picked":["Defragment+1","Compile Driver"],"picked":"Echo Form","floor":27},{"not_picked":["Tempest","Cold Snap"],"picked":"Hologram","floor":31},{"not_picked":["Buffer","Electrodynamics"],"picked":"Fission","floor":33},{"not_picked":["Turbo","Gash+1","Capacitor"],"picked":"SKIP","floor":35},{"not_picked":["Scrape","Stack"],"picked":"Steam","floor":36},{"not_picked":["Gash","Glacier+1","Barrage+1"],"picked":"SKIP","floor":38},{"not_picked":["Compile Driver+1","Ball Lightning","Hologram"],"picked":"SKIP","floor":39},{"not_picked":["Turbo","Doom and Gloom","Reprogram"],"picked":"SKIP","floor":44},{"not_picked":["Streamline+1","Chaos","Coolheaded"],"picked":"SKIP","floor":48}],"player_experience":1093528,"relics_obtained":[{"floor":6,"key":"StoneCalendar"},{"floor":8,"key":"Letter Opener"},{"floor":9,"key":"Darkstone Periapt"},{"floor":22,"key":"Nilry\u0027s Codex"},{"floor":24,"key":"Mercury Hourglass"},{"floor":26,"key":"Dodecahedron"},{"floor":27,"key":"Thread and Needle"},{"floor":29,"key":"Red Mask"},{"floor":31,"key":"Bag of Marbles"},{"floor":43,"key":"Centennial Puzzle"},{"floor":45,"key":"Girya"}],"event_choices":[{"damage_healed":0,"gold_gain":175,"player_choice":"AGREE","damage_taken":0,"max_hp_gain":0,"max_hp_loss":0,"event_name":"Liars Game","floor":3,"gold_loss":0,"cards_obtained":["Doubt"]},{"cards_removed":["Doubt"],"damage_healed":0,"gold_gain":0,"player_choice":"Forget","damage_taken":0,"max_hp_gain":0,"max_hp_loss":0,"event_name":"Living Wall","floor":4,"gold_loss":0},{"damage_healed":0,"gold_gain":0,"player_choice":"Got Potions","damage_taken":0,"max_hp_gain":0,"max_hp_loss":0,"event_name":"Lab","floor":11,"gold_loss":0},{"damage_healed":0,"gold_gain":0,"player_choice":"Obtained Book","damage_taken":16,"max_hp_gain":0,"max_hp_loss":0,"event_name":"Cursed Tome","floor":22,"gold_loss":0},{"damage_healed":0,"gold_gain":0,"player_choice":"Fought Bandits","damage_taken":0,"max_hp_gain":0,"max_hp_loss":0,"event_name":"Masked Bandits","floor":29,"gold_loss":0},{"damage_healed":0,"gold_gain":222,"player_choice":"Wore Mask","damage_taken":0,"max_hp_gain":0,"max_hp_loss":0,"event_name":"Tomb of Lord Red Mask","floor":41,"gold_loss":0},{"damage_healed":0,"gold_gain":0,"player_choice":"Fight","damage_taken":0,"max_hp_gain":0,"max_hp_loss":0,"event_name":"Mysterious Sphere","floor":45,"gold_loss":0},{"cards_removed":["Strike_B"],"damage_healed":0,"gold_gain":0,"player_choice":"Purged","damage_taken":0,"max_hp_gain":0,"max_hp_loss":0,"event_name":"Purifier","floor":46,"gold_loss":0}],"is_beta":true,"boss_relics":[{"not_picked":["Lizard Tail","Fusion Hammer"],"picked":"Nuclear Battery"},{"not_picked":["Snecko Eye","Coffee Dripper"],"picked":"Sozu"}],"items_purged_floors":[20,28],"is_endless":false,"potions_floor_spawned":[1,12,14,16,18,21,29,33,36,44,45,48],"ascension_level":1}