{"gold_per_floor":[412,429,504,119,136,136,169,169,169,134,168,183,183,214,214,317,317,329,329,428,253,263,263,13,45,70,70,70,83,33,68,68,167,167,178,51,51,63,13,46,46,79,79,91,118,146,158,182,194,206],"floor_reached":51,"playtime":2120,"items_purged":["Strike_B","Regret","Normality","Shame","Strike_B","Strike_B+1"],"score":980,"play_id":"9b46dad3-3f01-4869-bf0e-29a70b6a816f","local_time":"20190202153327","is_ascension_mode":true,"campfire_choices":[{"data":"Zap","floor":6,"key":"SMITH"},{"data":"Dualcast","floor":13,"key":"SMITH"},{"data":"Reinforced Body","floor":15,"key":"SMITH"},{"floor":23,"key":"REST"},{"data":"Defragment","floor":32,"key":"SMITH"},{"data":"Loop","floor":41,"key":"SMITH"},{"data":"Chaos","floor":47,"key":"SMITH"},{"data":"Defragment","floor":49,"key":"SMITH"}],"neow_cost":"TEN_PERCENT_HP_LOSS","seed_source_timestamp":394265903849251,"circlet_count":0,"master_deck":["Defend_B+1","Defend_B","Defend_B+1","Defend_B","Zap+1","Dualcast+1","Tempest","Reinforced Body+1","Glacier+1","Doom and Gloom","Electrodynamics","Mayhem","Defragment+1","Loop+1","Go for the Eyes+1","Gash+1","Chaos+1","Force Field","Capacitor","Defragment+1"],"relics":["Cracked Core","Old Coin","Membership Card","Juzu Bracelet","Blood Vial","Matryoshka","Singing Bowl","Bag of Marbles","Dead Branch","Dodecahedron","Calling Bell","Bag of Preparation","Meat on the Bone","Ginger","Tiny Chest","Bronze Scales","Art of War","Vajra","Smiling Mask","War Paint","MutagenicStrength","Boot","Eternal Feather","DataDisk","Omamori","Regal Pillow","Ice Cream","MawBank"],"potions_floor_usage":[11,16,31,50,50,50],"damage_taken":[{"damage":3,"enemies":"2 Louse","floor":1,"turns":3},{"damage":0,"enemies":"Small Slimes","floor":2,"turns":2},{"damage":1,"enemies":"Jaw Worm","floor":5,"turns":3},{"damage":21,"enemies":"3 Sentries","floor":7,"turns":7},{"damage":8,"enemies":"Gremlin Nob","floor":11,"turns":3},{"damage":2,"enemies":"Blue Slaver","floor":12,"turns":3},{"damage":13,"enemies":"Lagavulin","floor":14,"turns":9},{"damage":0,"enemies":"Slime Boss","floor":16,"turns":7},{"damage":8,"enemies":"Chosen","floor":18,"turns":3},{"damage":33,"enemies":"2 Thieves","floor":22,"turns":4},{"damage":8,"enemies":"Gremlin Leader","floor":25,"turns":7},{"damage":0,"enemies":"Sentry and Sphere","floor":29,"turns":3},{"damage":16,"enemies":"Book of Stabbing","floor":31,"turns":5},{"damage":47,"enemies":"Champ","floor":33,"turns":15},{"damage":11,"enemies":"3 Shapes","floor":35,"turns":2},{"damage":0,"enemies":"Orb Walker","floor":38,"turns":4},{"damage":59,"enemies":"Giant Head","floor":40,"turns":12},{"damage":9,"enemies":"Reptomancer","floor":42,"turns":6},{"damage":0,"enemies":"Maw","floor":44,"turns":7},{"damage":0,"enemies":"Giant Head","floor":45,"turns":10},{"damage":20,"enemies":"3 Darklings","floor":46,"turns":3},{"damage":12,"enemies":"Writhing Mass","floor":48,"turns":4},{"damage":38,"enemies":"Donu and Deca","floor":50,"turns":9}],"seed_played":"2486218700871175118","potions_obtained":[{"floor":1,"key":"SteroidPotion"},{"floor":2,"key":"Strength Potion"},{"floor":5,"key":"Dexterity Potion"},{"floor":22,"key":"Strength Potion"},{"floor":29,"key":"Regen Potion"},{"floor":31,"key":"GamblersBrew"},{"floor":40,"key":"PowerPotion"},{"floor":42,"key":"PowerPotion"}],"is_trial":false,"path_per_floor":["M","M","?","$","M","R","E","?","T","?","E","M","R","E","R","B",null,"M","?","?","$","M","R","$","E","T","?","?","M","$","E","R","B",null,"M","$","?","M","$","E","R","E","T","M","E","M","R","M","R","B",null],"character_chosen":"DEFECT","items_purchased":["Membership Card","Juzu Bracelet","Blood Vial","Tiny Chest","Mayhem","Bronze Scales","Art of War","Defragment","DataDisk"],"campfire_rested":1,"item_purchase_floors":[4,4,4,21,21,24,24,24,36],"current_hp_per_floor":[65,65,54,54,55,55,36,22,22,39,35,35,35,24,24,26,70,64,51,51,51,34,57,57,51,51,51,51,55,55,57,57,26,85,76,76,76,78,78,33,42,49,49,51,53,47,56,46,58,34],"gold":218,"neow_bonus":"ONE_RARE_RELIC","is_prod":false,"is_daily":false,"chose_seed":false,"campfire_upgraded":7,"win_rate":0,"timestamp":1549082007,"path_taken":["M","M","?","$","M","R","E","?","T","?","E","M","R","E","R","BOSS","M","?","?","$","M","R","$","E","T","?","?","M","?","E","R","BOSS","M","$","?","M","$","E","R","E","T","M","E","M","R","M","R","BOSS"],"build_version":"2019-01-23","purchased_purges":6,"victory":true,"max_hp_per_floor":[68,68,68,68,68,68,68,68,68,68,70,70,70,70,70,70,70,72,77,77,77,79,79,79,79,79,79,79,81,81,83,83,85,85,87,87,87,87,87,87,87,89,89,89,89,89,89,89,89,89],"card_choices":[{"not_picked":["Rebound","Static Discharge"],"picked":"Tempest","floor":1},{"not_picked":["Turbo","BootSequence","Steam Power"],"picked":"SKIP","floor":2},{"not_picked":["Stack","Streamline"],"picked":"Reinforced Body","floor":5},{"not_picked":["Redo","Rebound","Amplify"],"picked":"SKIP","floor":7},{"not_picked":["Consume","Capacitor","Stack"],"picked":"Singing Bowl","floor":11},{"not_picked":["Coolheaded","Beam Cell"],"picked":"Glacier","floor":12},{"not_picked":["Barrage","Fusion"],"picked":"Doom and Gloom","floor":14},{"not_picked":["All For One","Fission"],"picked":"Electrodynamics","floor":16},{"not_picked":["Darkness","Reprogram","Scrape"],"picked":"Singing Bowl","floor":18},{"not_picked":["Streamline+1","Beam Cell+1","Steam+1"],"picked":"Singing Bowl","floor":22},{"not_picked":["Go for the Eyes","Fusion+1"],"picked":"Loop","floor":25},{"not_picked":["Melter","Streamline","Scrape"],"picked":"Singing Bowl","floor":29},{"not_picked":["Rip and Tear","Consume","Ball Lightning"],"picked":"Singing Bowl","floor":31},{"not_picked":["Hyperbeam","All For One","Amplify"],"picked":"Singing Bowl","floor":33},{"not_picked":["Ball Lightning+1","Streamline","Beam Cell"],"picked":"Singing Bowl","floor":35},{"not_picked":["Sweeping Beam+1","All For One"],"picked":"Go for the Eyes+1","floor":38},{"not_picked":["Beam Cell","Aggregate"],"picked":"Gash+1","floor":40},{"not_picked":["Cold Snap","Sunder","Force Field"],"picked":"Singing Bowl","floor":42},{"not_picked":["Blizzard","FTL+1"],"picked":"Chaos","floor":44},{"not_picked":["Meteor Strike","Barrage+1"],"picked":"Force Field","floor":45},{"not_picked":["Cold Snap","Consume"],"picked":"Capacitor","floor":46},{"not_picked":["Stack","Leap"],"picked":"Defragment","floor":48}],"player_experience":1204842,"relics_obtained":[{"floor":7,"key":"Matryoshka"},{"floor":9,"key":"Singing Bowl"},{"floor":9,"key":"Bag of Marbles"},{"floor":11,"key":"Dead Branch"},{"floor":14,"key":"Dodecahedron"},{"floor":17,"key":"Bag of Preparation"},{"floor":17,"key":"Meat on the Bone"},{"floor":17,"key":"Ginger"},{"floor":25,"key":"Vajra"},{"floor":26,"key":"Smiling Mask"},{"floor":26,"key":"War Paint"},{"floor":31,"key":"Boot"},{"floor":40,"key":"Omamori"},{"floor":42,"key":"Regal Pillow"},{"floor":43,"key":"Ice Cream"},{"floor":45,"key":"MawBank"}],"event_choices":[{"damage_healed":0,"gold_gain":75,"player_choice":"Gather Gold","damage_taken":11,"max_hp_gain":0,"max_hp_loss":0,"event_name":"World of Goop","floor":3,"gold_loss":0},{"damage_healed":0,"gold_gain":0,"player_choice":"Entered Light","damage_taken":14,"max_hp_gain":0,"max_hp_loss":0,"event_name":"Shining Light","floor":8,"gold_loss":0,"cards_upgraded":["Defend_B","Strike_B"]},{"damage_healed":17,"gold_gain":0,"player_choice":"Healed","damage_taken":0,"max_hp_gain":0,"max_hp_loss":0,"event_name":"The Cleric","floor":10,"gold_loss":35},{"damage_healed":0,"gold_gain":0,"player_choice":"Shed Blood","damage_taken":18,"max_hp_gain":5,"max_hp_loss":0,"event_name":"Forgotten Altar","floor":19,"gold_loss":0},{"damage_healed":0,"gold_gain":99,"player_choice":"Stole From Cult","damage_taken":0,"max_hp_gain":0,"max_hp_loss":0,"event_name":"Nest","floor":20,"gold_loss":0},{"damage_healed":0,"gold_gain":0,"player_choice":"Inject Mutagens","damage_taken":0,"relics_obtained":["MutagenicStrength"],"max_hp_gain":0,"max_hp_loss":0,"event_name":"Drug Dealer","floor":27,"gold_loss":0},{"damage_healed":0,"gold_gain":0,"player_choice":"Ignored","damage_taken":0,"max_hp_gain":0,"max_hp_loss":0,"event_name":"Beggar","floor":28,"gold_loss":0},{"cards_removed":["Strike_B"],"damage_healed":0,"gold_gain":0,"player_choice":"Offered Basic","damage_taken":0,"max_hp_gain":0,"max_hp_loss":0,"event_name":"Bonfire Elementals","floor":37,"gold_loss":0}],"is_beta":true,"boss_relics":[{"not_picked":["Ectoplasm","Cursed Key"],"picked":"Calling Bell"},{"not_picked":["Lizard Tail","Runic Pyramid"],"picked":"Eternal Feather"}],"items_purged_floors":[4,21,24,30,36,39],"is_endless":false,"potions_floor_spawned":[1,2,5,22,29,31,40,42,44,48],"ascension_level":1}