{"gold_per_floor":[113,16,16,33,33,33,73,73,103,138,162,183,223,90,90,90],"floor_reached":16,"playtime":419,"items_purged":["Strike_G"],"score":272,"play_id":"5a815c6f-458d-4391-b730-bb3c344251d0","local_time":"20181212151729","is_ascension_mode":true,"campfire_choices":[{"data":"Neutralize","floor":6,"key":"SMITH"},{"data":"Bouncing Flask","floor":8,"key":"SMITH"},{"floor":15,"key":"REST"}],"neow_cost":"NONE","seed_source_timestamp":32684400163106,"circlet_count":0,"master_deck":["AscendersBane","Defend_G","Defend_G","Defend_G","Defend_G","Defend_G","Strike_G","Strike_G","Strike_G","Strike_G","Survivor","Neutralize+1","Blur","All Out Attack","Dagger Spray+1","Deflect","Bouncing Flask+1","Catalyst","Backstab","Poisoned Stab","Blur","Backflip"],"relics":["Ring of the Snake","NeowsBlessing","Golden Idol","Regal Pillow","Tiny Chest","Omamori","Mummified Hand"],"potions_floor_usage":[16],"damage_taken":[{"damage":0,"enemies":"Jaw Worm","floor":1,"turns":1},{"damage":0,"enemies":"Small Slimes","floor":4,"turns":1},{"damage":0,"enemies":"Lagavulin","floor":7,"turns":1},{"damage":24,"enemies":"Gremlin Nob","floor":10,"turns":4},{"damage":7,"enemies":"2 Louse","floor":11,"turns":3},{"damage":0,"enemies":"Large Slime","floor":12,"turns":2},{"damage":19,"enemies":"3 Sentries","floor":13,"turns":5},{"damage":46,"enemies":"Slime Boss","floor":16,"turns":7}],"seed_played":"8652721053366205919","potions_obtained":[{"floor":1,"key":"Explosive Potion"},{"floor":12,"key":"Strength Potion"}],"is_trial":false,"path_per_floor":["M","$","?","M","?","R","E","R","T","E","M","M","E","$","R","B"],"character_chosen":"THE_SILENT","items_purchased":["All Out Attack","Dagger Spray","Backflip"],"campfire_rested":1,"item_purchase_floors":[2,2,14],"current_hp_per_floor":[59,59,59,59,59,59,59,59,59,35,28,28,9,9,42,0],"gold":90,"neow_bonus":"THREE_ENEMY_KILL","is_prod":false,"is_daily":false,"chose_seed":false,"campfire_upgraded":2,"win_rate":0,"timestamp":1544656649,"path_taken":["M","$","?","M","?","R","E","R","T","E","M","M","E","$","R","BOSS"],"build_version":"2018-12-06","purchased_purges":1,"victory":false,"max_hp_per_floor":[66,66,66,66,60,60,60,60,60,60,60,60,60,60,60,60],"card_choices":[{"not_picked":["Underhanded Strike","PiercingWail"],"picked":"Blur","floor":1},{"not_picked":["Eviscerate","Slice"],"picked":"Deflect","floor":4},{"not_picked":["Concentrate","Prepared"],"picked":"Bouncing Flask","floor":7},{"not_picked":["Dodge and Roll","Flying Knee"],"picked":"Catalyst","floor":10},{"not_picked":["Prepared","Sucker Punch"],"picked":"Backstab","floor":11},{"not_picked":["Blade Dance","Prepared"],"picked":"Poisoned Stab","floor":12},{"not_picked":["Finisher","Sucker Punch"],"picked":"Blur","floor":13}],"player_experience":1553604,"relics_obtained":[{"floor":7,"key":"Regal Pillow"},{"floor":9,"key":"Tiny Chest"},{"floor":10,"key":"Omamori"},{"floor":13,"key":"Mummified Hand"}],"event_choices":[{"damage_healed":0,"gold_gain":0,"player_choice":"Grow","damage_taken":0,"max_hp_gain":0,"max_hp_loss":0,"event_name":"Living Wall","floor":3,"gold_loss":0,"cards_upgraded":["Dagger Spray"]},{"damage_healed":0,"gold_gain":0,"player_choice":"Lose Max HP","damage_taken":0,"relics_obtained":["Golden Idol"],"max_hp_gain":0,"max_hp_loss":6,"event_name":"Golden Idol","floor":5,"gold_loss":0}],"is_beta":false,"boss_relics":[],"items_purged_floors":[14],"is_endless":false,"potions_floor_spawned":[1,12,13],"killed_by":"Slime Boss","ascension_level":18}