{"gold_per_floor":[111,125,125,143,159,186,186,220,243,243,243,258,258,258,258,335,335,352,352,370,386,386,386],"floor_reached":23,"playtime":1270,"items_purged":[],"score":332,"play_id":"0d9da5ee-c7a9-4967-902c-1ce91c0e840e","local_time":"20190203160358","is_ascension_mode":true,"campfire_choices":[{"floor":7,"key":"REST"},{"data":"Berserk","floor":10,"key":"SMITH"},{"data":"Armaments","floor":15,"key":"SMITH"}],"neow_cost":"NONE","seed_source_timestamp":506896613000418,"circlet_count":0,"master_deck":["AscendersBane","Strike_R","Strike_R","Strike_R","Defend_R","Defend_R","Defend_R","Defend_R","Bash","Whirlwind","Iron Wave","Reaper","Flex","Berserk+1","Shockwave","Armaments+1","Shrug It Off","Reaper","Carnage","Combust","Clothesline+1","Fiend Fire","Feed"],"relics":["Burning Blood","NeowsBlessing","Orichalcum","Potion Belt","Art of War","Ornamental Fan","Runic Cube"],"potions_floor_usage":[5,16,18,21,23,23],"damage_taken":[{"damage":0,"enemies":"2 Louse","floor":1,"turns":1},{"damage":0,"enemies":"Cultist","floor":2,"turns":1},{"damage":0,"enemies":"Small Slimes","floor":4,"turns":1},{"damage":16,"enemies":"Blue Slaver","floor":5,"turns":5},{"damage":61,"enemies":"Gremlin Nob","floor":6,"turns":6},{"damage":37,"enemies":"3 Sentries","floor":8,"turns":8},{"damage":1,"enemies":"2 Fungi Beasts","floor":12,"turns":2},{"damage":10,"enemies":"The Guardian","floor":16,"turns":13},{"damage":23,"enemies":"Shell Parasite","floor":18,"turns":8},{"damage":41,"enemies":"2 Thieves","floor":20,"turns":5},{"damage":51,"enemies":"Shelled Parasite and Fungi","floor":21,"turns":10},{"damage":53,"enemies":"Slavers","floor":23,"turns":3}],"seed_played":"5798115306396809488","potions_obtained":[{"floor":1,"key":"LiquidBronze"},{"floor":2,"key":"FearPotion"},{"floor":8,"key":"Block Potion"},{"floor":12,"key":"SkillPotion"},{"floor":18,"key":"Block Potion"},{"floor":20,"key":"Energy Potion"}],"is_trial":false,"path_per_floor":["M","M","?","M","M","E","R","E","T","R","?","M","?","T","R","B",null,"M","?","M","M","?","E"],"character_chosen":"IRONCLAD","items_purchased":[],"campfire_rested":1,"item_purchase_floors":[],"current_hp_per_floor":[78,80,80,80,76,25,49,36,36,36,36,41,46,46,46,55,78,68,68,55,18,18,0],"gold":386,"neow_bonus":"THREE_ENEMY_KILL","is_prod":false,"is_daily":false,"chose_seed":false,"campfire_upgraded":2,"win_rate":0,"timestamp":1549231438,"path_taken":["M","M","?","?","M","E","R","E","T","R","?","?","?","?","R","BOSS","M","?","M","M","?","E"],"build_version":"2019-01-23","purchased_purges":0,"victory":false,"max_hp_per_floor":[80,80,80,80,80,80,80,80,80,80,80,80,85,85,85,85,85,85,85,85,85,85,85],"card_choices":[{"not_picked":["Twin Strike","Iron Wave"],"picked":"Whirlwind","floor":1},{"not_picked":["Body Slam","Thunderclap"],"picked":"Iron Wave","floor":2},{"not_picked":["Body Slam","Uppercut"],"picked":"Reaper","floor":4},{"not_picked":["Sword Boomerang","Armaments"],"picked":"Flex","floor":5},{"not_picked":["Wild Strike","Evolve"],"picked":"Berserk","floor":6},{"not_picked":["Clothesline","Anger"],"picked":"Shockwave","floor":8},{"not_picked":["Wild Strike","Pommel Strike"],"picked":"Shrug It Off","floor":12},{"not_picked":["Berserk","Offering"],"picked":"Reaper","floor":16},{"not_picked":["Sword Boomerang","Havoc+1"],"picked":"Carnage","floor":18},{"not_picked":["True Grit","Infernal Blade+1"],"picked":"Clothesline+1","floor":20},{"not_picked":["Blood for Blood","Cleave"],"picked":"Fiend Fire","floor":21}],"player_experience":527006,"relics_obtained":[{"floor":6,"key":"Orichalcum"},{"floor":8,"key":"Potion Belt"},{"floor":9,"key":"Art of War"},{"floor":14,"key":"Ornamental Fan"}],"event_choices":[{"cards_removed":["Strike_R"],"damage_healed":0,"gold_gain":0,"player_choice":"Purged","damage_taken":0,"max_hp_gain":0,"max_hp_loss":0,"event_name":"Purifier","floor":3,"gold_loss":0},{"damage_healed":0,"gold_gain":0,"cards_transformed":["Strike_R"],"player_choice":"Transformed","damage_taken":0,"max_hp_gain":0,"max_hp_loss":0,"event_name":"Transmorgrifier","floor":11,"gold_loss":0,"cards_obtained":["Armaments"]},{"damage_healed":0,"gold_gain":0,"player_choice":"Donut","damage_taken":0,"max_hp_gain":5,"max_hp_loss":0,"event_name":"Big Fish","floor":13,"gold_loss":0},{"damage_healed":0,"gold_gain":0,"player_choice":"Read","damage_taken":0,"max_hp_gain":0,"max_hp_loss":0,"event_name":"The Library","floor":19,"gold_loss":0,"cards_obtained":["Combust"]},{"damage_healed":0,"gold_gain":0,"player_choice":"1 cards matched","damage_taken":0,"max_hp_gain":0,"max_hp_loss":0,"event_name":"Match and Keep!","floor":22,"gold_loss":0,"cards_obtained":["Feed"]}],"is_beta":false,"boss_relics":[{"not_picked":["Ectoplasm","Philosopher\u0027s Stone"],"picked":"Runic Cube"}],"items_purged_floors":[],"is_endless":false,"potions_floor_spawned":[1,2,8,12,18,20],"killed_by":"Slavers","ascension_level":13}