{"gold_per_floor":[16,36,56,131,131,131,144,144,144,173,22,33,33,48,48,120,120,137,137,137,153,172,172,97,97,97,114,14,32,32,32],"floor_reached":31,"playtime":1147,"items_purged":["Strike_B","Writhe"],"score":474,"play_id":"387aa55b-f78a-4bd1-8fee-be23bd279813","local_time":"20190107114859","is_ascension_mode":true,"campfire_choices":[{"data":"Zap","floor":6,"key":"SMITH"},{"data":"Hologram","floor":8,"key":"SMITH"},{"data":"Loop","floor":13,"key":"SMITH"},{"floor":15,"key":"REST"},{"floor":23,"key":"RECALL"},{"data":"Defragment","floor":25,"key":"SMITH"},{"data":"Tempest","floor":30,"key":"SMITH"}],"neow_cost":"NO_GOLD","seed_source_timestamp":7615434011906,"circlet_count":0,"master_deck":["AscendersBane","Strike_B","Strike_B","Defend_B","Defend_B","Defend_B","Zap+1","Dualcast","Self Repair","Hologram+1","Loop+1","Go for the Eyes","Force Field","Biased Cognition","Tempest+1","Ball Lightning","Force Field","Multi-Cast","Go for the Eyes+1","Redo+1","Defragment+1"],"relics":["Cracked Core","Matryoshka","Mango","Coffee Dripper","Blue Candle","Centennial Puzzle","Meat on the Bone"],"potions_floor_usage":[2,16,16,22,22,27,31,31],"damage_taken":[{"damage":0,"enemies":"2 Louse","floor":1,"turns":3},{"damage":7,"enemies":"Jaw Worm","floor":2,"turns":3},{"damage":2,"enemies":"Cultist","floor":3,"turns":4},{"damage":9,"enemies":"Looter","floor":7,"turns":3},{"damage":38,"enemies":"3 Sentries","floor":10,"turns":10},{"damage":2,"enemies":"Blue Slaver","floor":12,"turns":4},{"damage":24,"enemies":"Lots of Slimes","floor":14,"turns":3},{"damage":39,"enemies":"Hexaghost","floor":16,"turns":9},{"damage":19,"enemies":"Spheric Guardian","floor":18,"turns":4},{"damage":19,"enemies":"3 Byrds","floor":21,"turns":3},{"damage":34,"enemies":"Shelled Parasite and Fungi","floor":22,"turns":5},{"damage":24,"enemies":"Centurion and Healer","floor":27,"turns":4},{"damage":25,"enemies":"Sentry and Sphere","floor":29,"turns":4},{"damage":18,"enemies":"3 Cultists","floor":31,"turns":2}],"seed_played":"5278598002493952180","potions_obtained":[{"floor":1,"key":"AttackPotion"},{"floor":2,"key":"LiquidBronze"},{"floor":14,"key":"Regen Potion"},{"floor":16,"key":"PowerPotion"},{"floor":20,"key":"EntropicBrew"},{"floor":29,"key":"Dexterity Potion"}],"is_trial":false,"path_per_floor":["M","M","M","?","?","R","M","R","T","E","$","M","R","M","R","B",null,"M","?","?","M","M","R","$","R","T","M","$","M","R","M"],"character_chosen":"DEFECT","items_purchased":["Tempest","Defragment"],"campfire_rested":1,"item_purchase_floors":[11,24],"current_hp_per_floor":[64,64,69,58,58,58,56,56,56,39,39,44,44,20,45,28,71,59,59,59,47,20,20,20,20,20,27,27,14,14,0],"gold":32,"neow_bonus":"REMOVE_TWO","is_prod":false,"is_daily":false,"chose_seed":false,"campfire_upgraded":5,"win_rate":0,"timestamp":1546822139,"path_taken":["M","M","M","?","?","R","M","R","T","E","$","?","R","M","R","BOSS","M","?","?","M","?","R","$","R","T","M","$","M","R","M"],"build_version":"2018-11-15","purchased_purges":2,"victory":false,"max_hp_per_floor":[71,71,71,71,71,71,71,71,71,85,85,85,85,85,85,85,85,85,85,85,85,85,85,85,85,85,85,85,85,85,85],"card_choices":[{"not_picked":["BootSequence","Chill"],"picked":"Self Repair","floor":1},{"not_picked":["Reinforced Body","Stack"],"picked":"Hologram","floor":2},{"not_picked":["Barrage","Genetic Algorithm"],"picked":"Loop","floor":3},{"not_picked":["Go for the Eyes","Doom and Gloom"],"picked":"Force Field","floor":7},{"not_picked":["Skim","Leap"],"picked":"Biased Cognition","floor":10},{"not_picked":["Beam Cell","Heatsinks"],"picked":"Ball Lightning","floor":12},{"not_picked":["Blizzard","Genetic Algorithm"],"picked":"Force Field","floor":14},{"not_picked":["Hyperbeam","Reboot"],"picked":"Multi-Cast","floor":16},{"not_picked":["Coolheaded","Doom and Gloom","Compile Driver"],"picked":"SKIP","floor":18},{"not_picked":["Hologram","Compile Driver"],"picked":"Go for the Eyes+1","floor":21},{"not_picked":["Consume","Gash"],"picked":"Redo+1","floor":22},{"not_picked":["Beam Cell","Fusion","Reprogram"],"picked":"SKIP","floor":27},{"not_picked":["Gash","Barrage","Beam Cell+1"],"picked":"SKIP","floor":29}],"player_experience":1011650,"relics_obtained":[{"floor":9,"key":"Matryoshka"},{"floor":10,"key":"Mango"},{"floor":26,"key":"Centennial Puzzle"},{"floor":26,"key":"Meat on the Bone"}],"event_choices":[{"damage_healed":0,"gold_gain":75,"player_choice":"Gather Gold","damage_taken":11,"max_hp_gain":0,"max_hp_loss":0,"event_name":"World of Goop","floor":4,"gold_loss":0},{"damage_healed":0,"gold_gain":0,"player_choice":"1 cards matched","damage_taken":0,"max_hp_gain":0,"max_hp_loss":0,"event_name":"Match and Keep!","floor":5,"gold_loss":0,"cards_obtained":["Go for the Eyes"]},{"damage_healed":0,"gold_gain":0,"player_choice":"Opened","damage_taken":0,"relics_obtained":["Blue Candle"],"max_hp_gain":0,"max_hp_loss":0,"event_name":"The Mausoleum","floor":19,"gold_loss":0,"cards_obtained":["Writhe"]},{"damage_healed":0,"gold_gain":0,"player_choice":"Got Potions","damage_taken":0,"max_hp_gain":0,"max_hp_loss":0,"event_name":"Lab","floor":20,"gold_loss":0}],"is_beta":true,"boss_relics":[{"not_picked":["Runic Dome","Black Star"],"picked":"Coffee Dripper"}],"items_purged_floors":[11,28],"is_endless":false,"potions_floor_spawned":[1,2,14,16,21,29],"killed_by":"3 Cultists","ascension_level":20}