{"path_per_floor":["M","?","M","M","$","R","M","M","T","R","M","$","R","M","R","B",null,"M","M","M","?","M","R","M","?","T","R","M","M"],"character_chosen":"THE_SILENT","items_purchased":["Well Laid Plans","Bouncing Flask"],"gold_per_floor":[115,115,135,148,38,38,55,66,116,116,135,67,67,87,87,163,163,173,184,196,196,208,208,221,201,201,201,213,232,232],"floor_reached":30,"campfire_rested":2,"playtime":2017,"item_purchase_floors":[],"current_hp_per_floor":[53,33,28,23,23,29,23,18,18,24,6,6,33,32,40,50,62,54,44,44,26,14,45,28,28,28,38,31,9,0],"items_purged":["Strike_G"],"gold":232,"score":399,"play_id":"5c5421b8-58d7-4032-b809-baf293ac5ec6","local_time":"20180619082311","is_prod":false,"is_daily":false,"chose_seed":false,"is_ascension_mode":true,"campfire_upgraded":4,"win_rate":0,"timestamp":1529421791,"campfire_choices":[{"data":"Neutralize","floor":6.0,"key":"SMITH"},{"data":"Deadly Poison","floor":10.0,"key":"SMITH"},{"floor":13.0,"key":"REST"},{"data":"Catalyst","floor":15.0,"key":"SMITH"},{"floor":23.0,"key":"REST"},{"data":"Bouncing Flask","floor":27,"key":"SMITH"}],"path_taken":["M","?","M","M","$","R","M","M","T","R","?","?","R","M","R","BOSS","M","?","?","?","M","R","M","?","T","R","M","M","M"],"build_version":"2018-06-14v2","seed_source_timestamp":0,"purchased_purges":1,"victory":false,"master_deck":["Defend_G","Defend_G+1","Defend_G","Defend_G","Defend_G","Strike_G","Strike_G","Strike_G","Strike_G+1","Survivor","Neutralize+1","AscendersBane","Malaise","Footwork","Blur","Well Laid Plans","Deadly Poison+1","Poisoned Stab","Leg Sweep","Bouncing Flask+1","Catalyst+1","Adrenaline","Dagger Spray","Dodge and Roll","Quick Slash","Footwork"],"max_hp_per_floor":[66,66,66,66,66,66,66,66,66,66,66,66,66,66,66,66,66,66,66,66,71,71,71,71,71,71,71,71,71,71],"special_seed":0,"relics":["Eternal Feather","Happy Flower","Velvet Choker","Tingsha"],"card_choices":[{"not_picked":["Flying Knee","Prepared"],"picked":"Malaise","floor":1.0},{"not_picked":["Catalyst","Expertise"],"picked":"Footwork","floor":3.0},{"not_picked":["Deflect","Cloak And Dagger"],"picked":"Blur","floor":4.0},{"not_picked":["Quick Slash","Bane"],"picked":"Deadly Poison","floor":7.0},{"not_picked":["Sucker Punch","Prepared"],"picked":"Poisoned Stab","floor":8.0},{"not_picked":["Cloak And Dagger","Blade Dance"],"picked":"Leg Sweep","floor":11.0},{"not_picked":["Flying Knee","Outmaneuver"],"picked":"Catalyst","floor":14.0},{"not_picked":["Glass Knife","Grand Finale"],"picked":"Adrenaline","floor":16.0},{"not_picked":["Cloak And Dagger","Prepared"],"picked":"Dagger Spray","floor":18.0},{"not_picked":["Deflect+1","Poisoned Stab"],"picked":"Dodge and Roll","floor":19.0},{"not_picked":["Backflip","Masterful Stab","Outmaneuver+1"],"picked":"SKIP","floor":20.0},{"not_picked":["Accuracy+1","Outmaneuver"],"picked":"Quick Slash","floor":22.0},{"not_picked":["Leg Sweep","Concentrate"],"picked":"Footwork","floor":24},{"not_picked":["Cloak And Dagger","Underhanded Strike","Deflect"],"picked":"SKIP","floor":28},{"not_picked":["Cloak And Dagger","Acrobatics","PiercingWail"],"picked":"SKIP","floor":29}],"player_experience":883798,"potions_floor_usage":[28,29,29],"damage_taken":[{"damage":6.0,"enemies":"2 Louse","floor":1.0,"turns":3.0},{"damage":5.0,"enemies":"Jaw Worm","floor":3.0,"turns":7.0},{"damage":5.0,"enemies":"Small Slimes","floor":4.0,"turns":4.0},{"damage":6.0,"enemies":"Exordium Thugs","floor":7.0,"turns":7.0},{"damage":5.0,"enemies":"Gremlin Gang","floor":8.0,"turns":8.0},{"damage":18.0,"enemies":"Lots of Slimes","floor":11.0,"turns":6.0},{"damage":1.0,"enemies":"Blue Slaver","floor":14.0,"turns":5.0},{"damage":5.0,"enemies":"Hexaghost","floor":16.0,"turns":7.0},{"damage":8.0,"enemies":"3 Byrds","floor":18.0,"turns":7.0},{"damage":10.0,"enemies":"Shell Parasite","floor":19.0,"turns":4.0},{"damage":0.0,"enemies":"Centurion and Healer","floor":20.0,"turns":8.0},{"damage":12.0,"enemies":"Slaver and Parasite","floor":22.0,"turns":9.0},{"damage":17.0,"enemies":"Snake Plant","floor":24.0,"turns":5.0},{"damage":7,"enemies":"Sentry and Sphere","floor":28,"turns":5},{"damage":22,"enemies":"Cultist and Chosen","floor":29,"turns":12},{"damage":19,"enemies":"Snecko","floor":30,"turns":4}],"relics_obtained":[{"floor":9.0,"key":"Happy Flower"},{"floor":26,"key":"Tingsha"}],"event_choices":[{"event_name":"Shining Light","player_choice":"Entered Light","floor":2.0,"damage_taken":0.0},{"event_name":"Forgotten Altar","player_choice":"Shed Blood","floor":21.0,"damage_taken":0.0},{"event_name":"The Woman in Blue","player_choice":"Bought 1 Potion","floor":25,"damage_taken":0}],"boss_relics":[{"not_picked":["Coffee Dripper","Runic Dome"],"picked":"Velvet Choker"}],"items_purged_floors":[],"is_endless":false,"potions_floor_spawned":[3,4,11,20,22,28],"seed_played":"-7849579501798445402","killed_by":"Snecko","ascension_level":15,"potions_obtained":[{"floor":3.0,"key":"Fire Potion"},{"floor":4.0,"key":"Explosive Potion"},{"floor":11.0,"key":"Regen Potion"},{"floor":20.0,"key":"GamblersBrew"},{"floor":22.0,"key":"SkillPotion"},{"floor":25,"key":"Energy Potion"},{"floor":28,"key":"SkillPotion"}],"is_trial":false}