{"gold_per_floor":[116,127,146,158,174,174,20,20,20,45,123,123,133,158,158,261,261,276,276,304,320,333,363,363,32,32,61,61,76,90,105,105,205,205,217,233,244,264,264,264,264,264,264,291,46,58,69,84,84,84],"floor_reached":50,"playtime":2265,"items_purged":["Decay"],"score":624,"play_id":"acc68378-fe4a-49ea-befc-a4c709836513","local_time":"20180901223934","is_ascension_mode":true,"campfire_choices":[{"data":"Hologram","floor":6,"key":"SMITH"},{"floor":12,"key":"REST"},{"floor":15,"key":"REST"},{"floor":24,"key":"REST"},{"data":"Storm","floor":28,"key":"SMITH"},{"data":"Storm","floor":32,"key":"SMITH"},{"data":"Defragment","floor":40,"key":"SMITH"},{"data":"Seek","floor":42,"key":"SMITH"},{"data":"Double Energy","floor":49,"key":"SMITH"}],"neow_cost":"NONE","seed_source_timestamp":6004674619621,"circlet_count":0,"master_deck":["Zap","Dualcast","Tempest","Coolheaded","Seek+1","Gash","Hologram+1","Core Surge","Electrodynamics","Gash","Hologram","Core Surge","Capacitor","Glacier+1","Chill","Go for the Eyes","Ball Lightning+1","Storm+1","Melter","Consume","Tempest+1","Defragment+1","Storm+1","Amplify","Darkness","Conserve Battery","Stack","Tempest","Tempest","Chaos","Aggregate","Beam Cell","Double Energy+1","Tempest","Stack+1","White Noise+1","Purity+1","Conserve Battery+1","Darkness+1","Tempest+1"],"relics":["Cracked Core","Ancient Tea Set","Anchor","Mummified Hand","Girya","Pear","Black Star","Red Mask","Bird Faced Urn","Du-Vu Doll","Bag of Preparation","Question Card","Ginger","Dead Branch","Pandora\u0027s Box","Matryoshka","Toxic Egg 2","Art of War"],"potions_floor_usage":[4,13,14,16,16,23,30,30,38,50,50],"damage_taken":[{"damage":1,"enemies":"2 Louse","floor":1,"turns":3},{"damage":0,"enemies":"Small Slimes","floor":2,"turns":3},{"damage":3,"enemies":"Jaw Worm","floor":3,"turns":4},{"damage":0,"enemies":"3 Louse","floor":4,"turns":4},{"damage":6,"enemies":"Exordium Wildlife","floor":5,"turns":4},{"damage":13,"enemies":"Gremlin Nob","floor":10,"turns":3},{"damage":0,"enemies":"Red Slaver","floor":13,"turns":2},{"damage":31,"enemies":"Lagavulin","floor":14,"turns":5},{"damage":35,"enemies":"Hexaghost","floor":16,"turns":9},{"damage":10,"enemies":"2 Thieves","floor":18,"turns":3},{"damage":0,"enemies":"Masked Bandits","floor":20,"turns":2},{"damage":7,"enemies":"Spheric Guardian","floor":21,"turns":4},{"damage":12,"enemies":"Centurion and Healer","floor":22,"turns":7},{"damage":24,"enemies":"Slavers","floor":23,"turns":4},{"damage":0,"enemies":"Gremlin Leader","floor":27,"turns":5},{"damage":0,"enemies":"Sentry and Sphere","floor":29,"turns":1},{"damage":17,"enemies":"Snake Plant","floor":30,"turns":3},{"damage":0,"enemies":"Centurion and Healer","floor":31,"turns":2},{"damage":37,"enemies":"Collector","floor":33,"turns":8},{"damage":0,"enemies":"3 Darklings","floor":35,"turns":1},{"damage":0,"enemies":"3 Shapes","floor":36,"turns":1},{"damage":6,"enemies":"Maw","floor":37,"turns":4},{"damage":3,"enemies":"Transient","floor":38,"turns":5},{"damage":16,"enemies":"Spire Growth","floor":46,"turns":3},{"damage":0,"enemies":"Sphere and 2 Shapes","floor":47,"turns":3},{"damage":0,"enemies":"4 Shapes","floor":48,"turns":5},{"damage":100,"enemies":"Awakened One","floor":50,"turns":9}],"seed_played":"-4865362159727966909","potions_obtained":[{"floor":1,"key":"Block Potion"},{"floor":3,"key":"Ancient Potion"},{"floor":10,"key":"Poison Potion"},{"floor":13,"key":"FearPotion"},{"floor":14,"key":"Fruit Juice"},{"floor":21,"key":"LiquidBronze"},{"floor":27,"key":"Energy Potion"},{"floor":29,"key":"Energy Potion"},{"floor":33,"key":"AttackPotion"},{"floor":37,"key":"Fire Potion"},{"floor":46,"key":"Strength Potion"}],"is_trial":false,"path_per_floor":["M","M","M","M","M","R","$","?","T","E","?","R","M","E","R","B",null,"M","?","?","M","M","E","R","$","T","E","R","M","M","M","R","B",null,"M","M","M","M","?","R","?","R","T","T","$","M","M","M","R"],"character_chosen":"DEFECT","items_purchased":["Core Surge","Storm","Bag of Preparation","Melter","Consume","White Noise+1","Purity+1"],"campfire_rested":3,"item_purchase_floors":[7,25,25,25,25,45,45],"current_hp_per_floor":[74,74,71,71,65,65,65,53,53,40,40,62,62,46,73,38,90,80,80,80,73,61,37,64,64,64,70,70,76,63,71,71,48,90,90,90,86,89,89,89,89,89,89,89,89,74,80,90,90,0],"gold":84,"neow_bonus":"RANDOM_COMMON_RELIC","is_prod":false,"is_daily":false,"chose_seed":false,"campfire_upgraded":6,"win_rate":0,"timestamp":1535834374,"path_taken":["M","M","M","M","M","R","$","?","T","E","?","R","?","E","R","BOSS","M","?","?","?","M","E","R","$","T","E","R","?","M","M","R","BOSS","M","M","M","M","?","R","?","R","T","?","?","M","M","M","R","BOSS"],"build_version":"2018-08-30","purchased_purges":1,"victory":false,"max_hp_per_floor":[75,75,75,75,75,75,75,75,75,75,75,75,75,90,90,90,90,90,90,90,90,90,90,90,90,90,90,90,90,90,90,90,90,90,90,90,90,90,90,90,90,90,90,90,90,90,90,90,90,90],"card_choices":[{"not_picked":["Redo","Stack"],"picked":"Tempest","floor":1},{"not_picked":["Hologram","Sweeping Beam"],"picked":"Coolheaded","floor":2},{"not_picked":["Streamline","Force Field"],"picked":"Seek","floor":3},{"not_picked":["Hello World","BootSequence"],"picked":"Gash","floor":4},{"not_picked":["Darkness","Steam Power"],"picked":"Hologram","floor":5},{"not_picked":["Turbo","Scrape"],"picked":"Electrodynamics","floor":10},{"not_picked":["Stack","Streamline"],"picked":"Gash","floor":13},{"not_picked":["Rebound","Cold Snap"],"picked":"Hologram","floor":14},{"not_picked":["Amplify","Reboot"],"picked":"Core Surge","floor":16},{"not_picked":["Redo","Sweeping Beam+1"],"picked":"Capacitor","floor":18},{"not_picked":["Steam","Turbo"],"picked":"Glacier+1","floor":20},{"not_picked":["Fusion","Reinforced Body"],"picked":"Chill","floor":21},{"not_picked":["Compile Driver","Rebound"],"picked":"Go for the Eyes","floor":22},{"not_picked":["Auto Shields","Melter"],"picked":"Ball Lightning+1","floor":23},{"not_picked":["Buffer","Rebound","Storm"],"picked":"Tempest+1","floor":27},{"not_picked":["Hologram","Go for the Eyes","Biased Cognition"],"picked":"Defragment","floor":29},{"not_picked":["Coolheaded","Turbo+1","Skim"],"picked":"Storm","floor":30},{"not_picked":["Undo","Rebound","Sunder","Compile Driver+1"],"picked":"SKIP","floor":31},{"not_picked":["Fission","Thunder Strike","Biased Cognition"],"picked":"Amplify","floor":33},{"not_picked":["Streamline+1","Go for the Eyes","Blizzard+1"],"picked":"Beam Cell","floor":35},{"not_picked":["Ball Lightning+1","Redo+1","Fusion"],"picked":"Double Energy","floor":36},{"not_picked":["Steam+1","Auto Shields","Hologram+1"],"picked":"Tempest","floor":37},{"not_picked":["Leap+1","Barrage","Go for the Eyes+1"],"picked":"Stack+1","floor":38},{"not_picked":["Multi-Cast+1","Sweeping Beam","Leap+1"],"picked":"Conserve Battery+1","floor":46},{"not_picked":["Steam Power+1","Glacier+1","Sweeping Beam+1"],"picked":"Darkness+1","floor":47},{"not_picked":["Rebound+1","Sweeping Beam+1","Melter+1"],"picked":"Tempest+1","floor":48}],"player_experience":90130,"relics_obtained":[{"floor":9,"key":"Mummified Hand"},{"floor":10,"key":"Girya"},{"floor":14,"key":"Pear"},{"floor":20,"key":"Red Mask"},{"floor":23,"key":"Bird Faced Urn"},{"floor":23,"key":"Du-Vu Doll"},{"floor":26,"key":"Question Card"},{"floor":27,"key":"Ginger"},{"floor":27,"key":"Dead Branch"},{"floor":43,"key":"Matryoshka"},{"floor":44,"key":"Toxic Egg 2"},{"floor":44,"key":"Art of War"}],"event_choices":[{"event_name":"Scrap Ooze","player_choice":"success","floor":8,"damage_taken":12},{"event_name":"Golden Wing","player_choice":"Gained Gold","floor":11,"damage_taken":0},{"event_name":"Back to Basics","player_choice":"Simplicity","floor":19,"damage_taken":0},{"event_name":"Masked Bandits","player_choice":"Fought Bandits","floor":20,"damage_taken":0},{"event_name":"Falling","player_choice":"Removed Attack","floor":39,"damage_taken":0},{"event_name":"Wheel of Change","player_choice":"Curse","floor":41,"damage_taken":0}],"is_beta":true,"boss_relics":[{"not_picked":["Busted Crown","Lizard Tail"],"picked":"Black Star"},{"not_picked":["Cursed Key","Nuclear Battery"],"picked":"Pandora\u0027s Box"}],"items_purged_floors":[45],"is_endless":false,"potions_floor_spawned":[1,3,10,13,14,21,27,29,33,37,46],"killed_by":"Awakened One","ascension_level":1}