{"gold_per_floor":[114,131,141,157,175,175,175,193,246,246,246,266,148,158,158,237,237,237],"floor_reached":18,"playtime":664,"items_purged":["Defend_B"],"score":289,"play_id":"6c24089b-e640-4b64-bb5d-1eff019046f4","local_time":"20180923004935","is_ascension_mode":true,"campfire_choices":[{"data":"Zap","floor":11.0,"key":"SMITH"},{"floor":15.0,"key":"REST"}],"neow_cost":"NONE","seed_source_timestamp":0,"circlet_count":0,"master_deck":["Strike_B","Defend_B","Defend_B+1","Defend_B","Zap+1","Dualcast","AscendersBane","Leap","Ball Lightning","Compile Driver+1","All For One","Ball Lightning","Seek","Echo Form","Zap","Go for the Eyes","Defragment","Hologram","Meteor Strike"],"special_seed":0,"relics":["Cracked Core","Strawberry","Empty Cage"],"potions_floor_usage":[],"damage_taken":[{"damage":1.0,"enemies":"Cultist","floor":1.0,"turns":3.0},{"damage":8.0,"enemies":"Small Slimes","floor":2.0,"turns":4.0},{"damage":0.0,"enemies":"2 Louse","floor":3.0,"turns":3.0},{"damage":8.0,"enemies":"Blue Slaver","floor":4.0,"turns":4.0},{"damage":4.0,"enemies":"Exordium Wildlife","floor":5.0,"turns":4.0},{"damage":4.0,"enemies":"Lots of Slimes","floor":8.0,"turns":4.0},{"damage":6.0,"enemies":"3 Louse","floor":12.0,"turns":2.0},{"damage":11.0,"enemies":"Exordium Thugs","floor":14.0,"turns":4.0},{"damage":21,"enemies":"Slime Boss","floor":16,"turns":7},{"damage":0,"enemies":"Spheric Guardian","floor":18,"turns":1}],"seed_played":"-667362030526930014","potions_obtained":[{"floor":4.0,"key":"FocusPotion"},{"floor":5.0,"key":"Strength Potion"},{"floor":14.0,"key":"Regen Potion"}],"is_trial":false,"path_per_floor":["M","M","M","M","M","?","?","M","T","?","R","M","$","M","R","B",null],"character_chosen":"DEFECT","items_purchased":["Defragment"],"campfire_rested":1,"item_purchase_floors":[13],"current_hp_per_floor":[63,55,55,47,43,39,18,14,21,21,21,15,15,4,27,6,60,60],"gold":237,"neow_bonus":"REMOVE_CARD","is_prod":false,"is_daily":false,"chose_seed":false,"campfire_upgraded":1,"win_rate":0,"timestamp":1537688975,"path_taken":["M","M","M","M","?","?","?","?","T","?","R","M","$","M","R","BOSS","M"],"build_version":"2018-09-20","purchased_purges":1,"victory":false,"max_hp_per_floor":[71,71,71,71,71,71,71,71,78,78,78,78,78,78,78,78,78,78],"card_choices":[{"not_picked":["Barrage","Steam"],"picked":"Leap","floor":1.0},{"not_picked":["Lockon","Double Energy"],"picked":"Ball Lightning","floor":2.0},{"not_picked":["Coolheaded","Static Discharge"],"picked":"Compile Driver","floor":3.0},{"not_picked":["BootSequence","Beam Cell"],"picked":"All For One","floor":4.0},{"not_picked":["Streamline","Leap"],"picked":"Ball Lightning","floor":5.0},{"not_picked":["Barrage","Rebound"],"picked":"Seek","floor":8.0},{"not_picked":["Gash","Conserve Battery"],"picked":"Go for the Eyes","floor":12.0},{"not_picked":["Cold Snap","Sweeping Beam"],"picked":"Hologram","floor":14.0},{"not_picked":["Multi-Cast","Hyperbeam"],"picked":"Meteor Strike","floor":16}],"player_experience":820584,"relics_obtained":[{"floor":9.0,"key":"Strawberry"}],"event_choices":[{"event_name":"The Woman in Blue","player_choice":"Bought 0 Potions","floor":6.0,"damage_taken":0.0},{"event_name":"Shining Light","player_choice":"Entered Light","floor":7.0,"damage_taken":0.0},{"event_name":"Match and Keep!","player_choice":"2 cards matched","floor":10.0,"damage_taken":0.0}],"is_beta":true,"boss_relics":[{"not_picked":["Ectoplasm","Fusion Hammer"],"picked":"Empty Cage"}],"items_purged_floors":[13],"is_endless":false,"potions_floor_spawned":[4,5,14,16],"killed_by":"Spheric Guardian","ascension_level":17}