{"gold_per_floor":[116,129,304,304,324,324,340,368,449,449,460,487,487,522,522,624,624,637,653,665,679,679,679],"floor_reached":23,"playtime":1268,"items_purged":[],"score":299,"play_id":"d247bc58-78d4-4fcc-b0a3-0efdfd084c28","local_time":"20181215111016","is_ascension_mode":true,"campfire_choices":[{"data":"Pommel Strike","floor":6,"key":"SMITH"},{"data":"Clothesline","floor":10,"key":"SMITH"},{"floor":13,"key":"REST"},{"data":"True Grit","floor":15,"key":"SMITH"}],"neow_cost":"NONE","seed_source_timestamp":2460877651627800,"circlet_count":0,"master_deck":["Strike_R","Strike_R","Strike_R","Strike_R","Strike_R","Defend_R","Defend_R","Defend_R","Defend_R","Bash+1","Pommel Strike+1","Iron Wave","Warcry","Headbutt","Clothesline+1","Feed","True Grit+1","Fiend Fire","Flex+1","Rage","Whirlwind+1","Ghostly Armor"],"relics":["Burning Blood","Nunchaku","Paper Frog","Anchor","Dream Catcher","Lizard Tail","Ornamental Fan"],"potions_floor_usage":[16],"damage_taken":[{"damage":5,"enemies":"2 Louse","floor":1,"turns":4},{"damage":15,"enemies":"Small Slimes","floor":2,"turns":3},{"damage":2,"enemies":"Jaw Worm","floor":5,"turns":3},{"damage":7,"enemies":"2 Fungi Beasts","floor":7,"turns":3},{"damage":25,"enemies":"3 Sentries","floor":8,"turns":10},{"damage":11,"enemies":"Looter","floor":11,"turns":3},{"damage":15,"enemies":"Lagavulin","floor":14,"turns":5},{"damage":42,"enemies":"The Guardian","floor":16,"turns":10},{"damage":38,"enemies":"3 Byrds","floor":18,"turns":8},{"damage":20,"enemies":"Shell Parasite","floor":19,"turns":4},{"damage":45,"enemies":"Centurion and Healer","floor":20,"turns":10},{"damage":27,"enemies":"3 Cultists","floor":21,"turns":5},{"damage":29,"enemies":"Gremlin Leader","floor":23,"turns":3}],"seed_played":"-4920401144291612187","potions_obtained":[{"floor":7,"key":"Swift Potion"},{"floor":8,"key":"FearPotion"},{"floor":18,"key":"Ancient Potion"},{"floor":20,"key":"EntropicBrew"}],"is_trial":false,"path_per_floor":["M","M","?","?","M","R","M","E","T","R","M","T","R","E","R","B",null,"M","M","M","M","?","E"],"character_chosen":"IRONCLAD","items_purchased":[],"campfire_rested":1,"item_purchase_floors":[],"current_hp_per_floor":[73,64,64,64,68,68,67,48,48,48,43,43,67,61,61,28,72,43,32,40,22,22,0],"gold":679,"neow_bonus":"UPGRADE_CARD","is_prod":false,"is_daily":false,"chose_seed":false,"campfire_upgraded":3,"win_rate":0,"timestamp":1544893816,"path_taken":["M","M","?","?","M","R","M","E","T","R","M","?","R","E","R","BOSS","M","M","M","M","?","E"],"build_version":"2018-12-13","purchased_purges":0,"victory":false,"max_hp_per_floor":[80,80,80,80,80,80,80,80,80,80,80,80,80,83,83,86,86,89,92,92,95,95,95],"card_choices":[{"not_picked":["Armaments","Infernal Blade"],"picked":"Pommel Strike","floor":1},{"not_picked":["Rupture","Heavy Blade"],"picked":"Iron Wave","floor":2},{"not_picked":["Body Slam","Anger"],"picked":"Warcry","floor":5},{"not_picked":["Twin Strike","Second Wind"],"picked":"Headbutt","floor":7},{"not_picked":["Shrug It Off","Havoc"],"picked":"Clothesline","floor":8},{"not_picked":["Flame Barrier","Clothesline"],"picked":"Feed","floor":11},{"not_picked":["Heavy Blade","Wild Strike"],"picked":"True Grit","floor":14},{"not_picked":["Impervious","Exhume"],"picked":"Fiend Fire","floor":16},{"not_picked":["Iron Wave","Clothesline+1"],"picked":"Flex+1","floor":18},{"not_picked":["Twin Strike+1","Heavy Blade"],"picked":"Rage","floor":19},{"not_picked":["Seeing Red","Second Wind"],"picked":"Whirlwind+1","floor":20},{"not_picked":["Sever Soul","Anger"],"picked":"Ghostly Armor","floor":21}],"player_experience":293598,"relics_obtained":[{"floor":8,"key":"Nunchaku"},{"floor":9,"key":"Paper Frog"},{"floor":12,"key":"Anchor"},{"floor":14,"key":"Dream Catcher"}],"event_choices":[{"damage_healed":0,"gold_gain":175,"player_choice":"AGREE","damage_taken":0,"max_hp_gain":0,"max_hp_loss":0,"event_name":"Liars Game","floor":3,"gold_loss":0,"cards_obtained":["Doubt"]},{"cards_removed":["Doubt"],"damage_healed":0,"gold_gain":0,"player_choice":"Forget","damage_taken":0,"max_hp_gain":0,"max_hp_loss":0,"event_name":"Living Wall","floor":4,"gold_loss":0},{"damage_healed":0,"gold_gain":0,"player_choice":"Opened","damage_taken":0,"relics_obtained":["Ornamental Fan"],"max_hp_gain":0,"max_hp_loss":0,"event_name":"The Mausoleum","floor":22,"gold_loss":0}],"is_beta":false,"boss_relics":[{"not_picked":["Orrery","Cursed Key"],"picked":"Lizard Tail"}],"items_purged_floors":[],"is_endless":false,"potions_floor_spawned":[7,8,18,20],"killed_by":"Gremlin Leader","ascension_level":7}