{"gold_per_floor":[211,161,161,179,193,193,523,299,299,311,327,327,337,357,357,452,452,465,465,452,15,32,32,61,61,61,74,35,35],"floor_reached":29,"playtime":1236,"items_purged":["Strike_R","Pain"],"score":296,"play_id":"8adf92f7-ad55-474c-9590-187934bf1ae9","local_time":"20190130192510","is_ascension_mode":true,"campfire_choices":[{"data":"Bash","floor":6,"key":"SMITH"},{"data":"Twin Strike","floor":12,"key":"SMITH"},{"floor":15,"key":"REST"},{"floor":23,"key":"REST"}],"neow_cost":"NONE","seed_source_timestamp":1730179041012604,"circlet_count":0,"master_deck":["Strike_R","Strike_R","Strike_R","Defend_R","Defend_R","Defend_R","Defend_R","Bash+1","Thunderclap","Twin Strike+1","Anger","Seeing Red","Armaments","Immolate","Decay","Pain","Shockwave+1","Body Slam+1","Rupture","Reaper","Double Tap+1","Combust","Fiend Fire","Sentinel+1","Sentinel+1"],"relics":["Burning Blood","Old Coin","Regal Pillow","Calling Bell","Juzu Bracelet","Toxic Egg 2","StoneCalendar","Pocketwatch","Molten Egg 2"],"potions_floor_usage":[7,20,20],"damage_taken":[{"damage":0,"enemies":"2 Louse","floor":1,"turns":3},{"damage":6,"enemies":"Jaw Worm","floor":4,"turns":5},{"damage":6,"enemies":"Cultist","floor":5,"turns":3},{"damage":41,"enemies":"Lagavulin","floor":7,"turns":7},{"damage":20,"enemies":"Gremlin Gang","floor":10,"turns":4},{"damage":10,"enemies":"Large Slime","floor":11,"turns":4},{"damage":0,"enemies":"3 Louse","floor":13,"turns":2},{"damage":0,"enemies":"Exordium Wildlife","floor":14,"turns":2},{"damage":73,"enemies":"Hexaghost","floor":16,"turns":12},{"damage":56,"enemies":"3 Byrds","floor":18,"turns":6},{"damage":26,"enemies":"2 Thieves","floor":20,"turns":4},{"damage":34,"enemies":"Centurion and Healer","floor":22,"turns":5},{"damage":70,"enemies":"Slavers","floor":24,"turns":7},{"damage":19,"enemies":"Shelled Parasite and Fungi","floor":27,"turns":2},{"damage":12,"enemies":"Snake Plant","floor":29,"turns":1}],"seed_played":"5642638392159517581","potions_obtained":[{"floor":3,"key":"FairyPotion"},{"floor":3,"key":"Energy Potion"},{"floor":3,"key":"Weak Potion"},{"floor":10,"key":"BloodPotion"},{"floor":18,"key":"Block Potion"},{"floor":22,"key":"LiquidBronze"},{"floor":27,"key":"Strength Potion"}],"is_trial":false,"path_per_floor":["M","?","?","M","M","R","E","$","T","M","M","R","M","M","R","B",null,"M","?","M","$","M","R","E","?","T","M","$","M"],"character_chosen":"IRONCLAD","items_purchased":["Regal Pillow","Rupture","Reaper","Double Tap+1","Sentinel+1"],"campfire_rested":2,"item_purchase_floors":[8,21,21,21,28],"current_hp_per_floor":[80,80,80,80,80,80,45,45,45,31,27,27,33,39,78,11,80,30,56,44,44,16,55,15,15,15,10,10,0],"gold":35,"neow_bonus":"HUNDRED_GOLD","is_prod":false,"is_daily":false,"chose_seed":false,"campfire_upgraded":2,"win_rate":0,"timestamp":1548843910,"path_taken":["M","?","?","M","?","R","E","$","T","M","M","R","M","?","R","BOSS","M","?","M","$","M","R","E","?","T","M","$","M"],"build_version":"2019-01-23","purchased_purges":2,"victory":false,"max_hp_per_floor":[80,80,80,80,80,80,80,80,80,80,80,80,80,80,80,80,80,80,80,80,80,80,80,80,80,80,80,80,80],"card_choices":[{"not_picked":["Ghostly Armor","Power Through"],"picked":"Thunderclap","floor":1},{"not_picked":["Blood for Blood","Clash","Perfected Strike"],"picked":"SKIP","floor":4},{"not_picked":["Infernal Blade","Power Through"],"picked":"Twin Strike","floor":5},{"not_picked":["Power Through","Iron Wave"],"picked":"Anger","floor":7},{"not_picked":["Intimidate","Warcry"],"picked":"Seeing Red","floor":10},{"not_picked":["Power Through","Clothesline","Flex"],"picked":"SKIP","floor":11},{"not_picked":["Clothesline","Anger","Clash"],"picked":"SKIP","floor":13},{"not_picked":["Pommel Strike","Feel No Pain"],"picked":"Armaments","floor":14},{"not_picked":["Limit Break","Impervious"],"picked":"Immolate","floor":16},{"not_picked":["Wild Strike","Sword Boomerang"],"picked":"Shockwave+1","floor":18},{"not_picked":["Sentinel+1","Anger"],"picked":"Body Slam+1","floor":20},{"not_picked":["Sword Boomerang","Anger"],"picked":"Combust","floor":22},{"not_picked":["Rampage","Wild Strike+1"],"picked":"Fiend Fire","floor":24},{"not_picked":["Fire Breathing","Sword Boomerang+1"],"picked":"Sentinel+1","floor":27}],"player_experience":740291,"relics_obtained":[{"floor":7,"key":"Old Coin"},{"floor":17,"key":"Juzu Bracelet"},{"floor":17,"key":"Toxic Egg 2"},{"floor":17,"key":"StoneCalendar"},{"floor":24,"key":"Pocketwatch"},{"floor":26,"key":"Molten Egg 2"}],"event_choices":[{"cards_removed":["Strike_R"],"damage_healed":0,"gold_gain":0,"player_choice":"Card Removal","damage_taken":0,"max_hp_gain":0,"max_hp_loss":0,"event_name":"The Cleric","floor":2,"gold_loss":50},{"damage_healed":0,"gold_gain":0,"player_choice":"Got Potions","damage_taken":0,"max_hp_gain":0,"max_hp_loss":0,"event_name":"Lab","floor":3,"gold_loss":0},{"damage_healed":26,"gold_gain":0,"player_choice":"Heal","damage_taken":0,"max_hp_gain":0,"max_hp_loss":0,"event_name":"The Library","floor":19,"gold_loss":0},{"damage_healed":0,"gold_gain":0,"player_choice":"Ignored","damage_taken":0,"max_hp_gain":0,"max_hp_loss":0,"event_name":"Cursed Tome","floor":25,"gold_loss":0}],"is_beta":false,"boss_relics":[{"not_picked":["White Beast Statue","Lizard Tail"],"picked":"Calling Bell"}],"items_purged_floors":[8,21],"is_endless":false,"potions_floor_spawned":[4,10,14,16,18,22,27],"killed_by":"Snake Plant","ascension_level":4}