{"gold_per_floor":[117,117,117,137,157,191,191,226,226,67,86,86,101,101,101,101],"floor_reached":16,"playtime":529,"items_purged":["Strike_B"],"score":220,"play_id":"85ba52a5-e259-40ca-8107-3a2e22c9da3f","local_time":"20190106212552","is_ascension_mode":true,"campfire_choices":[{"data":"Zap","floor":7,"key":"SMITH"},{"floor":12,"key":"REST"},{"data":"Loop","floor":15,"key":"SMITH"}],"neow_cost":"NONE","seed_source_timestamp":70311868771106,"circlet_count":0,"master_deck":["AscendersBane","Strike_B","Strike_B","Strike_B","Defend_B","Defend_B","Defend_B","Defend_B","Zap+1","Dualcast","Reinforced Body","Cold Snap","Doom and Gloom","Loop+1","Capacitor","Parasite"],"relics":["Cracked Core","NeowsBlessing","Art of War","Letter Opener","Singing Bowl","Ancient Tea Set"],"potions_floor_usage":[8,16,16],"damage_taken":[{"damage":0,"enemies":"Jaw Worm","floor":1,"turns":1},{"damage":0,"enemies":"Small Slimes","floor":4,"turns":1},{"damage":0,"enemies":"Cultist","floor":5,"turns":1},{"damage":20,"enemies":"3 Sentries","floor":6,"turns":8},{"damage":22,"enemies":"Gremlin Nob","floor":8,"turns":5},{"damage":10,"enemies":"Large Slime","floor":11,"turns":4},{"damage":1,"enemies":"Looter","floor":13,"turns":2},{"damage":63,"enemies":"Slime Boss","floor":16,"turns":8}],"seed_played":"479558681456490761","potions_obtained":[{"floor":6,"key":"SpeedPotion"},{"floor":11,"key":"SkillPotion"},{"floor":13,"key":"Strength Potion"}],"is_trial":false,"path_per_floor":["M","?","?","M","M","E","R","E","T","$","M","R","M","?","R","B"],"character_chosen":"DEFECT","items_purchased":["Capacitor"],"campfire_rested":1,"item_purchase_floors":[10],"current_hp_per_floor":[64,64,64,64,64,44,44,24,24,24,16,38,39,58,58,0],"gold":101,"neow_bonus":"THREE_ENEMY_KILL","is_prod":false,"is_daily":false,"chose_seed":false,"campfire_upgraded":2,"win_rate":0,"timestamp":1546770352,"path_taken":["M","?","?","M","?","E","R","E","T","$","M","R","M","?","R","BOSS"],"build_version":"2018-11-15","purchased_purges":1,"victory":false,"max_hp_per_floor":[71,71,71,71,71,71,71,73,73,73,75,75,77,77,77,77],"card_choices":[{"not_picked":["Streamline","Leap"],"picked":"Reinforced Body","floor":1},{"not_picked":["Rip and Tear","Steam"],"picked":"Cold Snap","floor":4},{"not_picked":["Auto Shields","Coolheaded"],"picked":"Doom and Gloom","floor":5},{"not_picked":["Steam","Gash"],"picked":"Loop","floor":6},{"not_picked":["Capacitor","Redo","Scrape"],"picked":"Singing Bowl","floor":8},{"not_picked":["Recycle","Rip and Tear","Gash"],"picked":"Singing Bowl","floor":11},{"not_picked":["Rebound","White Noise","Beam Cell"],"picked":"Singing Bowl","floor":13}],"player_experience":1000099,"relics_obtained":[{"floor":6,"key":"Letter Opener"},{"floor":8,"key":"Singing Bowl"},{"floor":9,"key":"Ancient Tea Set"}],"event_choices":[{"damage_healed":0,"gold_gain":0,"player_choice":"Box","damage_taken":0,"relics_obtained":["Art of War"],"max_hp_gain":0,"max_hp_loss":0,"event_name":"Big Fish","floor":2,"gold_loss":0,"cards_obtained":["Regret"]},{"cards_removed":["Regret"],"damage_healed":0,"gold_gain":0,"player_choice":"Purged","damage_taken":0,"max_hp_gain":0,"max_hp_loss":0,"event_name":"Purifier","floor":3,"gold_loss":0},{"damage_healed":19,"gold_gain":0,"player_choice":"Healed and dodged fight","damage_taken":0,"max_hp_gain":0,"max_hp_loss":0,"event_name":"Mushrooms","floor":14,"gold_loss":0,"cards_obtained":["Parasite"]}],"is_beta":true,"boss_relics":[],"items_purged_floors":[10],"is_endless":false,"potions_floor_spawned":[6,11,13],"killed_by":"Slime Boss","ascension_level":20}