{"gold_per_floor":[109,127,145,165,165,165,199,199,199,214,214],"floor_reached":11,"playtime":429,"items_purged":[],"score":75,"play_id":"2695618a-845e-4eb0-b0d1-c6ec802e28b0","local_time":"20181112221900","is_ascension_mode":false,"campfire_choices":[{"data":"White Noise","floor":6,"key":"SMITH"},{"data":"Loop","floor":8,"key":"SMITH"}],"neow_cost":"NONE","seed_source_timestamp":151752997954813,"circlet_count":0,"master_deck":["Strike_B","Strike_B","Strike_B","Strike_B","Defend_B","Defend_B","Defend_B","Defend_B","Zap","Dualcast","White Noise+1","Coolheaded","Loop+1","Go for the Eyes"],"relics":["Cracked Core","NeowsBlessing","Darkstone Periapt","Emotion Chip","Dead Branch"],"potions_floor_usage":[10],"damage_taken":[{"damage":0,"enemies":"Small Slimes","floor":1,"turns":1},{"damage":0,"enemies":"Cultist","floor":2,"turns":1},{"damage":0,"enemies":"Jaw Worm","floor":3,"turns":1},{"damage":16,"enemies":"Large Slime","floor":4,"turns":6},{"damage":31,"enemies":"Gremlin Nob","floor":7,"turns":4},{"damage":16,"enemies":"Exordium Wildlife","floor":10,"turns":2},{"damage":0,"enemies":"3 Sentries","floor":11,"turns":2}],"seed_played":"-9202146486088752701","potions_obtained":[{"floor":1,"key":"PowerPotion"},{"floor":7,"key":"PowerPotion"},{"floor":10,"key":"FearPotion"}],"is_trial":false,"path_per_floor":["M","M","M","M","?","R","E","R","T","M","E"],"character_chosen":"DEFECT","items_purchased":[],"campfire_rested":0,"item_purchase_floors":[],"current_hp_per_floor":[75,75,75,59,59,59,28,28,28,12,12],"gold":214,"neow_bonus":"THREE_ENEMY_KILL","is_prod":false,"is_daily":false,"chose_seed":false,"campfire_upgraded":2,"win_rate":0,"timestamp":1542021540,"path_taken":["M","M","M","M","?","R","E","R","T","?","E"],"build_version":"2018-11-06","purchased_purges":0,"victory":false,"max_hp_per_floor":[75,75,75,75,75,75,75,75,75,75,75],"card_choices":[{"not_picked":["Blizzard","Barrage"],"picked":"White Noise","floor":1},{"not_picked":["Conserve Battery","Force Field"],"picked":"Coolheaded","floor":2},{"not_picked":["Rebound","Turbo"],"picked":"Loop","floor":3},{"not_picked":["Coolheaded","Hello World","Barrage"],"picked":"SKIP","floor":4},{"not_picked":["Fusion","Hyperbeam"],"picked":"Go for the Eyes","floor":7},{"not_picked":["Rebound","Static Discharge","Barrage"],"picked":"SKIP","floor":10}],"player_experience":773793,"relics_obtained":[{"floor":7,"key":"Emotion Chip"},{"floor":9,"key":"Dead Branch"}],"event_choices":[{"damage_healed":0,"gold_gain":0,"player_choice":"Gave Potion","damage_taken":0,"relics_obtained":["Darkstone Periapt"],"max_hp_gain":0,"max_hp_loss":0,"event_name":"WeMeetAgain","floor":5,"gold_loss":0}],"is_beta":true,"boss_relics":[],"items_purged_floors":[],"is_endless":false,"potions_floor_spawned":[1,7,10],"killed_by":"3 Sentries","ascension_level":0}