{"gold_per_floor":[116,291,307,44,64,94,169,197,221,14,14,14,14,35,35,164,164,185,185,208,208,108,148,161,161],"floor_reached":25,"playtime":1318,"items_purged":["Doubt","Strike_B"],"score":240,"play_id":"5c28deee-97e0-4b05-bfd3-1c293a539290","local_time":"20190115140953","is_ascension_mode":true,"campfire_choices":[{"data":"Jack Of All Trades","floor":11,"key":"SMITH"},{"floor":13,"key":"REST"},{"data":"The Bomb","floor":15,"key":"SMITH"}],"neow_cost":"NONE","seed_source_timestamp":14793214652371,"circlet_count":0,"master_deck":["Defend_B","Defend_B","Defend_B","Defend_B","Zap","Dualcast","Coolheaded","Tempest","The Bomb+1","Undo","Conserve Battery","Jack Of All Trades+1","Self Repair","Fission+1","Reinforced Body+1","Stack+1","Multi-Cast+1"],"relics":["Cracked Core","Happy Flower","Bag of Marbles","Bag of Preparation","Vajra","Golden Idol","Astrolabe","Unceasing Top"],"potions_floor_usage":[16,16,16,23,23],"damage_taken":[{"damage":1,"enemies":"2 Louse","floor":1,"turns":3},{"damage":3,"enemies":"Small Slimes","floor":3,"turns":4},{"damage":6,"enemies":"Jaw Worm","floor":5,"turns":2},{"damage":16,"enemies":"Gremlin Nob","floor":6,"turns":3},{"damage":16,"enemies":"Lagavulin","floor":8,"turns":6},{"damage":0,"enemies":"Looter","floor":14,"turns":4},{"damage":11,"enemies":"The Guardian","floor":16,"turns":12},{"damage":8,"enemies":"Shell Parasite","floor":18,"turns":11},{"damage":12,"enemies":"Spheric Guardian","floor":20,"turns":8},{"damage":20,"enemies":"Slavers","floor":23,"turns":3},{"damage":5,"enemies":"Cultist and Chosen","floor":24,"turns":5},{"damage":67,"enemies":"Gremlin Leader","floor":25,"turns":7}],"seed_played":"-7808487430846886041","potions_obtained":[{"floor":1,"key":"Dexterity Potion"},{"floor":5,"key":"SpeedPotion"},{"floor":6,"key":"Strength Potion"},{"floor":14,"key":"Explosive Potion"},{"floor":16,"key":"LiquidBronze"},{"floor":20,"key":"AttackPotion"}],"is_trial":false,"path_per_floor":["M","?","M","$","M","E","?","E","T","$","R","?","R","M","R","B",null,"M","?","M","?","$","E","M","E"],"character_chosen":"DEFECT","items_purchased":["The Bomb","Conserve Battery","Jack Of All Trades","Self Repair"],"campfire_rested":1,"item_purchase_floors":[4,10,10,10],"current_hp_per_floor":[74,74,71,71,65,49,38,22,22,22,22,4,26,33,33,29,75,74,74,69,69,69,56,58,0],"gold":161,"neow_bonus":"RANDOM_COMMON_RELIC","is_prod":false,"is_daily":false,"chose_seed":false,"campfire_upgraded":2,"win_rate":0,"timestamp":1547521793,"path_taken":["M","?","M","$","M","E","?","E","T","?","R","?","R","M","R","BOSS","M","?","?","?","$","E","M","E"],"build_version":"2018-11-15","purchased_purges":2,"victory":false,"max_hp_per_floor":[75,75,75,75,75,75,75,75,75,75,75,75,75,75,75,75,75,75,75,75,75,75,75,75,75],"card_choices":[{"not_picked":["Fusion","Conserve Battery"],"picked":"Coolheaded","floor":1},{"not_picked":["Redo","Barrage"],"picked":"Tempest","floor":3},{"not_picked":["Turbo","Lockon","Gash"],"picked":"SKIP","floor":5},{"not_picked":["Turbo","Coolheaded","Stack"],"picked":"SKIP","floor":6},{"not_picked":["Core Surge","Coolheaded"],"picked":"Undo","floor":8},{"not_picked":["Hologram","Steam","Streamline"],"picked":"SKIP","floor":14},{"not_picked":["Rainbow","Biased Cognition"],"picked":"Fission","floor":16},{"not_picked":["Capacitor+1","Steam+1","Static Discharge"],"picked":"SKIP","floor":18},{"not_picked":["Ball Lightning","Steam Power","Steam"],"picked":"SKIP","floor":20},{"not_picked":["Streamline","Redo","Sweeping Beam"],"picked":"SKIP","floor":23},{"not_picked":["Gash","Redo","Rebound+1"],"picked":"SKIP","floor":24}],"player_experience":1090492,"relics_obtained":[{"floor":6,"key":"Bag of Marbles"},{"floor":8,"key":"Bag of Preparation"},{"floor":9,"key":"Vajra"},{"floor":23,"key":"Unceasing Top"}],"event_choices":[{"damage_healed":0,"gold_gain":175,"player_choice":"AGREE","damage_taken":0,"max_hp_gain":0,"max_hp_loss":0,"event_name":"Liars Game","floor":2,"gold_loss":0,"cards_obtained":["Doubt"]},{"damage_healed":0,"gold_gain":75,"player_choice":"Gather Gold","damage_taken":11,"max_hp_gain":0,"max_hp_loss":0,"event_name":"World of Goop","floor":7,"gold_loss":0},{"damage_healed":0,"gold_gain":0,"player_choice":"Take Damage","damage_taken":18,"relics_obtained":["Golden Idol"],"max_hp_gain":0,"max_hp_loss":0,"event_name":"Golden Idol","floor":12,"gold_loss":0},{"damage_healed":0,"gold_gain":0,"player_choice":"Forge","damage_taken":0,"max_hp_gain":0,"max_hp_loss":0,"event_name":"Accursed Blacksmith","floor":19,"gold_loss":0,"cards_upgraded":["Fission"]},{"damage_healed":0,"gold_gain":0,"player_choice":"Ignored","damage_taken":0,"max_hp_gain":0,"max_hp_loss":0,"event_name":"Ghosts","floor":21,"gold_loss":0}],"is_beta":true,"boss_relics":[{"not_picked":["Inserter","Runic Dome"],"picked":"Astrolabe"}],"items_purged_floors":[4,22],"is_endless":false,"potions_floor_spawned":[1,5,6,14,16,20],"killed_by":"Gremlin Leader","ascension_level":1}