{"path_per_floor":["M","M","?","$","?","R","E","R","T","R","$","?","M","M","R","B",null,"M","?","M","M","?","E","$"],"character_chosen":"DEFECT","items_purchased":["Singing Bowl"],"gold_per_floor":[113,126,126,51,51,51,81,81,81,81,81,31,45,55,55,154,154,173,173,185,199,199,233,90,90],"floor_reached":25,"campfire_rested":0,"playtime":684,"item_purchase_floors":[24],"current_hp_per_floor":[75,75,72,72,72,72,72,72,72,72,72,72,72,63,63,19,75,59,59,35,16,16,16,16,0],"items_purged":["Strike_B"],"gold":90,"score":294,"play_id":"d3e2aae9-211b-462b-a191-00b8b8848e9f","local_time":"20180603232614","is_prod":false,"is_daily":false,"chose_seed":false,"is_ascension_mode":false,"campfire_upgraded":2,"win_rate":0.0,"timestamp":1528032374,"campfire_choices":[{"data":"Zap","floor":6,"key":"SMITH"},{"data":"Dualcast","floor":8,"key":"SMITH"},{"data":"Strike_B","floor":10,"key":"PURGE"},{"data":"Strike_B","floor":15,"key":"PURGE"}],"path_taken":["M","M","?","$","?","R","E","R","T","R","?","?","?","M","R","BOSS","M","?","?","M","?","E","$","E"],"build_version":"2018-05-31","seed_source_timestamp":40919391150355,"purchased_purges":1,"victory":false,"master_deck":["Defend_B","Defend_B","Defend_B","Defend_B","Zap+1","Dualcast+1","Loop+1","White Noise","Recycle","Amplify","Barrage","Loop+1","Redo+1","Ghostly","Ghostly","Ghostly","Ghostly","Ghostly","Capacitor"],"max_hp_per_floor":[75,75,75,75,75,75,75,75,75,75,75,75,75,75,75,75,75,75,75,75,75,37,37,37,37],"relics":["Cracked Core","NeowsBlessing","Orichalcum","Matryoshka","Shuriken","Peace Pipe","Philosopher\u0027s Stone","Ancient Tea Set","Singing Bowl"],"card_choices":[{"not_picked":["Skim","Streamline"],"picked":"Loop","floor":1},{"not_picked":["Coolheaded","Chaos","Go for the Eyes"],"picked":"SKIP","floor":2},{"not_picked":["Hologram","Steam","Sweeping Beam"],"picked":"SKIP","floor":7},{"not_picked":["Beam Cell","Stack"],"picked":"White Noise","floor":13},{"not_picked":["Rebound","All For One"],"picked":"Recycle","floor":14},{"not_picked":["Biased Cognition","All For One"],"picked":"Amplify","floor":16},{"not_picked":["Turbo+1","Go for the Eyes"],"picked":"Barrage","floor":18},{"not_picked":["Tempest+1","Recycle"],"picked":"Redo+1","floor":20},{"not_picked":["Turbo","FTL","Lockon+1"],"picked":"SKIP","floor":21},{"not_picked":["Static Discharge","Go for the Eyes"],"picked":"Capacitor","floor":23}],"player_experience":304839,"potions_floor_usage":[23,25,25],"damage_taken":[{"damage":0,"enemies":"Jaw Worm","floor":1,"turns":1},{"damage":0,"enemies":"2 Louse","floor":2,"turns":1},{"damage":0,"enemies":"Gremlin Nob","floor":7,"turns":1},{"damage":0,"enemies":"Cultist","floor":13,"turns":3},{"damage":9,"enemies":"Blue Slaver","floor":14,"turns":3},{"damage":44,"enemies":"The Guardian","floor":16,"turns":14},{"damage":16,"enemies":"Shell Parasite","floor":18,"turns":6},{"damage":24,"enemies":"Spheric Guardian","floor":20,"turns":5},{"damage":19,"enemies":"Snecko","floor":21,"turns":5},{"damage":0,"enemies":"Book of Stabbing","floor":23,"turns":6},{"damage":19,"enemies":"Gremlin Leader","floor":25,"turns":7}],"relics_obtained":[{"floor":7,"key":"Matryoshka"},{"floor":9,"key":"Shuriken"},{"floor":9,"key":"Peace Pipe"},{"floor":23,"key":"Ancient Tea Set"}],"event_choices":[{"event_name":"Scrap Ooze","player_choice":"success","floor":3,"damage_taken":3},{"event_name":"Living Wall","player_choice":"Grow","floor":5,"damage_taken":0},{"event_name":"The Cleric","player_choice":"Card Removal","floor":12,"damage_taken":0},{"event_name":"Duplicator","player_choice":"One dupe","floor":19,"damage_taken":0},{"event_name":"Ghosts","player_choice":"Became a Ghost","floor":22,"damage_taken":0}],"boss_relics":[{"not_picked":["Snecko Eye","White Beast Statue"],"picked":"Philosopher\u0027s Stone"}],"items_purged_floors":[4],"potions_floor_spawned":[1,14,23],"seed_played":"-6611292387749156924","killed_by":"Gremlin Leader","ascension_level":0,"potions_obtained":[{"floor":1,"key":"GamblersBrew"},{"floor":14,"key":"Block Potion"},{"floor":23,"key":"Weak Potion"}],"is_trial":false}