{"gold_per_floor":[111,127,137,154,154,154,154,154,201,17,44,57,57,69,69,144,144,155,155,155,173,183,183,183],"floor_reached":24,"playtime":1037,"items_purged":[],"score":310,"play_id":"6d3bd268-cf41-4b0e-9eeb-c8ab7fe8da64","local_time":"20181026102452","is_ascension_mode":true,"campfire_choices":[{"data":"Zap","floor":6,"key":"SMITH"},{"data":"Hologram","floor":8,"key":"SMITH"},{"floor":15,"key":"REST"},{"floor":23,"key":"REST"}],"neow_cost":"NONE","seed_source_timestamp":1441736496019839,"circlet_count":0,"master_deck":["Strike_B","Strike_B","Strike_B","Strike_B","Defend_B","Defend_B+1","Defend_B","Defend_B+1","Zap+1","Dualcast","AscendersBane","Go for the Eyes","Hologram+1","Streamline+1","Defragment","Gash","Defragment","Coolheaded","Ball Lightning","Buffer","Cold Snap"],"relics":["Cracked Core","War Paint","Art of War","Juzu Bracelet","Odd Mushroom","Strawberry","Busted Crown","Enchiridion"],"potions_floor_usage":[10],"damage_taken":[{"damage":5,"enemies":"Small Slimes","floor":1,"turns":4},{"damage":1,"enemies":"2 Louse","floor":2,"turns":4},{"damage":1,"enemies":"Jaw Worm","floor":3,"turns":4},{"damage":1,"enemies":"2 Fungi Beasts","floor":4,"turns":3},{"damage":28,"enemies":"The Mushroom Lair","floor":11,"turns":4},{"damage":5,"enemies":"3 Louse","floor":12,"turns":2},{"damage":6,"enemies":"Lots of Slimes","floor":14,"turns":4},{"damage":30,"enemies":"The Guardian","floor":16,"turns":10},{"damage":0,"enemies":"Chosen","floor":18,"turns":4},{"damage":46,"enemies":"Colosseum Slavers","floor":19,"turns":5},{"damage":8,"enemies":"Shell Parasite","floor":21,"turns":5},{"damage":0,"enemies":"Snecko","floor":22,"turns":6},{"damage":32,"enemies":"Snake Plant","floor":24,"turns":4}],"seed_played":"497665842227071455","potions_obtained":[{"floor":1,"key":"SpeedPotion"},{"floor":4,"key":"Fruit Juice"}],"is_trial":false,"path_per_floor":["M","M","M","M","?","R","?","R","T","$","?","M","T","M","R","B",null,"M","?","?","M","M","R"],"character_chosen":"DEFECT","items_purchased":["Defragment","Gash","Strength Potion"],"campfire_rested":2,"item_purchase_floors":[10,10,10],"current_hp_per_floor":[63,62,61,60,60,60,57,57,57,62,34,29,36,30,56,26,72,72,26,10,2,2,28,0],"gold":183,"neow_bonus":"RANDOM_COMMON_RELIC","is_prod":false,"is_daily":false,"chose_seed":false,"campfire_upgraded":2,"win_rate":0,"timestamp":1540574692,"path_taken":["M","M","M","M","?","R","?","R","T","$","?","M","?","M","R","BOSS","M","?","?","M","M","R","M"],"build_version":"2018-10-25v2","purchased_purges":0,"victory":false,"max_hp_per_floor":[75,75,75,75,75,75,75,75,75,80,80,80,87,87,87,87,87,87,87,87,87,87,87,87],"card_choices":[{"not_picked":["Scrape","Lockon"],"picked":"Go for the Eyes","floor":1},{"not_picked":["Redo","Go for the Eyes"],"picked":"Hologram","floor":2},{"not_picked":["Stack","Melter"],"picked":"Streamline","floor":3},{"not_picked":["Reinforced Body","Leap","Lockon"],"picked":"SKIP","floor":4},{"not_picked":["Go for the Eyes","Chill"],"picked":"Defragment","floor":11},{"not_picked":["Conserve Battery","Go for the Eyes"],"picked":"Coolheaded","floor":12},{"not_picked":["Go for the Eyes","Biased Cognition"],"picked":"Ball Lightning","floor":14},{"not_picked":["Multi-Cast","Amplify"],"picked":"Buffer","floor":16},{"not_picked":["Recycle"],"picked":"SKIP","floor":18},{"not_picked":[],"picked":"Cold Snap","floor":21},{"not_picked":["Recycle"],"picked":"SKIP","floor":22}],"player_experience":1213563,"relics_obtained":[{"floor":9,"key":"Juzu Bracelet"},{"floor":11,"key":"Odd Mushroom"},{"floor":13,"key":"Strawberry"},{"floor":20,"key":"Enchiridion"}],"event_choices":[{"damage_healed":0,"gold_gain":0,"player_choice":"Grow","damage_taken":0,"max_hp_gain":0,"max_hp_loss":0,"event_name":"Living Wall","floor":5,"gold_loss":0,"cards_upgraded":["Streamline"]},{"damage_healed":0,"gold_gain":0,"player_choice":"Success","damage_taken":3,"relics_obtained":["Art of War"],"max_hp_gain":0,"max_hp_loss":0,"event_name":"Scrap Ooze","floor":7,"gold_loss":0},{"damage_healed":0,"gold_gain":0,"player_choice":"Fought Mushrooms","damage_taken":0,"max_hp_gain":0,"max_hp_loss":0,"event_name":"Mushrooms","floor":11,"gold_loss":0},{"damage_healed":0,"gold_gain":0,"player_choice":"Fight","damage_taken":0,"max_hp_gain":0,"max_hp_loss":0,"event_name":"Colosseum","floor":19,"gold_loss":0},{"damage_healed":0,"gold_gain":0,"player_choice":"Fled From Nobs","damage_taken":0,"max_hp_gain":0,"max_hp_loss":0,"event_name":"Colosseum","floor":19,"gold_loss":0},{"damage_healed":0,"gold_gain":0,"player_choice":"Obtained Book","damage_taken":16,"max_hp_gain":0,"max_hp_loss":0,"event_name":"Cursed Tome","floor":20,"gold_loss":0}],"is_beta":false,"boss_relics":[{"not_picked":["Calling Bell","Nuclear Battery"],"picked":"Busted Crown"}],"items_purged_floors":[],"is_endless":false,"potions_floor_spawned":[1,4,14,16,21],"killed_by":"Snake Plant","ascension_level":13}