{"gold_per_floor":[114,134,134,1,1,35,35,35,60,84,115,115],"floor_reached":12,"playtime":654,"items_purged":[],"score":146,"play_id":"fc3d93e0-1e43-4a1d-bc41-1de8e602e512","local_time":"20190206031243","is_ascension_mode":true,"campfire_choices":[{"data":"Defragment","floor":7,"key":"SMITH"}],"neow_cost":"NONE","seed_source_timestamp":792959451056237,"circlet_count":0,"master_deck":["AscendersBane","Strike_B","Strike_B","Strike_B","Strike_B","Defend_B","Defend_B","Defend_B","Defend_B","Zap","Dualcast","Echo Form","Gash","Steam","Scrape","Defragment+1","Gash","Beam Cell"],"relics":["Cracked Core","Golden Idol","Potion Belt","Turnip","Smiling Mask","Frozen Egg 2"],"potions_floor_usage":[4,11],"damage_taken":[{"damage":8,"enemies":"Jaw Worm","floor":1,"turns":4},{"damage":6,"enemies":"Cultist","floor":2,"turns":4},{"damage":14,"enemies":"Lagavulin","floor":6,"turns":7},{"damage":4,"enemies":"Small Slimes","floor":10,"turns":3},{"damage":30,"enemies":"3 Sentries","floor":11,"turns":7},{"damage":9,"enemies":"2 Fungi Beasts","floor":12,"turns":2}],"seed_played":"-3333088853496393216","potions_obtained":[{"floor":1,"key":"LiquidBronze"}],"is_trial":false,"path_per_floor":["M","M","?","$","?","E","R","$","T","M","E","M"],"character_chosen":"DEFECT","items_purchased":["Fruit Juice","Scrape"],"campfire_rested":0,"item_purchase_floors":[4,4],"current_hp_per_floor":[56,50,50,55,52,38,38,38,38,34,4,0],"gold":115,"neow_bonus":"ONE_RANDOM_RARE_CARD","is_prod":false,"is_daily":false,"chose_seed":false,"campfire_upgraded":1,"win_rate":0,"timestamp":1549440763,"path_taken":["M","M","?","$","?","E","R","?","T","M","E","M"],"build_version":"2019-01-23","purchased_purges":0,"victory":false,"max_hp_per_floor":[71,71,66,71,71,71,71,71,71,71,71,71],"card_choices":[{"not_picked":["Doom and Gloom","Cold Snap"],"picked":"Gash","floor":1},{"not_picked":["Barrage","Melter"],"picked":"Steam","floor":2},{"not_picked":["Blizzard","Steam"],"picked":"Defragment","floor":6},{"not_picked":["Go for the Eyes","Streamline"],"picked":"Gash","floor":10},{"not_picked":["Rebound","Heatsinks"],"picked":"Beam Cell","floor":11}],"player_experience":720576,"relics_obtained":[{"floor":6,"key":"Turnip"},{"floor":9,"key":"Smiling Mask"},{"floor":11,"key":"Frozen Egg 2"}],"event_choices":[{"damage_healed":0,"gold_gain":0,"player_choice":"Lose Max HP","damage_taken":0,"relics_obtained":["Golden Idol"],"max_hp_gain":0,"max_hp_loss":5,"event_name":"Golden Idol","floor":3,"gold_loss":0},{"damage_healed":0,"gold_gain":0,"player_choice":"Success","damage_taken":3,"relics_obtained":["Potion Belt"],"max_hp_gain":0,"max_hp_loss":0,"event_name":"Scrap Ooze","floor":5,"gold_loss":0}],"is_beta":false,"boss_relics":[],"items_purged_floors":[],"is_endless":false,"potions_floor_spawned":[1],"killed_by":"2 Fungi Beasts","ascension_level":14}