{"gold_per_floor":[114,2,13,13,13,13,46,46,46,60,124,153,169,76,76,153,153,170,170,60,74,74,74,109,139,165,165,176,176,201,201,201,201],"floor_reached":33,"playtime":1473,"items_purged":[],"score":597,"play_id":"cc39299a-efd9-403e-af15-a982b0701622","local_time":"20181221091331","is_ascension_mode":true,"campfire_choices":[{"data":"Zap","floor":6,"key":"SMITH"},{"data":"Hologram","floor":8,"key":"SMITH"},{"data":"Defragment","floor":15,"key":"SMITH"},{"data":"Buffer","floor":23,"key":"SMITH"},{"data":"Biased Cognition","floor":27,"key":"SMITH"},{"floor":29,"key":"REST"},{"data":"Ball Lightning","floor":32,"key":"SMITH"}],"neow_cost":"NONE","seed_source_timestamp":3376311494563,"circlet_count":0,"master_deck":["AscendersBane","Strike_B+1","Defend_B+1","Defend_B+1","Defend_B+1","Defend_B+1","Zap+1","Dualcast","Hologram+1","Genetic Algorithm+1","Ball Lightning+1","Rebound","Ball Lightning","Conserve Battery","Reinforced Body","FTL","Defragment+1","Hologram","Buffer+1","Cold Snap","Cold Snap","Go for the Eyes","Biased Cognition+1","Hologram+1"],"relics":["Cracked Core","NeowsBlessing","Orichalcum","Kunai","Bottled Flame","Meat on the Bone","Empty Cage","Red Mask","Torii","Ancient Tea Set","Toxic Egg 2"],"potions_floor_usage":[12,24,33],"damage_taken":[{"damage":0,"enemies":"2 Louse","floor":1,"turns":1},{"damage":0,"enemies":"Small Slimes","floor":3,"turns":1},{"damage":0,"enemies":"3 Sentries","floor":7,"turns":1},{"damage":0,"enemies":"Cultist","floor":10,"turns":3},{"damage":5,"enemies":"3 Sentries","floor":11,"turns":5},{"damage":2,"enemies":"Gremlin Nob","floor":12,"turns":3},{"damage":19,"enemies":"3 Louse","floor":13,"turns":3},{"damage":12,"enemies":"Hexaghost","floor":16,"turns":10},{"damage":1,"enemies":"Spheric Guardian","floor":18,"turns":4},{"damage":0,"enemies":"Shell Parasite","floor":21,"turns":5},{"damage":16,"enemies":"Masked Bandits","floor":24,"turns":6},{"damage":32,"enemies":"Slavers","floor":25,"turns":9},{"damage":6,"enemies":"Snake Plant","floor":28,"turns":4},{"damage":17,"enemies":"Gremlin Leader","floor":30,"turns":7},{"damage":56,"enemies":"Automaton","floor":33,"turns":12}],"seed_played":"4830164005967447072","potions_obtained":[{"floor":3,"key":"FearPotion"},{"floor":10,"key":"Poison Potion"},{"floor":12,"key":"SkillPotion"},{"floor":13,"key":"Block Potion"},{"floor":30,"key":"GamblersBrew"}],"is_trial":false,"path_per_floor":["M","$","M","?","$","R","E","R","T","M","?","E","M","$","R","B",null,"M","?","?","M","?","R","?","E","T","R","M","R","E","?","R","B"],"character_chosen":"DEFECT","items_purchased":["Genetic Algorithm","Ball Lightning","Defragment","Hologram"],"campfire_rested":1,"item_purchase_floors":[2,2,14,14],"current_hp_per_floor":[64,64,64,69,69,69,69,69,69,69,64,62,43,43,43,43,68,67,67,67,67,67,67,51,31,31,31,37,59,42,42,42,0],"gold":201,"neow_bonus":"THREE_ENEMY_KILL","is_prod":false,"is_daily":false,"chose_seed":false,"campfire_upgraded":6,"win_rate":0,"timestamp":1545412411,"path_taken":["M","$","M","?","$","R","E","R","T","M","?","E","M","$","R","BOSS","M","?","?","?","?","R","?","E","T","R","M","R","E","?","R","BOSS"],"build_version":"2018-12-20","purchased_purges":0,"victory":false,"max_hp_per_floor":[71,71,71,76,76,76,76,76,76,76,76,76,76,76,76,76,76,76,76,76,76,76,76,76,76,76,76,76,76,76,76,76,76],"card_choices":[{"not_picked":["Compile Driver","Gash"],"picked":"Hologram","floor":1},{"not_picked":["Storm","Go for the Eyes"],"picked":"Rebound","floor":3},{"not_picked":["Go for the Eyes","BootSequence"],"picked":"Ball Lightning","floor":7},{"not_picked":["Stack","Cold Snap"],"picked":"Conserve Battery","floor":10},{"not_picked":["Turbo","Static Discharge"],"picked":"Reinforced Body","floor":11},{"not_picked":["Chill","Force Field"],"picked":"FTL","floor":12},{"not_picked":["Amplify","Double Energy","Turbo"],"picked":"SKIP","floor":13},{"not_picked":["Machine Learning","Thunder Strike"],"picked":"Buffer","floor":16},{"not_picked":["Redo","Ball Lightning+1"],"picked":"Cold Snap","floor":18},{"not_picked":["Doom and Gloom","Genetic Algorithm+1"],"picked":"Cold Snap","floor":21},{"not_picked":["Beam Cell","Barrage"],"picked":"Go for the Eyes","floor":24},{"not_picked":["Go for the Eyes","Undo"],"picked":"Biased Cognition","floor":25},{"not_picked":["Hologram","Compile Driver","Heatsinks"],"picked":"SKIP","floor":28},{"not_picked":["Skim","Gash+1"],"picked":"Hologram","floor":30}],"player_experience":1597031,"relics_obtained":[{"floor":7,"key":"Orichalcum"},{"floor":9,"key":"Kunai"},{"floor":11,"key":"Bottled Flame"},{"floor":12,"key":"Meat on the Bone"},{"floor":24,"key":"Red Mask"},{"floor":25,"key":"Torii"},{"floor":26,"key":"Ancient Tea Set"},{"floor":30,"key":"Toxic Egg 2"}],"event_choices":[{"damage_healed":0,"gold_gain":0,"player_choice":"Donut","damage_taken":0,"max_hp_gain":5,"max_hp_loss":0,"event_name":"Big Fish","floor":4,"gold_loss":0},{"damage_healed":0,"gold_gain":0,"player_choice":"Searched \u00271\u0027 times","damage_taken":0,"max_hp_gain":0,"max_hp_loss":0,"event_name":"Dead Adventurer","floor":11,"gold_loss":0},{"damage_healed":0,"gold_gain":0,"player_choice":"Ignored","damage_taken":0,"max_hp_gain":0,"max_hp_loss":0,"event_name":"Vampires","floor":19,"gold_loss":0},{"cards_removed":["Strike_B"],"damage_healed":0,"gold_gain":0,"player_choice":"Upgrade and Remove","damage_taken":0,"max_hp_gain":0,"max_hp_loss":0,"event_name":"Designer","floor":20,"gold_loss":110,"cards_upgraded":["Genetic Algorithm"]},{"damage_healed":0,"gold_gain":0,"player_choice":"Ignored","damage_taken":0,"max_hp_gain":0,"max_hp_loss":0,"event_name":"Ghosts","floor":22,"gold_loss":0},{"damage_healed":0,"gold_gain":0,"player_choice":"Fought Bandits","damage_taken":0,"max_hp_gain":0,"max_hp_loss":0,"event_name":"Masked Bandits","floor":24,"gold_loss":0},{"damage_healed":0,"gold_gain":0,"player_choice":"Simplicity","damage_taken":0,"max_hp_gain":0,"max_hp_loss":0,"event_name":"Back to Basics","floor":31,"gold_loss":0,"cards_upgraded":["Strike_B","Defend_B","Defend_B","Defend_B","Defend_B"]}],"is_beta":false,"boss_relics":[{"not_picked":["Runic Dome","Sozu"],"picked":"Empty Cage"}],"items_purged_floors":[],"is_endless":false,"potions_floor_spawned":[3,10,12,13,30],"killed_by":"Automaton","ascension_level":18}