{"gold_per_floor":[117,117,135,135,60,60,77,77,77,77,104,104,104],"floor_reached":13,"playtime":297,"items_purged":[],"score":103,"play_id":"1690bae1-e889-43bf-b354-909512fb7a98","local_time":"20190111141543","is_ascension_mode":true,"campfire_choices":[{"data":"Hologram","floor":6,"key":"SMITH"},{"data":"Zap","floor":8,"key":"SMITH"},{"data":"Lockon","floor":10,"key":"SMITH"},{"data":"Sweeping Beam","floor":12,"key":"SMITH"}],"neow_cost":"NONE","seed_source_timestamp":65705140180064,"circlet_count":0,"master_deck":["Strike_B","Strike_B","Strike_B","Strike_B","Defend_B+1","Defend_B+1","Defend_B","Defend_B","Zap+1","Dualcast","Hologram+1","Sweeping Beam+1","Storm","Lockon+1"],"relics":["Cracked Core","Blood Vial","Bag of Marbles","Bottled Lightning","Anchor"],"potions_floor_usage":[],"damage_taken":[{"damage":1,"enemies":"2 Louse","floor":1,"turns":3},{"damage":4,"enemies":"Jaw Worm","floor":3,"turns":3},{"damage":0,"enemies":"Small Slimes","floor":7,"turns":3},{"damage":51,"enemies":"Lagavulin","floor":13,"turns":5}],"seed_played":"2978147446372094319","potions_obtained":[{"floor":3,"key":"EssenceOfSteel"}],"is_trial":false,"path_per_floor":["M","?","M","?","$","R","M","R","T","R","T","R","E"],"character_chosen":"DEFECT","items_purchased":["Storm"],"campfire_rested":0,"item_purchase_floors":[5],"current_hp_per_floor":[69,54,52,34,34,34,36,36,36,36,36,36,0],"gold":104,"neow_bonus":"RANDOM_COMMON_RELIC","is_prod":false,"is_daily":false,"chose_seed":false,"campfire_upgraded":4,"win_rate":0,"timestamp":1547237743,"path_taken":["M","?","M","?","$","R","M","R","T","R","?","R","E"],"build_version":"2019-01-10","purchased_purges":0,"victory":false,"max_hp_per_floor":[75,75,75,75,75,75,75,75,75,75,75,75,75],"card_choices":[{"not_picked":["Redo","Blizzard"],"picked":"Hologram","floor":1},{"not_picked":["Steam","Turbo"],"picked":"Sweeping Beam","floor":3},{"not_picked":["Gash","Tempest"],"picked":"Lockon","floor":7}],"player_experience":429542,"relics_obtained":[{"floor":9,"key":"Bottled Lightning"},{"floor":11,"key":"Anchor"}],"event_choices":[{"damage_healed":0,"gold_gain":0,"player_choice":"Entered Light","damage_taken":15,"max_hp_gain":0,"max_hp_loss":0,"event_name":"Shining Light","floor":2,"gold_loss":0,"cards_upgraded":["Defend_B","Defend_B"]},{"damage_healed":0,"gold_gain":0,"player_choice":"Success","damage_taken":18,"relics_obtained":["Bag of Marbles"],"max_hp_gain":0,"max_hp_loss":0,"event_name":"Scrap Ooze","floor":4,"gold_loss":0}],"is_beta":false,"boss_relics":[],"items_purged_floors":[],"is_endless":false,"potions_floor_spawned":[3],"killed_by":"Lagavulin","ascension_level":9}