{"path_per_floor":["M","M","M","?","M","M","M","?","T","$","M","$","E","M","R","B",null,"M","M","?","M","$","E","$"],"character_chosen":"IRONCLAD","items_purchased":["Secret Weapon","Dramatic Entrance","Good Instincts","Disarm","Feel No Pain"],"gold_per_floor":[114,129,144,144,159,174,189,224,299,110,125,24,354,369,369,469,469,484,499,499,514,340,370,332],"floor_reached":25,"campfire_rested":1,"playtime":769,"current_hp_per_floor":[80,74,80,86,86,84,84,86,86,86,86,86,81,81,86,52,86,57,57,40,36,36,16,16],"items_purged":[],"gold":332,"score":304,"play_id":"a3d98977-2004-4a44-8685-5b3d6c6c5fc0","local_time":"20180318031051","daily_mods":["Allstar","Cursed Run","Hoarder"],"is_prod":false,"is_daily":true,"is_ascension_mode":false,"campfire_upgraded":0,"timestamp":1521306651,"path_taken":["M","M","M","?","M","M","M","?","T","?","M","$","E","M","R","BOSS","M","M","?","M","$","E","?","E"],"build_version":"2018-03-15v2","purchased_purges":0,"victory":false,"master_deck":["Strike_R","Strike_R","Strike_R","Strike_R","Strike_R","Defend_R","Defend_R","Defend_R","Defend_R","Bash","Bandage Up","Bandage Up","Bandage Up","Secret Weapon","Secret Weapon","Secret Weapon","Thunderclap","Thunderclap","Thunderclap","Seeing Red","Seeing Red","Seeing Red","Pommel Strike","Pommel Strike","Pommel Strike","Regret","Regret","Regret","Cleave","Cleave","Cleave","Heavy Blade","Heavy Blade","Heavy Blade","Bludgeon","Bludgeon","Bludgeon","Twin Strike","Twin Strike","Twin Strike","Secret Weapon","Secret Weapon","Secret Weapon","Corruption","Corruption","Corruption","Dramatic Entrance","Dramatic Entrance","Dramatic Entrance","True Grit","True Grit","True Grit","Shrug It Off","Shrug It Off","Shrug It Off","Demon Form","Demon Form","Demon Form","Spot Weakness","Spot Weakness","Spot Weakness","Rage","Rage","Rage","Thunderclap+1","Thunderclap","Thunderclap","Good Instincts","Good Instincts","Good Instincts","Disarm","Disarm","Disarm","Berserk","Berserk","Berserk","Feel No Pain","Feel No Pain","Feel No Pain"],"max_hp_per_floor":[80,80,80,86,86,86,86,86,86,86,86,86,86,86,86,86,86,86,86,91,91,91,91,91],"relics":["Cursed Key","Darkstone Periapt","Du-Vu Doll","Omamori","Ancient Tea Set","Meat on the Bone","Old Coin","Mark of Pain","Bottled Tornado"],"card_choices":[{"not_picked":["Havoc","Bloodletting"],"picked":"Thunderclap"},{"not_picked":["Uppercut","Headbutt"],"picked":"Seeing Red"},{"not_picked":["Thunderclap","Fire Breathing"],"picked":"Pommel Strike"},{"not_picked":["Sever Soul","Anger"],"picked":"Cleave"},{"not_picked":["Bloodletting","Flex"],"picked":"Heavy Blade"},{"not_picked":["Havoc","Body Slam"],"picked":"Bludgeon"},{"not_picked":["Thunderclap","Iron Wave"],"picked":"Twin Strike"},{"not_picked":["Iron Wave","Sword Boomerang"],"picked":"Corruption"},{"not_picked":["Blood for Blood","Searing Blow"],"picked":"True Grit"},{"not_picked":["Combust","Body Slam"],"picked":"Shrug It Off"},{"not_picked":["Bludgeon","Reaper"],"picked":"Demon Form"},{"not_picked":["Cleave","Clothesline"],"picked":"Spot Weakness"},{"not_picked":["True Grit","Clash"],"picked":"Rage"},{"not_picked":["Havoc","Clothesline"],"picked":"Thunderclap"},{"not_picked":["Sentinel","Twin Strike"],"picked":"Berserk"}],"player_experience":263035,"potions_floor_usage":[8,23,23,25],"damage_taken":[{"damage":0,"enemies":"2 Louse","floor":1,"turns":2},{"damage":6,"enemies":"Jaw Worm","floor":2,"turns":3},{"damage":0,"enemies":"Small Slimes","floor":3,"turns":3},{"damage":0,"enemies":"2 Fungi Beasts","floor":5,"turns":1},{"damage":2,"enemies":"Large Slime","floor":6,"turns":3},{"damage":0,"enemies":"Exordium Wildlife","floor":7,"turns":1},{"damage":0,"enemies":"Lagavulin Event","floor":8,"turns":2},{"damage":0,"enemies":"Looter","floor":11,"turns":1},{"damage":5,"enemies":"Gremlin Nob","floor":13,"turns":3},{"damage":0,"enemies":"Blue Slaver","floor":14,"turns":1},{"damage":34,"enemies":"The Guardian","floor":16,"turns":5},{"damage":29,"enemies":"Shell Parasite","floor":18,"turns":4},{"damage":0,"enemies":"Spheric Guardian","floor":19,"turns":1},{"damage":16,"enemies":"Snake Plant","floor":21,"turns":2},{"damage":36,"enemies":"Gremlin Leader","floor":23,"turns":7},{"damage":19,"enemies":"Slavers","floor":25,"turns":1}],"event_choices":[{"event_name":"Big Fish","player_choice":"Box","floor":4,"damage_taken":0},{"event_name":"Dead Adventurer","player_choice":"Searched \u00271\u0027 times","floor":8,"damage_taken":0},{"event_name":"Forgotten Altar","player_choice":"Shed Blood","floor":20,"damage_taken":0}],"boss_relics":[{"not_picked":["Velvet Choker","Runic Dome"],"picked":"Mark of Pain"}],"potions_floor_spawned":[2,5,6,8,8,14,18,21],"seed_played":"8809221095910533381","killed_by":"Slavers","ascension_level":0,"is_trial":false}