{"gold_per_floor":[119,136,136,101,117,117,135,166,166,166,179,179,179],"floor_reached":13,"playtime":439,"items_purged":[],"score":170,"play_id":"5b6b979a-ec23-4add-9335-a2b055b68c92","local_time":"20190107135329","is_ascension_mode":true,"campfire_choices":[{"data":"Dualcast","floor":6,"key":"SMITH"},{"data":"Capacitor","floor":12,"key":"SMITH"}],"neow_cost":"NONE","seed_source_timestamp":10744232325239,"circlet_count":0,"master_deck":["AscendersBane","Strike_B","Strike_B","Strike_B","Strike_B","Defend_B","Defend_B","Defend_B+1","Defend_B","Zap+1","Dualcast+1","Defragment+1","Self Repair","Capacitor+1","Self Repair"],"relics":["Cracked Core","Blue Candle","Pantograph"],"potions_floor_usage":[7,7,8],"damage_taken":[{"damage":2,"enemies":"Jaw Worm","floor":1,"turns":3},{"damage":7,"enemies":"Small Slimes","floor":2,"turns":3},{"damage":0,"enemies":"Cultist","floor":5,"turns":3},{"damage":27,"enemies":"Gremlin Gang","floor":7,"turns":6},{"damage":17,"enemies":"Lagavulin","floor":8,"turns":5},{"damage":22,"enemies":"Lots of Slimes","floor":11,"turns":4},{"damage":17,"enemies":"3 Sentries","floor":13,"turns":3}],"seed_played":"-2262945922296180591","potions_obtained":[{"floor":1,"key":"Fire Potion"},{"floor":5,"key":"Regen Potion"},{"floor":7,"key":"AttackPotion"}],"is_trial":false,"path_per_floor":["M","M","?","?","M","R","M","E","T","?","M","R","E"],"character_chosen":"DEFECT","items_purchased":[],"campfire_rested":0,"item_purchase_floors":[],"current_hp_per_floor":[62,55,34,51,51,51,46,36,36,36,21,21,4],"gold":179,"neow_bonus":"UPGRADE_CARD","is_prod":false,"is_daily":false,"chose_seed":false,"campfire_upgraded":2,"win_rate":0,"timestamp":1546829609,"path_taken":["M","M","?","?","M","R","M","E","T","?","M","R","E"],"build_version":"2018-11-15","purchased_purges":0,"victory":false,"max_hp_per_floor":[71,71,71,71,71,71,71,71,71,71,71,71,71],"card_choices":[{"not_picked":["Loop","Streamline"],"picked":"Defragment","floor":1},{"not_picked":["Leap","Rebound","Reprogram"],"picked":"SKIP","floor":2},{"not_picked":["Compile Driver","Gash"],"picked":"Self Repair","floor":5},{"not_picked":["Compile Driver","Gash","Rebound"],"picked":"SKIP","floor":7},{"not_picked":["Tempest","Hologram"],"picked":"Capacitor","floor":8},{"not_picked":["Ball Lightning","Turbo"],"picked":"Self Repair","floor":11}],"player_experience":1013768,"relics_obtained":[{"floor":8,"key":"Blue Candle"},{"floor":9,"key":"Pantograph"}],"event_choices":[{"damage_healed":0,"gold_gain":0,"player_choice":"Entered Light","damage_taken":21,"max_hp_gain":0,"max_hp_loss":0,"event_name":"Shining Light","floor":3,"gold_loss":0,"cards_upgraded":["Defend_B","Defragment"]},{"damage_healed":17,"gold_gain":0,"player_choice":"Healed","damage_taken":0,"max_hp_gain":0,"max_hp_loss":0,"event_name":"The Cleric","floor":4,"gold_loss":35},{"damage_healed":0,"gold_gain":0,"player_choice":"0 cards matched","damage_taken":0,"max_hp_gain":0,"max_hp_loss":0,"event_name":"Match and Keep!","floor":10,"gold_loss":0,"cards_obtained":[]}],"is_beta":true,"boss_relics":[],"items_purged_floors":[],"is_endless":false,"potions_floor_spawned":[1,5,7],"killed_by":"3 Sentries","ascension_level":20}