{"gold_per_floor":[117,130,150,6,16,16,27,27,79,113,113,141,141,141,141,237,287,307,577,103,117,117,117],"floor_reached":23,"playtime":1592,"items_purged":["Strike_B"],"score":249,"play_id":"1c08336b-54bb-47c4-a8bf-800d0fc6fc8b","local_time":"20180730011041","is_ascension_mode":true,"campfire_choices":[{"data":"Rainbow","floor":6,"key":"SMITH"},{"data":"Zap","floor":8,"key":"SMITH"},{"data":"Dualcast","floor":13,"key":"SMITH"},{"floor":15,"key":"REST"}],"neow_cost":"NONE","seed_source_timestamp":9036710457098,"circlet_count":0,"master_deck":["Strike_B","Strike_B","Strike_B","Defend_B+1","Defend_B","Defend_B","Defend_B","Zap+1","Dualcast+1","Rainbow+1","Cold Snap","Compile Driver+1","Rainbow+1","Compile Driver","Gash+1","Magnetism","Chill","Darkness+1","Writhe"],"relics":["Cracked Core","Centennial Puzzle","Shuriken","Bag of Marbles","Tiny House","Orichalcum","Potion Belt"],"potions_floor_usage":[7,12,16,23],"damage_taken":[{"damage":0,"enemies":"Cultist","floor":1,"turns":3},{"damage":8,"enemies":"Small Slimes","floor":2,"turns":4},{"damage":8,"enemies":"Jaw Worm","floor":3,"turns":3},{"damage":7,"enemies":"Looter","floor":5,"turns":3},{"damage":0,"enemies":"Large Slime","floor":7,"turns":4},{"damage":16,"enemies":"Lagavulin","floor":10,"turns":4},{"damage":1,"enemies":"Gremlin Nob","floor":12,"turns":3},{"damage":29,"enemies":"Hexaghost","floor":16,"turns":7},{"damage":11,"enemies":"3 Byrds","floor":18,"turns":4},{"damage":2,"enemies":"Chosen","floor":21,"turns":3},{"damage":32,"enemies":"Book of Stabbing","floor":23,"turns":3}],"seed_played":"-2441581975667021707","potions_obtained":[{"floor":2,"key":"Swift Potion"},{"floor":3,"key":"Explosive Potion"},{"floor":10,"key":"Strength Potion"},{"floor":17,"key":"AttackPotion"}],"is_trial":false,"path_per_floor":["M","M","M","$","M","R","M","R","T","E","?","E","R","?","R","B",null,"M","?","$","M","?"],"character_chosen":"DEFECT","items_purchased":["Rainbow","Magnetism","Chill","Orichalcum"],"campfire_rested":1,"item_purchase_floors":[4,20,20,20],"current_hp_per_floor":[75,67,59,59,52,52,52,52,52,36,41,40,40,24,48,19,70,59,27,27,25,25,0],"gold":117,"neow_bonus":"ONE_RANDOM_RARE_CARD","is_prod":false,"is_daily":false,"chose_seed":false,"campfire_upgraded":3,"win_rate":0,"timestamp":1532877041,"path_taken":["M","M","?","$","M","R","M","R","T","E","?","E","R","?","R","BOSS","M","?","$","M","?","E"],"build_version":"2018-07-26","purchased_purges":1,"victory":false,"max_hp_per_floor":[75,75,75,75,75,75,75,75,75,75,80,80,80,80,80,80,85,85,85,85,85,85,85],"card_choices":[{"not_picked":["Storm","Scrape"],"picked":"Cold Snap","floor":1},{"not_picked":["Gash","Rip and Tear","Consume"],"picked":"SKIP","floor":2},{"not_picked":["Beam Cell","Streamline"],"picked":"Compile Driver","floor":3},{"not_picked":["Rebound","Coolheaded","Streamline"],"picked":"SKIP","floor":5},{"not_picked":["Hologram","Sunder","Reprogram"],"picked":"SKIP","floor":7},{"not_picked":["Rainbow","Ball Lightning"],"picked":"Compile Driver","floor":10},{"not_picked":["Turbo","Sweeping Beam","Auto Shields"],"picked":"SKIP","floor":12},{"not_picked":["Steam","Turbo"],"picked":"Gash+1","floor":18},{"not_picked":["Compile Driver","Streamline"],"picked":"Darkness+1","floor":21}],"player_experience":555829,"relics_obtained":[{"floor":9,"key":"Centennial Puzzle"},{"floor":10,"key":"Shuriken"},{"floor":12,"key":"Bag of Marbles"}],"event_choices":[{"event_name":"Big Fish","player_choice":"Donut","floor":11,"damage_taken":0},{"event_name":"Shining Light","player_choice":"Entered Light","floor":14,"damage_taken":0},{"event_name":"Knowing Skull","player_choice":"GOLD GOLD GOLD ","floor":19,"damage_taken":0},{"event_name":"The Mausoleum","player_choice":"Yes","floor":22,"damage_taken":0}],"is_beta":false,"boss_relics":[{"not_picked":["Orrery","Runic Dome"],"picked":"Tiny House"}],"items_purged_floors":[20],"is_endless":false,"potions_floor_spawned":[2,3,10],"killed_by":"Book of Stabbing","ascension_level":5}