{"gold_per_floor":[115,166,184,184,134,134,168,178,208,208,222,25,58,70,70,166,166,179,179,190,190,13,47,47,76,130,162,180,193,193,205,205,307,307,321,374,674,412,432,466,466,494,494,494,507,261,261,278,278,278],"floor_reached":51,"playtime":2405,"items_purged":["Strike_B","Barrage"],"score":963,"play_id":"96963685-ff83-4550-bc06-c75f97242124","local_time":"20190108122417","is_ascension_mode":true,"campfire_choices":[{"data":"Tempest","floor":6,"key":"SMITH"},{"data":"Multi-Cast","floor":10,"key":"SMITH"},{"data":"Transmutation","floor":15,"key":"SMITH"},{"data":"Apotheosis","floor":24,"key":"SMITH"},{"data":"Coolheaded","floor":32,"key":"SMITH"},{"floor":41,"key":"REST"},{"floor":44,"key":"REST"},{"floor":47,"key":"REST"},{"floor":49,"key":"REST"}],"neow_cost":"NONE","seed_source_timestamp":57042946722445,"circlet_count":0,"master_deck":["Defend_B","Defend_B","Defend_B","Defend_B","Zap+1","Dualcast","Tempest+1","Conserve Battery","Multi-Cast+1","Transmutation+1","Electrodynamics","Conserve Battery","Coolheaded+1","Apotheosis+1","Turbo+1","Buffer","Secret Technique","Echo Form","Reinforced Body+1","Fusion+1","Rainbow","Loop","Echo Form","Force Field"],"relics":["Cracked Core","NeowsBlessing","Omamori","Singing Bowl","Tiny Chest","Emotion Chip","Sozu","Dream Catcher","Pantograph","Bag of Marbles","Calipers","Fusion Hammer","Torii","Pear","Shuriken","Orichalcum"],"potions_floor_usage":[13,20,25,27],"damage_taken":[{"damage":0,"enemies":"Cultist","floor":1,"turns":1},{"damage":0,"enemies":"2 Louse","floor":3,"turns":1},{"damage":0,"enemies":"3 Sentries","floor":7,"turns":1},{"damage":1,"enemies":"Jaw Worm","floor":8,"turns":3},{"damage":0,"enemies":"Looter","floor":11,"turns":3},{"damage":16,"enemies":"Gremlin Nob","floor":13,"turns":3},{"damage":0,"enemies":"2 Fungi Beasts","floor":14,"turns":3},{"damage":35,"enemies":"Slime Boss","floor":16,"turns":6},{"damage":5,"enemies":"Chosen","floor":18,"turns":3},{"damage":0,"enemies":"3 Byrds","floor":20,"turns":2},{"damage":16,"enemies":"Book of Stabbing","floor":23,"turns":5},{"damage":24,"enemies":"Slavers","floor":25,"turns":2},{"damage":5,"enemies":"Book of Stabbing","floor":27,"turns":3},{"damage":1,"enemies":"Cultist and Chosen","floor":28,"turns":4},{"damage":0,"enemies":"Snake Plant","floor":29,"turns":4},{"damage":0,"enemies":"Centurion and Healer","floor":31,"turns":3},{"damage":40,"enemies":"Automaton","floor":33,"turns":10},{"damage":0,"enemies":"3 Darklings","floor":35,"turns":2},{"damage":61,"enemies":"2 Orb Walkers","floor":36,"turns":6},{"damage":0,"enemies":"3 Shapes","floor":39,"turns":2},{"damage":0,"enemies":"Nemesis","floor":40,"turns":12},{"damage":35,"enemies":"Giant Head","floor":42,"turns":10},{"damage":0,"enemies":"Sphere and 2 Shapes","floor":45,"turns":4},{"damage":14,"enemies":"Spire Growth","floor":48,"turns":6},{"damage":35,"enemies":"Awakened One","floor":50,"turns":12}],"seed_played":"130999703415597530","potions_obtained":[{"floor":1,"key":"Regen Potion"},{"floor":11,"key":"LiquidBronze"},{"floor":13,"key":"Strength Potion"},{"floor":14,"key":"Swift Potion"},{"floor":16,"key":"PowerPotion"}],"is_trial":false,"path_per_floor":["M","T","M","?","?","R","E","M","T","R","M","$","E","M","R","B",null,"M","?","M","?","$","E","R","E","T","E","M","M","?","M","R","B",null,"M","?","?","$","M","E","R","E","T","R","M","$","R","M","R","B",null],"character_chosen":"DEFECT","items_purchased":["Transmutation","Apotheosis","Secret Technique","Rainbow"],"campfire_rested":4,"item_purchase_floors":[12,22,38,46],"current_hp_per_floor":[75,75,75,75,75,75,75,76,76,76,78,78,65,67,67,32,83,78,78,80,80,80,66,66,42,42,39,40,42,42,44,44,29,95,97,38,38,38,38,48,82,47,47,82,84,84,115,101,115,80],"gold":278,"neow_bonus":"THREE_ENEMY_KILL","is_prod":false,"is_daily":false,"chose_seed":false,"campfire_upgraded":5,"win_rate":0,"timestamp":1546910657,"path_taken":["M","?","?","?","?","R","E","M","T","R","?","$","E","M","R","BOSS","M","?","M","?","$","E","R","E","T","E","M","M","?","M","R","BOSS","M","?","?","$","?","E","R","E","T","R","M","$","R","M","R","BOSS"],"build_version":"2018-11-15","purchased_purges":2,"victory":true,"max_hp_per_floor":[75,75,75,75,75,75,75,77,77,77,79,79,81,83,83,83,83,83,83,85,85,85,87,87,87,87,89,91,93,93,95,95,95,95,97,99,99,99,99,109,111,111,111,113,115,115,115,115,115,115],"card_choices":[{"not_picked":["Force Field","Barrage"],"picked":"Tempest","floor":1},{"not_picked":["Streamline","Sweeping Beam"],"picked":"Conserve Battery","floor":3},{"not_picked":["Thunder Strike","Reprogram"],"picked":"Multi-Cast","floor":7},{"not_picked":["Auto Shields","Melter","Recycle"],"picked":"Singing Bowl","floor":8},{"not_picked":["Heatsinks","Go for the Eyes","Barrage"],"picked":"Singing Bowl","floor":11},{"not_picked":["Turbo","Steam","Sweeping Beam"],"picked":"Singing Bowl","floor":13},{"not_picked":["Steam","Streamline","Redo"],"picked":"Singing Bowl","floor":14},{"not_picked":["Hyperbeam","Machine Learning"],"picked":"Electrodynamics","floor":16},{"not_picked":["Go for the Eyes+1","Compile Driver"],"picked":"Conserve Battery","floor":18},{"not_picked":["Beam Cell","Coolheaded","Barrage+1"],"picked":"Singing Bowl","floor":20},{"not_picked":["Steam Power+1","Cold Snap+1","Rebound"],"picked":"Singing Bowl","floor":23},{"not_picked":["Capacitor","BootSequence"],"picked":"Turbo+1","floor":25},{"not_picked":["Capacitor","Steam","Auto Shields"],"picked":"Singing Bowl","floor":27},{"not_picked":["Redo","Leap","Steam"],"picked":"Singing Bowl","floor":28},{"not_picked":["White Noise","Doom and Gloom","Reprogram+1"],"picked":"Singing Bowl","floor":29},{"not_picked":["Ball Lightning","Stack","Aggregate"],"picked":"Singing Bowl","floor":31},{"not_picked":["Reboot","All For One"],"picked":"Buffer","floor":33},{"not_picked":["Stack","Streamline","Gash+1"],"picked":"Singing Bowl","floor":35},{"not_picked":["Coolheaded","Beam Cell","Auto Shields"],"picked":"Singing Bowl","floor":36},{"not_picked":["Aggregate+1","Stack+1"],"picked":"Echo Form","floor":39},{"not_picked":["Rip and Tear+1","Ball Lightning+1"],"picked":"Reinforced Body+1","floor":40},{"not_picked":["Streamline","Stack+1","Redo+1"],"picked":"Singing Bowl","floor":41},{"not_picked":["Rebound","Glacier"],"picked":"Fusion+1","floor":42},{"not_picked":["Sunder+1","Hologram","Go for the Eyes"],"picked":"Singing Bowl","floor":44},{"not_picked":["Skim+1","Rip and Tear","Hello World+1"],"picked":"Singing Bowl","floor":45},{"not_picked":["Heatsinks","Lockon"],"picked":"Loop","floor":47},{"not_picked":["Doom and Gloom","Reprogram+1"],"picked":"Echo Form","floor":48},{"not_picked":["Heatsinks+1","Cold Snap+1"],"picked":"Force Field","floor":49}],"player_experience":1035299,"relics_obtained":[{"floor":2,"key":"Omamori"},{"floor":7,"key":"Singing Bowl"},{"floor":9,"key":"Tiny Chest"},{"floor":13,"key":"Emotion Chip"},{"floor":23,"key":"Dream Catcher"},{"floor":25,"key":"Pantograph"},{"floor":26,"key":"Bag of Marbles"},{"floor":27,"key":"Calipers"},{"floor":36,"key":"Torii"},{"floor":40,"key":"Pear"},{"floor":42,"key":"Shuriken"},{"floor":43,"key":"Orichalcum"}],"event_choices":[{"damage_healed":0,"gold_gain":0,"player_choice":"Grow","damage_taken":0,"max_hp_gain":0,"max_hp_loss":0,"event_name":"Living Wall","floor":4,"gold_loss":0,"cards_upgraded":["Zap"]},{"cards_removed":["Strike_B"],"damage_healed":0,"gold_gain":0,"player_choice":"Card Removal","damage_taken":0,"max_hp_gain":0,"max_hp_loss":0,"event_name":"The Cleric","floor":5,"gold_loss":50},{"damage_healed":0,"gold_gain":0,"cards_transformed":["Strike_B","Strike_B"],"player_choice":"Became Test Subject","damage_taken":0,"max_hp_gain":0,"max_hp_loss":0,"event_name":"Drug Dealer","floor":19,"gold_loss":0,"cards_obtained":["Barrage","Coolheaded"]},{"damage_healed":0,"gold_gain":0,"player_choice":"Ignored","damage_taken":0,"max_hp_gain":0,"max_hp_loss":0,"event_name":"Ghosts","floor":21,"gold_loss":0},{"damage_healed":0,"gold_gain":0,"player_choice":"Ignored","damage_taken":0,"max_hp_gain":0,"max_hp_loss":0,"event_name":"Cursed Tome","floor":30,"gold_loss":0},{"damage_healed":0,"gold_gain":0,"player_choice":"Fight","damage_taken":0,"max_hp_gain":0,"max_hp_loss":0,"event_name":"Mysterious Sphere","floor":36,"gold_loss":0},{"damage_healed":0,"gold_gain":300,"player_choice":"Gold","damage_taken":0,"max_hp_gain":0,"max_hp_loss":0,"event_name":"Wheel of Change","floor":37,"gold_loss":0}],"is_beta":true,"boss_relics":[{"not_picked":["Astrolabe","Tiny House"],"picked":"Sozu"},{"not_picked":["FrozenCore","Inserter"],"picked":"Fusion Hammer"}],"items_purged_floors":[38,46],"is_endless":false,"potions_floor_spawned":[1,11,13,14,16,18,25,28,33,36,45,48],"ascension_level":1}