{"gold_per_floor":[217,70,82,82,157,183,200,200,253,265,290,302,69,108,108,234,234,277,18,18,61,61,61,165,165,165,215,215,268,75,115,115,237,237,248,248,248,47,109,164,164,208,208,173,240,266,118,175,175,200],"floor_reached":51,"playtime":2347,"items_purged":["Regret","Strike_B","Strike_B+1","Defend_B+1","Defend_B+1"],"score":1081,"play_id":"fc3d5281-b603-4000-9989-23f69ab40fd0","local_time":"20190202201830","is_ascension_mode":true,"campfire_choices":[{"data":"Zap","floor":8,"key":"SMITH"},{"data":"Coolheaded","floor":10,"key":"SMITH"},{"data":"Dualcast","floor":12,"key":"SMITH"},{"data":"HandOfGreed","floor":15,"key":"SMITH"},{"data":"Glacier","floor":23,"key":"SMITH"},{"data":"Electrodynamics","floor":28,"key":"SMITH"},{"data":"Consume","floor":32,"key":"SMITH"},{"data":"Echo Form","floor":41,"key":"SMITH"},{"data":"Loop","floor":49,"key":"SMITH"}],"neow_cost":"NONE","seed_source_timestamp":410762426955412,"circlet_count":0,"master_deck":["Defend_B+1","Defend_B+1","Zap+1","Dualcast+1","Coolheaded+1","Consume+1","Ball Lightning","HandOfGreed+1","Glacier+1","Electrodynamics+1","Chill+1","Echo Form+1","Blind+1","Thinking Ahead+1","Loop+1","Capacitor","Enlightenment"],"relics":["Cracked Core","Blood Vial","Smiling Mask","Mango","MawBank","Sozu","DollysMirror","PreservedInsect","Bag of Marbles","Matryoshka","Art of War","Centennial Puzzle","Bronze Scales","Empty Cage","War Paint","Boot","Omamori","Ornamental Fan","Girya","Mummified Hand"],"potions_floor_usage":[16,29],"damage_taken":[{"damage":1,"enemies":"Cultist","floor":1,"turns":3},{"damage":0,"enemies":"Small Slimes","floor":3,"turns":2},{"damage":25,"enemies":"Lagavulin","floor":6,"turns":10},{"damage":10,"enemies":"Jaw Worm","floor":7,"turns":3},{"damage":5,"enemies":"Looter","floor":11,"turns":3},{"damage":0,"enemies":"2 Fungi Beasts","floor":14,"turns":2},{"damage":28,"enemies":"Slime Boss","floor":16,"turns":12},{"damage":1,"enemies":"Spheric Guardian","floor":18,"turns":4},{"damage":8,"enemies":"3 Byrds","floor":21,"turns":4},{"damage":29,"enemies":"Slavers","floor":24,"turns":6},{"damage":1,"enemies":"Gremlin Leader","floor":27,"turns":5},{"damage":7,"enemies":"Book of Stabbing","floor":29,"turns":4},{"damage":4,"enemies":"3 Cultists","floor":31,"turns":3},{"damage":17,"enemies":"Collector","floor":33,"turns":9},{"damage":7,"enemies":"3 Darklings","floor":35,"turns":5},{"damage":6,"enemies":"3 Shapes","floor":39,"turns":3},{"damage":0,"enemies":"Reptomancer","floor":40,"turns":4},{"damage":0,"enemies":"Writhing Mass","floor":42,"turns":7},{"damage":5,"enemies":"Sphere and 2 Shapes","floor":45,"turns":5},{"damage":0,"enemies":"Giant Head","floor":46,"turns":8},{"damage":4,"enemies":"Reptomancer","floor":48,"turns":6},{"damage":0,"enemies":"Awakened One","floor":50,"turns":14}],"seed_played":"3443322903494310018","potions_obtained":[{"floor":1,"key":"LiquidBronze"},{"floor":3,"key":"FairyPotion"},{"floor":6,"key":"Fire Potion"},{"floor":14,"key":"Fruit Juice"}],"is_trial":false,"path_per_floor":["M","$","M","?","?","E","M","R","T","R","M","R","$","M","R","B",null,"M","$","?","M","?","R","E","?","T","E","R","E","$","M","R","B",null,"M","?","?","$","M","E","R","M","T","$","M","E","$","E","R","B",null],"character_chosen":"DEFECT","items_purchased":["Blood Vial","HandOfGreed","Glacier","DollysMirror","Bronze Scales","War Paint","Capacitor","Enlightenment"],"campfire_rested":0,"item_purchase_floors":[2,13,13,19,30,38,44,47],"current_hp_per_floor":[74,74,75,75,64,55,47,47,47,47,44,44,44,46,46,25,94,93,93,93,86,86,86,59,59,59,60,60,55,55,53,53,38,94,87,77,77,77,73,75,75,77,77,77,74,76,76,74,74,76],"gold":200,"neow_bonus":"HUNDRED_GOLD","is_prod":false,"is_daily":false,"chose_seed":false,"campfire_upgraded":9,"win_rate":0,"timestamp":1549099110,"path_taken":["M","$","?","?","?","E","M","R","T","R","M","R","?","M","R","BOSS","M","$","?","M","?","R","E","?","T","E","R","E","?","M","R","BOSS","M","?","?","$","M","E","R","M","T","$","M","E","$","E","R","BOSS"],"build_version":"2019-01-23","purchased_purges":5,"victory":true,"max_hp_per_floor":[75,75,75,75,75,89,89,89,89,89,89,89,89,89,89,94,94,94,94,94,94,94,94,94,94,94,94,94,94,94,94,94,94,94,94,94,94,94,94,94,94,94,94,94,94,94,94,94,94,94],"card_choices":[{"not_picked":["Leap","Go for the Eyes"],"picked":"Coolheaded","floor":1},{"not_picked":["Scrape","Barrage"],"picked":"Consume","floor":3},{"not_picked":["Sunder","Lockon"],"picked":"Ball Lightning","floor":6},{"not_picked":["Rebound","Beam Cell","Hyperbeam"],"picked":"SKIP","floor":7},{"not_picked":["Steam","Beam Cell","Doom and Gloom"],"picked":"SKIP","floor":11},{"not_picked":["Redo","Storm","Go for the Eyes"],"picked":"SKIP","floor":14},{"not_picked":["Core Surge","Multi-Cast"],"picked":"Electrodynamics","floor":16},{"not_picked":["Gash+1","Barrage","Sunder"],"picked":"SKIP","floor":18},{"not_picked":["Rebound","Sweeping Beam","Streamline+1"],"picked":"SKIP","floor":21},{"not_picked":["Lockon","Rebound","Meteor Strike"],"picked":"SKIP","floor":24},{"not_picked":["Hologram","Heatsinks+1","Turbo+1"],"picked":"SKIP","floor":27},{"not_picked":["Barrage","Doom and Gloom"],"picked":"Chill+1","floor":29},{"not_picked":["Redo","Glacier","Rebound"],"picked":"SKIP","floor":31},{"not_picked":["Biased Cognition","Rainbow"],"picked":"Echo Form","floor":33},{"not_picked":["Hologram+1","Steam+1","Reprogram"],"picked":"SKIP","floor":35},{"not_picked":["Secret Technique","Mind Blast"],"picked":"Blind","floor":36},{"not_picked":["Good Instincts","Blind"],"picked":"Thinking Ahead","floor":36},{"not_picked":["Coolheaded","Turbo+1","Steam+1"],"picked":"SKIP","floor":39},{"not_picked":["Redo","Leap","Stack+1"],"picked":"SKIP","floor":40},{"not_picked":["Self Repair+1","White Noise+1"],"picked":"Loop","floor":42},{"not_picked":["Auto Shields+1","Biased Cognition","Steam+1"],"picked":"SKIP","floor":45},{"not_picked":["Redo","Beam Cell+1","Streamline"],"picked":"SKIP","floor":46},{"not_picked":["Darkness","Steam","Blizzard+1"],"picked":"SKIP","floor":48}],"player_experience":1216257,"relics_obtained":[{"floor":6,"key":"Mango"},{"floor":9,"key":"MawBank"},{"floor":24,"key":"PreservedInsect"},{"floor":26,"key":"Matryoshka"},{"floor":27,"key":"Art of War"},{"floor":29,"key":"Centennial Puzzle"},{"floor":40,"key":"Boot"},{"floor":43,"key":"Omamori"},{"floor":43,"key":"Ornamental Fan"},{"floor":46,"key":"Girya"},{"floor":48,"key":"Mummified Hand"}],"event_choices":[{"damage_healed":0,"gold_gain":0,"player_choice":"Box","damage_taken":0,"relics_obtained":["Smiling Mask"],"max_hp_gain":0,"max_hp_loss":0,"event_name":"Big Fish","floor":4,"gold_loss":0,"cards_obtained":["Regret"]},{"damage_healed":0,"gold_gain":75,"player_choice":"Gather Gold","damage_taken":11,"max_hp_gain":0,"max_hp_loss":0,"event_name":"World of Goop","floor":5,"gold_loss":0},{"damage_healed":0,"gold_gain":0,"player_choice":"Ignored","damage_taken":0,"max_hp_gain":0,"max_hp_loss":0,"event_name":"Beggar","floor":20,"gold_loss":0},{"damage_healed":0,"gold_gain":0,"player_choice":"Simplicity","damage_taken":0,"max_hp_gain":0,"max_hp_loss":0,"event_name":"Back to Basics","floor":22,"gold_loss":0,"cards_upgraded":["Strike_B","Strike_B","Strike_B","Defend_B","Defend_B","Defend_B","Defend_B"]},{"damage_healed":0,"gold_gain":0,"player_choice":"Opened","damage_taken":0,"relics_obtained":["Bag of Marbles"],"max_hp_gain":0,"max_hp_loss":0,"event_name":"The Mausoleum","floor":25,"gold_loss":0},{"damage_healed":0,"gold_gain":0,"player_choice":"Memory 3","damage_taken":10,"max_hp_gain":0,"max_hp_loss":0,"event_name":"SensoryStone","floor":36,"gold_loss":0},{"cards_removed":["HandOfGreed"],"damage_healed":0,"gold_gain":0,"player_choice":"Removed Attack","damage_taken":0,"max_hp_gain":0,"max_hp_loss":0,"event_name":"Falling","floor":37,"gold_loss":0}],"is_beta":true,"boss_relics":[{"not_picked":["Philosopher\u0027s Stone","White Beast Statue"],"picked":"Sozu"},{"not_picked":["Cursed Key","Tiny House"],"picked":"Empty Cage"}],"items_purged_floors":[13,19,30,38,47],"is_endless":false,"potions_floor_spawned":[1,3,6,14,24,27,33,35,40,42,46,48],"ascension_level":1}