{"gold_per_floor":[115,130,130,130,141,173,173,173,224,47,64,10,36,36,36,131,131,144,157,207,207,43,43,43,43,67,67,82,82,82],"floor_reached":30,"playtime":949,"items_purged":["Injury"],"score":433,"play_id":"a4860028-3780-44d5-b8d3-1f15f2726230","local_time":"20181028231318","is_ascension_mode":true,"campfire_choices":[{"floor":7,"key":"REST"},{"floor":15,"key":"REST"},{"data":"Burst","floor":23,"key":"SMITH"},{"data":"Noxious Fumes","floor":25,"key":"SMITH"},{"floor":29,"key":"REST"}],"neow_cost":"NONE","seed_source_timestamp":533158342695014,"circlet_count":0,"master_deck":["Defend_G","Defend_G","Defend_G","Defend_G","Defend_G","Strike_G+1","Strike_G+1","Survivor","Neutralize","AscendersBane","Dagger Spray","Escape Plan","Terror","Flying Knee","Malaise","Dagger Throw","Backflip","Bouncing Flask","Burst+1","Crippling Poison","Noxious Fumes+1","Well Laid Plans","Bane","Blade Dance","Crippling Poison+1"],"relics":["Ring of the Snake","NeowsBlessing","Juzu Bracelet","Thread and Needle","Whetstone","Dream Catcher","Golden Idol","Sozu","Smiling Mask"],"potions_floor_usage":[6,13,16],"damage_taken":[{"damage":0,"enemies":"Jaw Worm","floor":1,"turns":1},{"damage":0,"enemies":"2 Louse","floor":2,"turns":1},{"damage":0,"enemies":"Small Slimes","floor":5,"turns":1},{"damage":55,"enemies":"Gremlin Nob","floor":6,"turns":6},{"damage":0,"enemies":"Blue Slaver","floor":11,"turns":4},{"damage":8,"enemies":"Lagavulin","floor":13,"turns":8},{"damage":18,"enemies":"The Guardian","floor":16,"turns":13},{"damage":6,"enemies":"Shell Parasite","floor":18,"turns":7},{"damage":11,"enemies":"Chosen","floor":19,"turns":4},{"damage":29,"enemies":"Shelled Parasite and Fungi","floor":28,"turns":7},{"damage":30,"enemies":"Book of Stabbing","floor":30,"turns":6}],"seed_played":"-4026776180285896725","potions_obtained":[{"floor":2,"key":"GhostInAJar"},{"floor":13,"key":"SkillPotion"}],"is_trial":false,"path_per_floor":["M","M","?","?","M","E","R","?","T","$","M","$","E","?","R","B",null,"M","M","?","?","$","R","?","R","T","?","M","R"],"character_chosen":"THE_SILENT","items_purchased":["Malaise","Explosive Potion","Well Laid Plans"],"campfire_rested":3,"item_purchase_floors":[10,12,22],"current_hp_per_floor":[59,59,59,59,59,4,23,16,16,16,16,16,8,8,27,9,52,46,35,35,35,35,35,35,35,35,35,6,25,0],"gold":82,"neow_bonus":"THREE_ENEMY_KILL","is_prod":false,"is_daily":false,"chose_seed":false,"campfire_upgraded":2,"win_rate":0,"timestamp":1540793598,"path_taken":["M","M","?","?","M","E","R","?","T","?","M","$","E","?","R","BOSS","M","M","?","?","$","R","?","R","T","?","M","R","E"],"build_version":"2018-10-25v2","purchased_purges":1,"victory":false,"max_hp_per_floor":[66,66,66,66,66,66,66,66,66,66,66,66,66,66,66,66,66,66,66,66,66,66,66,66,66,66,66,66,66,66],"card_choices":[{"not_picked":["Poisoned Stab","Deflect","Dodge and Roll"],"picked":"SKIP","floor":1},{"not_picked":["Deflect","Bane"],"picked":"Dagger Spray","floor":2},{"not_picked":["Blade Dance","Masterful Stab"],"picked":"Terror","floor":5},{"not_picked":["Infinite Blades","Dagger Throw"],"picked":"Flying Knee","floor":6},{"not_picked":["Blade Dance","Distraction"],"picked":"Dagger Throw","floor":11},{"not_picked":["PiercingWail","Masterful Stab"],"picked":"Backflip","floor":13},{"not_picked":["Riddle With Holes","Endless Agony"],"picked":"Bouncing Flask","floor":15},{"not_picked":["A Thousand Cuts","Doppelganger"],"picked":"Burst","floor":16},{"not_picked":["Deflect","Prepared+1"],"picked":"Crippling Poison","floor":18},{"not_picked":["All Out Attack","Acrobatics","Flechettes"],"picked":"SKIP","floor":19},{"not_picked":["Flying Knee","Concentrate","Deflect+1"],"picked":"SKIP","floor":28},{"not_picked":["Dagger Spray+1","All Out Attack"],"picked":"Crippling Poison+1","floor":29}],"player_experience":896537,"relics_obtained":[{"floor":6,"key":"Thread and Needle"},{"floor":9,"key":"Whetstone"},{"floor":13,"key":"Dream Catcher"},{"floor":26,"key":"Smiling Mask"}],"event_choices":[{"damage_healed":0,"gold_gain":0,"cards_transformed":["Strike_G"],"player_choice":"Change","damage_taken":0,"max_hp_gain":0,"max_hp_loss":0,"event_name":"Living Wall","floor":3,"gold_loss":0,"cards_obtained":["Escape Plan"]},{"damage_healed":0,"gold_gain":0,"player_choice":"Box","damage_taken":0,"relics_obtained":["Juzu Bracelet"],"max_hp_gain":0,"max_hp_loss":0,"event_name":"Big Fish","floor":4,"gold_loss":0,"cards_obtained":["Regret"]},{"cards_removed":["Regret"],"damage_healed":0,"gold_gain":0,"player_choice":"Card Removal","damage_taken":7,"max_hp_gain":0,"max_hp_loss":0,"event_name":"Golden Wing","floor":8,"gold_loss":0},{"damage_healed":0,"gold_gain":0,"player_choice":"Take Wound","damage_taken":0,"relics_obtained":["Golden Idol"],"max_hp_gain":0,"max_hp_loss":0,"event_name":"Golden Idol","floor":14,"gold_loss":0,"cards_obtained":["Injury"]},{"damage_healed":0,"gold_gain":100,"player_choice":"Pray","damage_taken":0,"max_hp_gain":0,"max_hp_loss":0,"event_name":"Golden Shrine","floor":20,"gold_loss":0},{"damage_healed":0,"gold_gain":0,"player_choice":"1 cards matched","damage_taken":0,"max_hp_gain":0,"max_hp_loss":0,"event_name":"Match and Keep!","floor":21,"gold_loss":0,"cards_obtained":["Noxious Fumes"]},{"damage_healed":0,"gold_gain":0,"player_choice":"Ignored","damage_taken":0,"max_hp_gain":0,"max_hp_loss":0,"event_name":"Cursed Tome","floor":24,"gold_loss":0},{"damage_healed":0,"gold_gain":0,"cards_transformed":["Strike_G","Strike_G"],"player_choice":"Became Test Subject","damage_taken":0,"max_hp_gain":0,"max_hp_loss":0,"event_name":"Drug Dealer","floor":27,"gold_loss":0,"cards_obtained":["Bane","Blade Dance"]}],"is_beta":true,"boss_relics":[{"not_picked":["Pandora\u0027s Box","Runic Pyramid"],"picked":"Sozu"}],"items_purged_floors":[22],"is_endless":false,"potions_floor_spawned":[2,13,18],"killed_by":"Book of Stabbing","ascension_level":17}