{"gold_per_floor":[116,48,62,72,88,120,21,46,70,70,81,81,81,100,100,195,195,206,121,301,268,281,281,281],"floor_reached":24,"playtime":1419,"items_purged":["Strike_R"],"score":250,"play_id":"408b3cb2-0308-47ea-b839-004cefa13c92","local_time":"20190201021311","is_ascension_mode":true,"campfire_choices":[{"data":"Bash","floor":10,"key":"SMITH"},{"data":"True Grit","floor":13,"key":"SMITH"},{"data":"Armaments","floor":15,"key":"SMITH"},{"floor":23,"key":"REST"}],"neow_cost":"CURSE","seed_source_timestamp":1840879418794527,"circlet_count":0,"master_deck":["Strike_R","Strike_R","Strike_R","Defend_R","Defend_R","Defend_R","Bash+1","Parasite","Flex","Inflame","Reaper","Shrug It Off","Rage","Shrug It Off","Pommel Strike","Sword Boomerang","True Grit+1","Armaments+1","Immolate","Body Slam"],"relics":["Burning Blood","Torii","Dodecahedron","Oddly Smooth Stone","Empty Cage","Regal Pillow"],"potions_floor_usage":[6,8,21,22],"damage_taken":[{"damage":6,"enemies":"Cultist","floor":1,"turns":3},{"damage":8,"enemies":"Jaw Worm","floor":3,"turns":3},{"damage":2,"enemies":"2 Louse","floor":4,"turns":3},{"damage":18,"enemies":"Lots of Slimes","floor":5,"turns":5},{"damage":37,"enemies":"3 Sentries","floor":6,"turns":14},{"damage":40,"enemies":"Lagavulin","floor":8,"turns":5},{"damage":0,"enemies":"2 Fungi Beasts","floor":11,"turns":3},{"damage":1,"enemies":"Large Slime","floor":14,"turns":8},{"damage":52,"enemies":"Slime Boss","floor":16,"turns":16},{"damage":12,"enemies":"Shell Parasite","floor":18,"turns":5},{"damage":34,"enemies":"2 Thieves","floor":21,"turns":5},{"damage":22,"enemies":"Centurion and Healer","floor":22,"turns":8},{"damage":73,"enemies":"Gremlin Leader","floor":24,"turns":9}],"seed_played":"-4939466323626013536","potions_obtained":[{"floor":1,"key":"BloodPotion"},{"floor":5,"key":"SpeedPotion"},{"floor":6,"key":"FairyPotion"},{"floor":11,"key":"Strength Potion"},{"floor":21,"key":"Poison Potion"}],"is_trial":false,"path_per_floor":["M","$","M","M","M","E","$","E","T","R","M","?","R","M","R","B",null,"M","?","?","M","M","R","E"],"character_chosen":"IRONCLAD","items_purchased":["Inflame","Pommel Strike"],"campfire_rested":1,"item_purchase_floors":[2,7],"current_hp_per_floor":[80,80,78,80,78,55,55,37,37,37,43,43,43,54,54,16,80,74,74,50,25,16,55,0],"gold":281,"neow_bonus":"ONE_RARE_RELIC","is_prod":false,"is_daily":false,"chose_seed":false,"campfire_upgraded":3,"win_rate":0,"timestamp":1548954791,"path_taken":["M","$","M","?","?","E","?","E","T","R","M","?","R","?","R","BOSS","M","?","?","M","?","R","E"],"build_version":"2019-01-23","purchased_purges":1,"victory":false,"max_hp_per_floor":[80,80,80,80,80,80,80,80,80,80,80,80,80,80,80,80,80,80,80,80,80,80,80,80],"card_choices":[{"not_picked":["Perfected Strike","Clothesline"],"picked":"Flex","floor":1},{"not_picked":["Pommel Strike","Havoc"],"picked":"Reaper","floor":3},{"not_picked":["True Grit","Clash"],"picked":"Shrug It Off","floor":4},{"not_picked":["Spot Weakness","Combust"],"picked":"Rage","floor":5},{"not_picked":["Burning Pact","Clothesline"],"picked":"Shrug It Off","floor":6},{"not_picked":["True Grit","Second Wind"],"picked":"Sword Boomerang","floor":8},{"not_picked":["Pommel Strike","Perfected Strike"],"picked":"True Grit","floor":11},{"not_picked":["Warcry","Bludgeon"],"picked":"Armaments","floor":14},{"not_picked":["Limit Break","Fiend Fire"],"picked":"Immolate","floor":16},{"not_picked":["Thunderclap","Sentinel","Warcry"],"picked":"SKIP","floor":18},{"not_picked":["Flex+1","Iron Wave"],"picked":"Body Slam","floor":21},{"not_picked":["Heavy Blade+1","Headbutt+1","Cleave+1"],"picked":"SKIP","floor":22}],"player_experience":759394,"relics_obtained":[{"floor":6,"key":"Dodecahedron"},{"floor":8,"key":"Oddly Smooth Stone"}],"event_choices":[{"damage_healed":0,"gold_gain":0,"player_choice":"Ignored","damage_taken":0,"max_hp_gain":0,"max_hp_loss":0,"event_name":"NoteForYourself","floor":12,"gold_loss":0},{"damage_healed":0,"gold_gain":0,"player_choice":"Obtained Relic","damage_taken":0,"relics_obtained":["Regal Pillow"],"max_hp_gain":0,"max_hp_loss":0,"event_name":"Addict","floor":19,"gold_loss":85},{"damage_healed":0,"gold_gain":180,"player_choice":"GOLD GOLD ","damage_taken":24,"max_hp_gain":0,"max_hp_loss":0,"event_name":"Knowing Skull","floor":20,"potions_obtained":[],"gold_loss":0,"cards_obtained":[]}],"is_beta":false,"boss_relics":[{"not_picked":["Lizard Tail","Orrery"],"picked":"Empty Cage"}],"items_purged_floors":[7],"is_endless":false,"potions_floor_spawned":[1,5,6,11,21],"killed_by":"Gremlin Leader","ascension_level":4}