{"gold_per_floor":[112,124,138,151,171,200,200,235,260,68,68,68,68,68,68,173,173,191,210,221,146,146,146],"floor_reached":23,"playtime":1040,"items_purged":[],"score":266,"play_id":"8ea894cf-3fc0-4ac7-b654-d21958032c96","local_time":"20181227010709","is_ascension_mode":true,"campfire_choices":[{"floor":7,"key":"REST"},{"floor":11,"key":"REST"},{"data":"Catalyst","floor":13,"key":"SMITH"},{"data":"Bouncing Flask","floor":15,"key":"SMITH"}],"neow_cost":"NONE","seed_source_timestamp":709395969968464,"circlet_count":0,"master_deck":["Defend_G+1","Defend_G","Defend_G","Defend_G","Defend_G","Survivor","Neutralize+1","Malaise","Catalyst+1","Dagger Throw","Prepared","Bouncing Flask","Corpse Explosion","Dagger Throw","Leg Sweep","Bouncing Flask+1","Mayhem","Flying Knee","Glass Knife","Decay","Doubt","Sucker Punch","Catalyst","Bite","Bite","Bite","Bite","Bite"],"relics":["Ring of the Snake","Dream Catcher","Mummified Hand","Art of War","Calling Bell","Smiling Mask","Paper Crane","Turnip"],"potions_floor_usage":[6,6,18,19],"damage_taken":[{"damage":0,"enemies":"Small Slimes","floor":1,"turns":5},{"damage":2,"enemies":"Jaw Worm","floor":2,"turns":9},{"damage":0,"enemies":"Cultist","floor":3,"turns":4},{"damage":8,"enemies":"Blue Slaver","floor":4,"turns":6},{"damage":7,"enemies":"Looter","floor":5,"turns":4},{"damage":20,"enemies":"3 Sentries","floor":6,"turns":3},{"damage":13,"enemies":"Lagavulin","floor":8,"turns":8},{"damage":11,"enemies":"The Guardian","floor":16,"turns":7},{"damage":14,"enemies":"Shell Parasite","floor":18,"turns":2},{"damage":2,"enemies":"Spheric Guardian","floor":19,"turns":3},{"damage":24,"enemies":"Snake Plant","floor":20,"turns":2},{"damage":30,"enemies":"Slavers","floor":23,"turns":2}],"seed_played":"750787873593222012","potions_obtained":[{"floor":1,"key":"LiquidBronze"},{"floor":2,"key":"Poison Potion"},{"floor":8,"key":"GamblersBrew"},{"floor":18,"key":"SkillPotion"}],"is_trial":false,"path_per_floor":["M","M","M","M","M","E","R","E","T","$","R","?","R","?","R","B",null,"M","M","M","?","?","E"],"character_chosen":"THE_SILENT","items_purchased":["Mayhem"],"campfire_rested":2,"item_purchase_floors":[10],"current_hp_per_floor":[70,68,68,60,53,33,54,41,41,41,62,55,55,41,41,30,70,56,54,30,30,30,0],"gold":146,"neow_bonus":"ONE_RANDOM_RARE_CARD","is_prod":false,"is_daily":false,"chose_seed":false,"campfire_upgraded":2,"win_rate":0,"timestamp":1545890829,"path_taken":["M","M","M","M","M","E","R","E","T","$","R","?","R","?","R","BOSS","M","M","M","?","?","E"],"build_version":"2018-12-20","purchased_purges":0,"victory":false,"max_hp_per_floor":[70,70,70,70,70,70,70,70,70,70,70,70,70,70,70,70,70,70,70,70,70,49,49],"card_choices":[{"not_picked":["Finisher","Sucker Punch"],"picked":"Catalyst","floor":1},{"not_picked":["Deflect","Calculated Gamble"],"picked":"Dagger Throw","floor":2},{"not_picked":["Acrobatics","Distraction"],"picked":"Prepared","floor":3},{"not_picked":["Bane","Deadly Poison"],"picked":"Bouncing Flask","floor":4},{"not_picked":["Reflex","Quick Slash"],"picked":"Corpse Explosion","floor":5},{"not_picked":["Phantasmal Killer","Dagger Spray"],"picked":"Dagger Throw","floor":6},{"not_picked":["Escape Plan","Infinite Blades"],"picked":"Leg Sweep","floor":7},{"not_picked":["Backflip","Eviscerate"],"picked":"Bouncing Flask","floor":8},{"not_picked":["Quick Slash","Endless Agony"],"picked":"Flying Knee","floor":11},{"not_picked":["Storm of Steel","Bullet Time"],"picked":"Glass Knife","floor":16},{"not_picked":["Dagger Throw","Cloak And Dagger"],"picked":"Sucker Punch","floor":18},{"not_picked":["Concentrate","Malaise"],"picked":"Catalyst","floor":19},{"not_picked":["Sucker Punch","Cloak And Dagger","Underhanded Strike+1"],"picked":"SKIP","floor":20}],"player_experience":258819,"relics_obtained":[{"floor":6,"key":"Dream Catcher"},{"floor":8,"key":"Mummified Hand"},{"floor":9,"key":"Art of War"},{"floor":17,"key":"Smiling Mask"},{"floor":17,"key":"Paper Crane"},{"floor":17,"key":"Turnip"}],"event_choices":[{"cards_removed":["Strike_G"],"damage_healed":0,"gold_gain":0,"player_choice":"Card Removal","damage_taken":7,"max_hp_gain":0,"max_hp_loss":0,"event_name":"Golden Wing","floor":12,"gold_loss":0},{"damage_healed":0,"gold_gain":0,"player_choice":"Entered Light","damage_taken":14,"max_hp_gain":0,"max_hp_loss":0,"event_name":"Shining Light","floor":14,"gold_loss":0,"cards_upgraded":["Neutralize","Defend_G"]},{"cards_removed":["Pain"],"damage_healed":0,"gold_gain":0,"player_choice":"Gave Gold","damage_taken":0,"max_hp_gain":0,"max_hp_loss":0,"event_name":"Beggar","floor":21,"gold_loss":75},{"damage_healed":0,"gold_gain":0,"player_choice":"Became a vampire","damage_taken":0,"max_hp_gain":0,"max_hp_loss":21,"event_name":"Vampires","floor":22,"gold_loss":0,"cards_obtained":["Bite","Bite","Bite","Bite","Bite"]}],"is_beta":false,"boss_relics":[{"not_picked":["Lizard Tail","White Beast Statue"],"picked":"Calling Bell"}],"items_purged_floors":[],"is_endless":false,"potions_floor_spawned":[1,2,8,18],"killed_by":"Slavers","ascension_level":4}