{"path_per_floor":["M","M","M","?","M","E","R","E","T","$","E","?","M","M","R","B",null,"M","?","M","M","$","R","E","R","T","?","M","M","M","E","R","B",null,"M","M","$","M","?","E","M","M","T","M","R","M","$","M","R","B"],"character_chosen":"IRONCLAD","items_purchased":["Master of Strategy","Perfected Strike","Warcry","Pommel Strike","Pen Nib","Pummel"],"gold_per_floor":[118,136,151,151,167,195,195,228,228,19,53,53,69,84,84,187,187,207,207,224,240,45,45,75,75,98,13,28,42,59,94,94,196,196,212,223,18,34,34,69,87,97,97,112,112,131,9,22,22,22],"floor_reached":51,"campfire_rested":3,"playtime":11158,"item_purchase_floors":[10,22,22,22,37,47],"current_hp_per_floor":[80,75,79,79,78,78,78,72,72,72,58,51,57,57,57,30,80,80,80,80,56,56,56,45,45,45,45,41,41,34,28,52,21,80,80,80,80,80,80,58,50,38,38,32,56,32,32,38,62,7],"items_purged":["Anger","Anger","Defend_R"],"gold":22,"score":720,"play_id":"d4bf2bc5-2a30-4e88-b5d3-65581ea0f1de","local_time":"20180526010813","is_prod":false,"is_daily":false,"chose_seed":false,"is_ascension_mode":false,"campfire_upgraded":4,"win_rate":0,"timestamp":1527314893,"campfire_choices":[{"data":"Armaments","floor":7,"key":"SMITH"},{"data":"Fiend Fire","floor":15,"key":"SMITH"},{"data":"Double Tap","floor":23,"key":"SMITH"},{"data":"Fiend Fire","floor":25,"key":"SMITH"},{"floor":32,"key":"REST"},{"floor":45,"key":"REST"},{"floor":49,"key":"REST"}],"path_taken":["M","M","M","?","M","E","R","E","T","$","E","?","M","M","R","BOSS","M","?","M","M","$","R","E","R","T","?","M","M","M","E","R","BOSS","M","M","$","M","?","E","M","M","T","M","R","M","$","M","R","BOSS"],"build_version":"2018-05-24","seed_source_timestamp":612340427039506,"purchased_purges":3,"victory":true,"master_deck":["Strike_R","Strike_R","Strike_R","Strike_R","Strike_R","Defend_R","Bash","Fiend Fire+1","Warcry","Perfected Strike","Armaments+1","Hemokinesis","Master of Strategy","Blood for Blood","Clothesline","Double Tap+1","Blood for Blood+1","Pummel+1","Perfected Strike","Warcry","Pommel Strike","Fiend Fire+1","Rampage","Dual Wield","Headbutt","Demon Form","Perfected Strike","Perfected Strike+1","Seeing Red","Clumsy","Uppercut+1","Pummel"],"max_hp_per_floor":[80,80,80,80,80,80,80,80,80,80,80,80,80,80,80,80,80,80,80,80,80,80,80,80,80,80,80,80,80,80,80,80,80,80,80,80,80,80,80,80,80,80,80,80,80,80,80,80,80,80],"relics":["Burning Blood","Potion Belt","Bottled Lightning","Paper Frog","Bag of Preparation","Snecko Eye","Smiling Mask","Boot","Mercury Hourglass","Juzu Bracelet","Cursed Key","Pen Nib","Whetstone","Darkstone Periapt"],"card_choices":[{"not_picked":["Headbutt","Havoc"],"picked":"Anger","floor":1},{"not_picked":["Rage","Body Slam"],"picked":"Fiend Fire","floor":2},{"not_picked":["Clothesline","Thunderclap"],"picked":"Warcry","floor":3},{"not_picked":["Evolve","Sever Soul"],"picked":"Perfected Strike","floor":5},{"not_picked":["Rupture","Body Slam"],"picked":"Armaments","floor":6},{"not_picked":["Sword Boomerang","Metallicize"],"picked":"Hemokinesis","floor":8},{"not_picked":["Feel No Pain","Bloodletting"],"picked":"Blood for Blood","floor":11},{"not_picked":["Ghostly Armor","Shrug It Off"],"picked":"Anger","floor":13},{"not_picked":["Second Wind","Sword Boomerang"],"picked":"Clothesline","floor":14},{"not_picked":["Impervious","Exhume"],"picked":"Double Tap","floor":16},{"not_picked":["Thunderclap","Headbutt"],"picked":"Spot Weakness","floor":18},{"not_picked":["Pommel Strike","Entrench"],"picked":"Blood for Blood","floor":20},{"not_picked":["Battle Trance","Anger"],"picked":"Pummel+1","floor":21},{"not_picked":["Uppercut+1","Pommel Strike"],"picked":"Fiend Fire","floor":24},{"not_picked":["Thunderclap","Combust"],"picked":"Rampage","floor":28},{"not_picked":["Uppercut","Shrug It Off","Blood for Blood"],"picked":"SKIP","floor":29},{"not_picked":["Armaments","Cleave+1"],"picked":"Dual Wield","floor":30},{"not_picked":["Pommel Strike","Evolve+1"],"picked":"Headbutt","floor":31},{"not_picked":["Impervious","Reaper"],"picked":"Demon Form","floor":33},{"not_picked":["Rupture","Shrug It Off"],"picked":"Perfected Strike","floor":35},{"not_picked":["Uppercut+1","Havoc+1"],"picked":"Perfected Strike","floor":36},{"not_picked":["Spot Weakness+1","Feel No Pain+1"],"picked":"Seeing Red","floor":38},{"not_picked":["Impervious","Spot Weakness+1","Searing Blow+1"],"picked":"SKIP","floor":40},{"not_picked":["Warcry+1","Flame Barrier","Entrench"],"picked":"SKIP","floor":41},{"not_picked":["Shrug It Off","Pommel Strike","Flex"],"picked":"SKIP","floor":42},{"not_picked":["Clothesline","Shrug It Off","Entrench+1"],"picked":"SKIP","floor":44},{"not_picked":["Pommel Strike","Flex"],"picked":"Uppercut+1","floor":46},{"not_picked":["Twin Strike","Wild Strike+1","Body Slam+1"],"picked":"SKIP","floor":48}],"player_experience":191055,"potions_floor_usage":[2,16,16,24,30,30,33,33,36,36,41,48,50,50,50,50],"damage_taken":[{"damage":1,"enemies":"2 Louse","floor":1,"turns":2},{"damage":11,"enemies":"Jaw Worm","floor":2,"turns":2},{"damage":2,"enemies":"Small Slimes","floor":3,"turns":2},{"damage":7,"enemies":"Blue Slaver","floor":5,"turns":2},{"damage":6,"enemies":"Gremlin Nob","floor":6,"turns":3},{"damage":12,"enemies":"3 Sentries","floor":8,"turns":6},{"damage":20,"enemies":"Gremlin Nob","floor":11,"turns":4},{"damage":0,"enemies":"Looter","floor":13,"turns":1},{"damage":6,"enemies":"3 Louse","floor":14,"turns":2},{"damage":33,"enemies":"The Guardian","floor":16,"turns":7},{"damage":0,"enemies":"Spheric Guardian","floor":18,"turns":1},{"damage":0,"enemies":"3 Byrds","floor":20,"turns":3},{"damage":30,"enemies":"Centurion and Healer","floor":21,"turns":5},{"damage":17,"enemies":"Gremlin Leader","floor":24,"turns":2},{"damage":10,"enemies":"Cultist and Chosen","floor":28,"turns":3},{"damage":6,"enemies":"3 Cultists","floor":29,"turns":3},{"damage":13,"enemies":"Slaver and Parasite","floor":30,"turns":3},{"damage":12,"enemies":"Slavers","floor":31,"turns":3},{"damage":37,"enemies":"Champ","floor":33,"turns":4},{"damage":6,"enemies":"Orb Walker","floor":35,"turns":2},{"damage":0,"enemies":"3 Darklings","floor":36,"turns":2},{"damage":6,"enemies":"Sphere and 2 Shapes","floor":38,"turns":2},{"damage":28,"enemies":"2 Orb Walkers","floor":40,"turns":3},{"damage":14,"enemies":"4 Shapes","floor":41,"turns":2},{"damage":18,"enemies":"Maw","floor":42,"turns":3},{"damage":12,"enemies":"3 Darklings","floor":44,"turns":2},{"damage":30,"enemies":"4 Shapes","floor":46,"turns":2},{"damage":0,"enemies":"Sphere and 2 Shapes","floor":48,"turns":2},{"damage":61,"enemies":"Awakened One","floor":50,"turns":4}],"relics_obtained":[{"floor":6,"key":"Potion Belt"},{"floor":8,"key":"Bottled Lightning"},{"floor":9,"key":"Paper Frog"},{"floor":11,"key":"Bag of Preparation"},{"floor":24,"key":"Smiling Mask"},{"floor":26,"key":"Boot"},{"floor":31,"key":"Juzu Bracelet"},{"floor":40,"key":"Whetstone"},{"floor":43,"key":"Darkstone Periapt"}],"event_choices":[{"event_name":"Living Wall","player_choice":"Forget","floor":4,"damage_taken":0},{"event_name":"Golden Wing","player_choice":"Card Removal","floor":12,"damage_taken":0},{"event_name":"Vampires","player_choice":"Ignored","floor":19,"damage_taken":0},{"event_name":"Addict","player_choice":"Obtained Relic","floor":27,"damage_taken":0}],"boss_relics":[{"not_picked":["Tiny House","Pandora\u0027s Box"],"picked":"Snecko Eye"},{"not_picked":["Black Star","Sozu"],"picked":"Cursed Key"}],"items_purged_floors":[22,37,47],"potions_floor_spawned":[3,5,6,8,18,28,29,31,33,35,40,41,42,46],"seed_played":"8778129027147930015","ascension_level":0,"potions_obtained":[{"floor":3,"key":"Dexterity Potion"},{"floor":5,"key":"GamblersBrew"},{"floor":6,"key":"SpeedPotion"},{"floor":8,"key":"Block Potion"},{"floor":18,"key":"AttackPotion"},{"floor":28,"key":"Poison Potion"},{"floor":29,"key":"PowerPotion"},{"floor":31,"key":"Dexterity Potion"},{"floor":33,"key":"AttackPotion"},{"floor":35,"key":"EntropicBrew"},{"floor":40,"key":"SkillPotion"},{"floor":41,"key":"Strength Potion"},{"floor":42,"key":"AttackPotion"},{"floor":46,"key":"Strength Potion"}],"is_trial":false}