{"path_per_floor":["M","M","?","?","M","R","M","R","T","E","$","M","?","M","R","B",null,"M","$","M","$","M","R","?","M","T","R","?","R","M","M","R","B",null,"M","M","?","$","T","R"],"character_chosen":"DEFECT","items_purchased":["Go for the Eyes","Beam Cell","Panache","Hologram","Apotheosis"],"gold_per_floor":[116,132,132,132,142,142,152,152,223,258,211,231,231,245,245,346,346,362,362,377,68,79,79,2,15,86,86,86,86,105,115,115,213,213,223,238,238,7,60,60,60],"floor_reached":41,"campfire_rested":3,"playtime":5825,"item_purchase_floors":[],"current_hp_per_floor":[73,68,61,46,44,44,42,42,42,30,30,26,26,14,36,15,75,66,66,65,65,36,36,36,16,16,38,38,38,22,30,52,40,75,27,51,51,51,51,51,0],"items_purged":["Strike_B"],"gold":60,"score":432,"play_id":"567fb965-00de-43db-a09a-aeb43e3956fa","local_time":"20180619152512","is_prod":false,"is_daily":false,"chose_seed":false,"is_ascension_mode":true,"campfire_upgraded":5,"win_rate":0,"timestamp":1529447112,"campfire_choices":[{"data":"Go for the Eyes","floor":6.0,"key":"SMITH"},{"data":"Leap","floor":8.0,"key":"SMITH"},{"floor":15.0,"key":"REST"},{"data":"Defragment","floor":23.0,"key":"SMITH"},{"floor":27.0,"key":"REST"},{"data":"Redo","floor":29.0,"key":"SMITH"},{"floor":32.0,"key":"REST"},{"data":"Apotheosis","floor":40,"key":"SMITH"}],"path_taken":["M","M","?","?","?","R","M","R","T","E","$","M","?","M","R","BOSS","M","$","M","$","M","R","?","M","T","R","?","R","M","M","R","BOSS","M","M","?","$","?","R","M"],"build_version":"2018-06-14v2","seed_source_timestamp":0,"purchased_purges":1,"victory":false,"master_deck":["Strike_B","Strike_B","Defend_B","Defend_B+1","Defend_B","Defend_B","Zap+1","Dualcast","Leap+1","Compile Driver","Go for the Eyes+1","Machine Learning","Go for the Eyes","Redo+1","Defragment+1","Machine Learning","Compile Driver+1","Self Repair","Beam Cell","Panache","Stack","J.A.X.","Self Repair","Beam Cell","Beam Cell","Hologram","Apotheosis+1","Parasite"],"max_hp_per_floor":[75,75,75,75,75,75,75,75,75,75,75,75,75,75,75,75,75,75,75,75,75,75,75,75,75,75,75,75,75,75,75,75,75,75,75,75,75,75,75,75,75],"special_seed":0,"relics":["Lizard Tail","Kunai","Oddly Smooth Stone","Nuclear Battery","Bottled Tornado","Cursed Key","Blood Vial"],"card_choices":[{"not_picked":["Steam","Recycle"],"picked":"Leap","floor":1.0},{"not_picked":["Scrape","Fusion"],"picked":"Compile Driver","floor":2.0},{"not_picked":["FTL","Rebound"],"picked":"Go for the Eyes","floor":5.0},{"not_picked":["White Noise","Go for the Eyes","Aggregate"],"picked":"SKIP","floor":7.0},{"not_picked":["Stack","Undo"],"picked":"Machine Learning","floor":10.0},{"not_picked":["Barrage","Sweeping Beam"],"picked":"Redo","floor":12.0},{"not_picked":["Hello World","Stack"],"picked":"Defragment","floor":14.0},{"not_picked":["Reboot","Meteor Strike"],"picked":"Machine Learning","floor":16.0},{"not_picked":["Turbo","Rip and Tear"],"picked":"Compile Driver+1","floor":18.0},{"not_picked":["Ball Lightning","Sweeping Beam"],"picked":"Self Repair","floor":20.0},{"not_picked":["Reprogram","Cold Snap"],"picked":"Stack","floor":22.0},{"not_picked":["Defragment","Compile Driver+1"],"picked":"Self Repair","floor":25.0},{"not_picked":["Recycle","Redo+1"],"picked":"Beam Cell","floor":30.0},{"not_picked":["Recycle","Ball Lightning","Rip and Tear"],"picked":"SKIP","floor":31.0},{"not_picked":["Chill","Reprogram+1"],"picked":"Beam Cell","floor":35.0},{"not_picked":["Recycle+1","Chill+1","Sweeping Beam"],"picked":"SKIP","floor":36}],"player_experience":893810,"potions_floor_usage":[36],"damage_taken":[{"damage":2.0,"enemies":"2 Louse","floor":1.0,"turns":3.0},{"damage":5.0,"enemies":"Cultist","floor":2.0,"turns":4.0},{"damage":2.0,"enemies":"Jaw Worm","floor":5.0,"turns":4.0},{"damage":2.0,"enemies":"2 Fungi Beasts","floor":7.0,"turns":4.0},{"damage":12.0,"enemies":"3 Sentries","floor":10.0,"turns":8.0},{"damage":4.0,"enemies":"Exordium Wildlife","floor":12.0,"turns":3.0},{"damage":12.0,"enemies":"Exordium Thugs","floor":14.0,"turns":7.0},{"damage":21.0,"enemies":"Hexaghost","floor":16.0,"turns":13.0},{"damage":9.0,"enemies":"3 Byrds","floor":18.0,"turns":6.0},{"damage":1.0,"enemies":"Shell Parasite","floor":20.0,"turns":6.0},{"damage":36.0,"enemies":"Chosen and Byrds","floor":22.0,"turns":6.0},{"damage":27.0,"enemies":"Snecko","floor":25.0,"turns":7.0},{"damage":30.0,"enemies":"Snake Plant","floor":30.0,"turns":5.0},{"damage":6.0,"enemies":"Cultist and Chosen","floor":31.0,"turns":7.0},{"damage":26.0,"enemies":"Collector","floor":33.0,"turns":9.0},{"damage":62.0,"enemies":"3 Darklings","floor":35.0,"turns":7.0},{"damage":39,"enemies":"Orb Walker","floor":36,"turns":5},{"damage":57,"enemies":"Sphere and 2 Shapes","floor":41,"turns":3}],"relics_obtained":[{"floor":9.0,"key":"Kunai"},{"floor":10.0,"key":"Oddly Smooth Stone"},{"floor":26.0,"key":"Bottled Tornado"},{"floor":39,"key":"Blood Vial"}],"event_choices":[{"event_name":"Wheel of Change","player_choice":"Damage","floor":3.0,"damage_taken":0.0},{"event_name":"Shining Light","player_choice":"Entered Light","floor":4.0,"damage_taken":0.0},{"event_name":"Liars Game","player_choice":"disagreed","floor":13.0,"damage_taken":0.0},{"event_name":"Drug Dealer","player_choice":"Got JAXXED","floor":24.0,"damage_taken":0.0},{"event_name":"Purifier","player_choice":"One Purge","floor":28.0,"damage_taken":0.0},{"event_name":"Mysterious Sphere","player_choice":"Ignore","floor":37,"damage_taken":0}],"boss_relics":[{"not_picked":["Empty Cage","Eternal Feather"],"picked":"Nuclear Battery"},{"not_picked":["Orrery","Inserter"],"picked":"Cursed Key"}],"items_purged_floors":[],"is_endless":false,"potions_floor_spawned":[2,7,12,14,18,31,33],"seed_played":"3339551594542165115","killed_by":"Sphere and 2 Shapes","ascension_level":2,"potions_obtained":[{"floor":2.0,"key":"Fire Potion"},{"floor":7.0,"key":"FearPotion"},{"floor":12.0,"key":"EntropicBrew"},{"floor":31.0,"key":"FocusPotion"},{"floor":33.0,"key":"Explosive Potion"}],"is_trial":false}