{"gold_per_floor":[110,110,129,129,229,264,280,308,308,308,308,325,325,339,339,443,443],"floor_reached":17,"playtime":1832,"items_purged":[],"score":175,"play_id":"439a1653-c90e-4d2e-ad51-77731d615056","local_time":"20190108200850","is_ascension_mode":true,"campfire_choices":[{"floor":10,"key":"REST"},{"floor":15,"key":"REST"}],"neow_cost":"NONE","seed_source_timestamp":80869330392967,"circlet_count":0,"master_deck":["Strike_B","Strike_B","Strike_B","Defend_B","Defend_B","Defend_B","Defend_B","Zap","Dualcast","Madness","Conserve Battery","Coolheaded","Sunder","Steam","Cold Snap+1","Cold Snap+1","Meteor Strike+1"],"relics":["Cracked Core","Kunai","Letter Opener","Molten Egg 2"],"potions_floor_usage":[8,12,13,16],"damage_taken":[{"damage":1,"enemies":"Jaw Worm","floor":1,"turns":3},{"damage":0,"enemies":"Cultist","floor":3,"turns":4},{"damage":38,"enemies":"Lagavulin","floor":6,"turns":7},{"damage":0,"enemies":"2 Louse","floor":7,"turns":2},{"damage":32,"enemies":"Gremlin Nob","floor":8,"turns":4},{"damage":1,"enemies":"2 Fungi Beasts","floor":12,"turns":2},{"damage":0,"enemies":"Looter","floor":13,"turns":1},{"damage":7,"enemies":"Blue Slaver","floor":14,"turns":3},{"damage":21,"enemies":"Hexaghost","floor":16,"turns":13}],"seed_played":"-4857025465349775588","potions_obtained":[{"floor":1,"key":"Energy Potion"},{"floor":3,"key":"SmokeBomb"},{"floor":6,"key":"Explosive Potion"},{"floor":12,"key":"Swift Potion"},{"floor":16,"key":"SteroidPotion"}],"is_trial":false,"path_per_floor":["M","$","M","$","?","E","M","E","T","R","?","M","M","M","R","B",null],"character_chosen":"DEFECT","items_purchased":[],"campfire_rested":2,"item_purchase_floors":[],"current_hp_per_floor":[74,74,74,74,74,36,36,4,4,26,26,25,25,18,40,19,19],"gold":443,"neow_bonus":"RANDOM_COLORLESS","is_prod":false,"is_daily":false,"chose_seed":false,"campfire_upgraded":0,"win_rate":0,"timestamp":1546938530,"path_taken":["M","$","M","$","?","E","?","E","T","R","?","?","M","M","R","BOSS"],"build_version":"2018-11-15","purchased_purges":0,"victory":false,"max_hp_per_floor":[75,75,75,75,75,75,75,75,75,75,75,75,75,75,75,75,75],"card_choices":[{"not_picked":["Sweeping Beam","Darkness"],"picked":"Conserve Battery","floor":1},{"not_picked":["Loop","Steam"],"picked":"Coolheaded","floor":3},{"not_picked":["Leap","Stack"],"picked":"Sunder","floor":6},{"not_picked":["Cold Snap","Darkness"],"picked":"Steam","floor":7},{"not_picked":["Beam Cell","Stack","FTL"],"picked":"SKIP","floor":8},{"not_picked":["Barrage+1","Rebound+1"],"picked":"Cold Snap+1","floor":12},{"not_picked":["Barrage+1","Doom and Gloom+1"],"picked":"Cold Snap+1","floor":14},{"not_picked":["Biased Cognition","Machine Learning"],"picked":"Meteor Strike+1","floor":16}],"player_experience":1051110,"relics_obtained":[{"floor":6,"key":"Kunai"},{"floor":8,"key":"Letter Opener"},{"floor":9,"key":"Molten Egg 2"}],"event_choices":[{"damage_healed":0,"gold_gain":100,"player_choice":"Gold","damage_taken":0,"max_hp_gain":0,"max_hp_loss":0,"event_name":"Wheel of Change","floor":5,"gold_loss":0},{"cards_removed":["Strike_B"],"damage_healed":0,"gold_gain":0,"player_choice":"Purged","damage_taken":0,"max_hp_gain":0,"max_hp_loss":0,"event_name":"Purifier","floor":11,"gold_loss":0}],"is_beta":true,"boss_relics":[],"items_purged_floors":[],"is_endless":false,"potions_floor_spawned":[1,3,6,12,16],"ascension_level":1}