{"gold_per_floor":[116,39,39,54,54,85,85,116,162,172,192,192,192,256,256,256],"floor_reached":16,"playtime":358,"items_purged":[],"score":270,"play_id":"2fa4e38a-606f-40a7-9416-be6fa7db2896","local_time":"20181105221431","is_ascension_mode":true,"campfire_choices":[{"data":"Thunderclap","floor":7,"key":"SMITH"},{"data":"Uppercut","floor":13,"key":"SMITH"},{"data":"Sword Boomerang","floor":15,"key":"SMITH"}],"neow_cost":"NONE","seed_source_timestamp":646272243906629,"circlet_count":0,"master_deck":["Strike_R","Strike_R","Strike_R","Strike_R","Strike_R","Defend_R","Defend_R","Defend_R","Defend_R","Bash+1","AscendersBane","Heavy Blade","Corruption","Sword Boomerang+1","Thunderclap+1","Uppercut+1","Pummel","Power Through","Ghostly Armor"],"relics":["Burning Blood","NeowsBlessing","Lantern","StoneCalendar","Strawberry","SsserpentHead"],"potions_floor_usage":[14,16],"damage_taken":[{"damage":0,"enemies":"Small Slimes","floor":1,"turns":1},{"damage":0,"enemies":"Cultist","floor":4,"turns":1},{"damage":0,"enemies":"3 Sentries","floor":6,"turns":1},{"damage":55,"enemies":"Lagavulin","floor":8,"turns":6},{"damage":2,"enemies":"Jaw Worm","floor":10,"turns":4},{"damage":8,"enemies":"Blue Slaver","floor":11,"turns":3},{"damage":16,"enemies":"Exordium Thugs","floor":14,"turns":4},{"damage":27,"enemies":"Hexaghost","floor":16,"turns":9}],"seed_played":"5508271028524417764","potions_obtained":[{"floor":4,"key":"GamblersBrew"},{"floor":11,"key":"Energy Potion"},{"floor":14,"key":"Fire Potion"}],"is_trial":false,"path_per_floor":["M","$","?","M","?","E","R","E","T","M","M","?","R","M","R","B"],"character_chosen":"IRONCLAD","items_purchased":["Corruption"],"campfire_rested":0,"item_purchase_floors":[2],"current_hp_per_floor":[74,74,74,75,75,75,75,26,33,37,35,35,35,25,25,0],"gold":256,"neow_bonus":"THREE_ENEMY_KILL","is_prod":false,"is_daily":false,"chose_seed":false,"campfire_upgraded":3,"win_rate":0,"timestamp":1541474071,"path_taken":["M","$","?","?","?","E","R","E","T","M","M","?","R","?","R","BOSS"],"build_version":"2018-10-30","purchased_purges":0,"victory":false,"max_hp_per_floor":[75,75,75,75,75,75,75,75,82,82,82,82,82,82,82,82],"card_choices":[{"not_picked":["Flex","Twin Strike"],"picked":"Heavy Blade","floor":1},{"not_picked":["Corruption","Rupture"],"picked":"Sword Boomerang","floor":4},{"not_picked":["Flex","Twin Strike"],"picked":"Thunderclap","floor":6},{"not_picked":["Wild Strike","Havoc"],"picked":"Uppercut","floor":8},{"not_picked":["Fire Breathing","Twin Strike","Pummel"],"picked":"SKIP","floor":10},{"not_picked":["Fire Breathing","Twin Strike"],"picked":"Pummel","floor":10},{"not_picked":["Sever Soul","Flex"],"picked":"Power Through","floor":11},{"not_picked":["Pummel","Feel No Pain"],"picked":"Ghostly Armor","floor":14}],"player_experience":924051,"relics_obtained":[{"floor":6,"key":"Lantern"},{"floor":8,"key":"StoneCalendar"},{"floor":9,"key":"Strawberry"}],"event_choices":[{"damage_healed":0,"gold_gain":0,"player_choice":"Forge","damage_taken":0,"max_hp_gain":0,"max_hp_loss":0,"event_name":"Accursed Blacksmith","floor":3,"gold_loss":0,"cards_upgraded":["Bash"]},{"damage_healed":0,"gold_gain":0,"player_choice":"Ignored","damage_taken":0,"max_hp_gain":0,"max_hp_loss":0,"event_name":"Liars Game","floor":5,"gold_loss":0},{"damage_healed":0,"gold_gain":0,"player_choice":"Trade","damage_taken":0,"relics_obtained":["SsserpentHead"],"max_hp_gain":0,"max_hp_loss":0,"event_name":"FaceTrader","floor":12,"gold_loss":0}],"is_beta":true,"boss_relics":[],"items_purged_floors":[],"is_endless":false,"potions_floor_spawned":[4,11,14],"killed_by":"Hexaghost","ascension_level":20}