{"gold_per_floor":[212,223,241,241,260,291,291,305,305,305],"floor_reached":10,"playtime":389,"items_purged":[],"score":109,"play_id":"5b9e9bc7-7014-4f8e-9620-8eb50720bbda","local_time":"20180629130150","is_ascension_mode":true,"campfire_choices":[],"neow_cost":"","seed_source_timestamp":1365362753308746,"circlet_count":0,"master_deck":["Strike_R","Strike_R","Strike_R","Strike_R","Defend_R","Defend_R","Defend_R","Defend_R","Bash","AscendersBane","Cleave","Inflame","True Grit","Twin Strike","Wild Strike"],"special_seed":0,"relics":["Burning Blood","Darkstone Periapt","Strawberry","Ancient Tea Set"],"potions_floor_usage":[8],"damage_taken":[{"damage":6.0,"enemies":"Cultist","floor":1.0,"turns":4.0},{"damage":4.0,"enemies":"2 Louse","floor":2.0,"turns":2.0},{"damage":11.0,"enemies":"Jaw Worm","floor":3.0,"turns":4.0},{"damage":24.0,"enemies":"Exordium Wildlife","floor":5.0,"turns":6.0},{"damage":32.0,"enemies":"Gremlin Nob","floor":6.0,"turns":4.0},{"damage":21,"enemies":"Gremlin Gang","floor":8,"turns":8},{"damage":10,"enemies":"3 Louse","floor":10,"turns":1}],"seed_played":"-9198319366856157679","potions_obtained":[{"floor":2.0,"key":"Poison Potion"},{"floor":6.0,"key":"Weak Potion"}],"is_trial":false,"path_per_floor":["M","M","M","?","M","E","?","M","T"],"character_chosen":"IRONCLAD","items_purchased":[],"campfire_rested":0,"item_purchase_floors":[],"current_hp_per_floor":[72,74,69,66,48,29,22,7,7,0],"gold":305,"neow_bonus":"","is_prod":false,"is_daily":false,"chose_seed":false,"campfire_upgraded":0,"win_rate":0,"timestamp":1530302510,"path_taken":["M","M","M","?","?","E","?","?","T","M"],"build_version":"2018-06-28","purchased_purges":0,"victory":false,"max_hp_per_floor":[80,80,80,80,80,87,87,87,87,87],"card_choices":[{"not_picked":["Sword Boomerang","Pommel Strike"],"picked":"Cleave","floor":1.0},{"not_picked":["Whirlwind","Sword Boomerang"],"picked":"Inflame","floor":2.0},{"not_picked":["Flex","Bloodletting"],"picked":"True Grit","floor":3.0},{"not_picked":["Perfected Strike","Iron Wave","Sword Boomerang"],"picked":"SKIP","floor":5.0},{"not_picked":["Iron Wave","Sever Soul"],"picked":"Twin Strike","floor":6.0},{"not_picked":["Cleave","Bludgeon"],"picked":"Wild Strike","floor":8}],"player_experience":927465,"relics_obtained":[{"floor":6.0,"key":"Strawberry"},{"floor":9,"key":"Ancient Tea Set"}],"event_choices":[{"event_name":"Scrap Ooze","player_choice":"success","floor":4.0,"damage_taken":3.0},{"event_name":"Golden Wing","player_choice":"Card Removal","floor":7.0,"damage_taken":0.0}],"boss_relics":[],"items_purged_floors":[],"is_endless":false,"potions_floor_spawned":[2,6],"killed_by":"3 Louse","ascension_level":11}