{"gold_per_floor":[114,130,145,164,164,196,196,226,280,280,297,297],"floor_reached":12,"playtime":485,"items_purged":[],"score":126,"play_id":"04b9974b-98bf-417c-8caa-5bef8f1280c8","local_time":"20190207120547","is_ascension_mode":true,"campfire_choices":[{"floor":7,"key":"REST"},{"floor":10,"key":"REST"}],"neow_cost":"NONE","seed_source_timestamp":67144424288697,"circlet_count":0,"master_deck":["Strike_R","Strike_R","Strike_R","Strike_R","Strike_R","Defend_R","Defend_R","Defend_R","Defend_R","Bash","Berserk","Thunderclap+1","Perfected Strike","Warcry","Clothesline","Clothesline","Inflame","Intimidate"],"relics":["Burning Blood","Dodecahedron","Bottled Flame","Bag of Preparation"],"potions_floor_usage":[6],"damage_taken":[{"damage":10,"enemies":"Cultist","floor":1,"turns":5},{"damage":15,"enemies":"Small Slimes","floor":2,"turns":4},{"damage":0,"enemies":"2 Louse","floor":3,"turns":3},{"damage":23,"enemies":"Exordium Thugs","floor":4,"turns":5},{"damage":13,"enemies":"Gremlin Nob","floor":6,"turns":3},{"damage":57,"enemies":"3 Sentries","floor":8,"turns":6},{"damage":0,"enemies":"3 Louse","floor":11,"turns":3},{"damage":48,"enemies":"Lagavulin","floor":12,"turns":6}],"seed_played":"-2072989538869164139","potions_obtained":[{"floor":4,"key":"PowerPotion"},{"floor":8,"key":"LiquidBronze"}],"is_trial":false,"path_per_floor":["M","M","M","M","?","E","R","E","T","R","M","E"],"character_chosen":"IRONCLAD","items_purchased":[],"campfire_rested":2,"item_purchase_floors":[],"current_hp_per_floor":[68,59,65,48,48,41,65,14,14,38,44,0],"gold":297,"neow_bonus":"ONE_RANDOM_RARE_CARD","is_prod":false,"is_daily":false,"chose_seed":false,"campfire_upgraded":0,"win_rate":0,"timestamp":1549512347,"path_taken":["M","?","M","?","?","E","R","E","T","R","M","E"],"build_version":"2019-01-23","purchased_purges":0,"victory":false,"max_hp_per_floor":[80,80,80,80,80,80,80,80,80,80,80,80],"card_choices":[{"not_picked":["Clothesline","Twin Strike"],"picked":"Thunderclap","floor":1},{"not_picked":["Clothesline","Twin Strike"],"picked":"Perfected Strike","floor":2},{"not_picked":["Dark Embrace","True Grit"],"picked":"Warcry","floor":3},{"not_picked":["Whirlwind","Heavy Blade"],"picked":"Clothesline","floor":4},{"not_picked":["Twin Strike","Feel No Pain"],"picked":"Clothesline","floor":6},{"not_picked":["Rage","Sword Boomerang"],"picked":"Inflame","floor":8},{"not_picked":["True Grit","Thunderclap"],"picked":"Intimidate","floor":11}],"player_experience":94210,"relics_obtained":[{"floor":6,"key":"Dodecahedron"},{"floor":8,"key":"Bottled Flame"},{"floor":9,"key":"Bag of Preparation"}],"event_choices":[{"damage_healed":0,"gold_gain":0,"player_choice":"Grow","damage_taken":0,"max_hp_gain":0,"max_hp_loss":0,"event_name":"Living Wall","floor":5,"gold_loss":0,"cards_upgraded":["Thunderclap"]}],"is_beta":false,"boss_relics":[],"items_purged_floors":[],"is_endless":false,"potions_floor_spawned":[4,8],"killed_by":"Lagavulin","ascension_level":8}