{"gold_per_floor":[114,126,126,126,126,126,160,183,183,199,199,217,217,240,240,333,333,349,349,363,383,408,408,429,429,429,429,465,465,508,508],"floor_reached":31,"playtime":4080,"items_purged":[],"score":554,"play_id":"cf6e01b6-8a75-4508-8a81-5e2bdeb5454e","local_time":"20181031102052","is_ascension_mode":true,"campfire_choices":[{"data":"Streamline","floor":6.0,"key":"SMITH"},{"data":"Defragment","floor":11.0,"key":"SMITH"},{"data":"Go for the Eyes","floor":13.0,"key":"SMITH"},{"floor":15.0,"key":"REST"},{"floor":23.0,"key":"REST"},{"floor":27.0,"key":"REST"},{"floor":29,"key":"REST"}],"neow_cost":"NONE","seed_source_timestamp":151906280118357,"circlet_count":0,"master_deck":["Strike_B","Strike_B","Strike_B","Defend_B","Defend_B","Defend_B+1","Defend_B","Zap+1","Dualcast","AscendersBane","Streamline+1","Hologram","Sweeping Beam","Go for the Eyes+1","Defragment+1","Conserve Battery","Ball Lightning","Double Energy","Electrodynamics","Steam","Buffer","Loop","Undo","Steam","Beam Cell","Undo","Multi-Cast","Sweeping Beam+1","Auto Shields","Biased Cognition","Ghostly","Ghostly","Ghostly","FTL","Tempest"],"special_seed":0,"relics":["Cracked Core","War Paint","Golden Idol","Prayer Wheel","Question Card","Sozu","Mercury Hourglass","StoneCalendar","PreservedInsect","Dead Branch"],"potions_floor_usage":[28,28],"damage_taken":[{"damage":0.0,"enemies":"Jaw Worm","floor":1.0,"turns":3.0},{"damage":2.0,"enemies":"2 Louse","floor":2.0,"turns":2.0},{"damage":15.0,"enemies":"3 Sentries","floor":7.0,"turns":7.0},{"damage":7.0,"enemies":"Small Slimes","floor":8.0,"turns":2.0},{"damage":9.0,"enemies":"Blue Slaver","floor":10.0,"turns":3.0},{"damage":9.0,"enemies":"Looter","floor":12.0,"turns":3.0},{"damage":7.0,"enemies":"Red Slaver","floor":14.0,"turns":2.0},{"damage":24.0,"enemies":"Hexaghost","floor":16.0,"turns":8.0},{"damage":6.0,"enemies":"3 Byrds","floor":18.0,"turns":2.0},{"damage":21.0,"enemies":"2 Thieves","floor":20.0,"turns":4.0},{"damage":17.0,"enemies":"Snake Plant","floor":21.0,"turns":4.0},{"damage":0.0,"enemies":"Cultist and Chosen","floor":22.0,"turns":6.0},{"damage":20.0,"enemies":"Centurion and Healer","floor":24.0,"turns":5.0},{"damage":14,"enemies":"Book of Stabbing","floor":28,"turns":6},{"damage":0,"enemies":"Gremlin Leader","floor":30,"turns":5},{"damage":16,"enemies":"Snake Plant","floor":31,"turns":2}],"seed_played":"5149372485153549661","potions_obtained":[{"floor":2.0,"key":"FocusPotion"},{"floor":7.0,"key":"FocusPotion"}],"is_trial":false,"path_per_floor":["M","M","?","?","?","R","E","M","T","M","R","M","R","M","R","B",null,"M","T","M","M","M","R","M","?","T","R","E","R","E"],"character_chosen":"DEFECT","items_purchased":[],"campfire_rested":4,"item_purchase_floors":[],"current_hp_per_floor":[64,62,62,62,62,62,47,40,40,31,31,22,22,15,34,10,51,45,45,24,7,7,26,6,6,6,15,1,10,10,0],"gold":508,"neow_bonus":"RANDOM_COMMON_RELIC","is_prod":false,"is_daily":false,"chose_seed":false,"campfire_upgraded":3,"win_rate":0,"timestamp":1541006452,"path_taken":["M","M","?","?","?","R","E","M","T","M","R","M","R","M","R","BOSS","M","?","M","M","M","R","?","?","T","R","E","R","E","M"],"build_version":"2018-10-25v2","purchased_purges":0,"victory":false,"max_hp_per_floor":[71,71,71,64,64,64,64,64,64,64,64,64,64,64,64,64,64,64,64,64,64,64,64,64,32,32,32,32,32,32,32],"card_choices":[{"not_picked":["Turbo","Tempest"],"picked":"Streamline","floor":1.0},{"not_picked":["Doom and Gloom","Gash"],"picked":"Hologram","floor":2.0},{"not_picked":["Stack","Redo","Turbo"],"picked":"SKIP","floor":7.0},{"not_picked":["Darkness","Reprogram"],"picked":"Sweeping Beam","floor":8.0},{"not_picked":["Sweeping Beam","Rebound"],"picked":"Go for the Eyes","floor":8.0},{"not_picked":["Steam","Stack","Force Field"],"picked":"Defragment","floor":10.0},{"not_picked":["Sunder","Beam Cell","Loop"],"picked":"Conserve Battery","floor":10.0},{"not_picked":["Loop","Heatsinks","Cold Snap"],"picked":"Ball Lightning","floor":12.0},{"not_picked":["Leap","Rebound","Redo"],"picked":"Double Energy","floor":12.0},{"not_picked":["Stack","Tempest","Barrage"],"picked":"Electrodynamics","floor":14.0},{"not_picked":["Cold Snap","Conserve Battery","Reinforced Body"],"picked":"Steam","floor":14.0},{"not_picked":["Reboot","Thunder Strike","Machine Learning"],"picked":"Buffer","floor":16.0},{"not_picked":["Fusion","Barrage","Conserve Battery"],"picked":"Loop","floor":18.0},{"not_picked":["Go for the Eyes","Chill","Ball Lightning"],"picked":"Undo","floor":18.0},{"not_picked":["Barrage+1","Leap","Compile Driver"],"picked":"Steam","floor":20.0},{"not_picked":["Stack","Reinforced Body","Leap+1"],"picked":"Beam Cell","floor":20.0},{"not_picked":["Redo","Go for the Eyes+1","Hello World"],"picked":"Undo","floor":21.0},{"not_picked":["Sunder","Gash+1","Redo"],"picked":"Multi-Cast","floor":21.0},{"not_picked":["Beam Cell","Hello World","Conserve Battery"],"picked":"Sweeping Beam+1","floor":22.0},{"not_picked":["Leap","Consume","Compile Driver"],"picked":"Auto Shields","floor":22.0},{"not_picked":["Rebound","Hologram","Hello World"],"picked":"Biased Cognition","floor":24.0},{"not_picked":["Beam Cell","Loop","Reprogram+1","Redo"],"picked":"SKIP","floor":24.0},{"not_picked":["Cold Snap","Conserve Battery","Sunder"],"picked":"FTL","floor":28},{"not_picked":["Gash","Amplify","Conserve Battery"],"picked":"Tempest","floor":30}],"player_experience":1236085,"relics_obtained":[{"floor":7.0,"key":"Prayer Wheel"},{"floor":9.0,"key":"Question Card"},{"floor":19.0,"key":"Mercury Hourglass"},{"floor":26.0,"key":"StoneCalendar"},{"floor":28,"key":"PreservedInsect"},{"floor":30,"key":"Dead Branch"}],"event_choices":[{"damage_healed":0.0,"max_hp_gain":0.0,"max_hp_loss":0.0,"gold_gain":0.0,"event_name":"Shining Light","player_choice":"Ignored","floor":3.0,"gold_loss":0.0,"damage_taken":0.0},{"damage_healed":0.0,"max_hp_gain":0.0,"max_hp_loss":7.0,"gold_gain":0.0,"event_name":"Golden Idol","player_choice":"Lose Max HP","floor":4.0,"gold_loss":0.0,"damage_taken":0.0,"relics_obtained":["Golden Idol"]},{"cards_removed":["Strike_B"],"damage_healed":0.0,"max_hp_gain":0.0,"max_hp_loss":0.0,"gold_gain":0.0,"event_name":"Bonfire Elementals","player_choice":"Offered Basic","floor":5.0,"gold_loss":0.0,"damage_taken":0.0},{"damage_healed":0.0,"max_hp_gain":0.0,"max_hp_loss":32.0,"gold_gain":0.0,"event_name":"Ghosts","player_choice":"Became a Ghost","floor":25.0,"gold_loss":0.0,"damage_taken":0.0,"cards_obtained":["Ghostly","Ghostly","Ghostly"]}],"is_beta":false,"boss_relics":[{"not_picked":["Runic Dome","Tiny House"],"picked":"Sozu"}],"items_purged_floors":[],"is_endless":false,"potions_floor_spawned":[2,7,10,16,21,24,28],"killed_by":"Snake Plant","ascension_level":15}