{"gold_per_floor":[114,114,126,126,81,81,112,112,112,127,145,145,35,49,49,146,146,156,255,266,19,19],"floor_reached":22,"playtime":1412,"items_purged":["Strike_B","Strike_B"],"score":294,"play_id":"e0f7a94b-6326-4710-bc02-436e00829945","local_time":"20181025080627","is_ascension_mode":true,"campfire_choices":[{"data":"Dualcast","floor":6.0,"key":"SMITH"},{"data":"Gash","floor":8,"key":"SMITH"},{"data":"Defragment","floor":15,"key":"SMITH"}],"neow_cost":"NONE","seed_source_timestamp":1346636257267524,"circlet_count":0,"master_deck":["Strike_B","Defend_B","Defend_B","Defend_B","Defend_B","Zap+1","Dualcast+1","AscendersBane","Compile Driver","Gash+1","Compile Driver","Coolheaded","Gash","Leap","Defragment+1","Capacitor","Echo Form","Compile Driver","Glacier"],"special_seed":0,"relics":["Cracked Core","Potion Belt","Sundial","Fusion Hammer"],"potions_floor_usage":[16,16,22],"damage_taken":[{"damage":3.0,"enemies":"Jaw Worm","floor":1.0,"turns":4.0},{"damage":0.0,"enemies":"Cultist","floor":3.0,"turns":3.0},{"damage":24,"enemies":"Lagavulin","floor":7,"turns":6},{"damage":3,"enemies":"Small Slimes","floor":10,"turns":2},{"damage":0,"enemies":"Exordium Wildlife","floor":11,"turns":2},{"damage":0,"enemies":"Large Slime","floor":14,"turns":6},{"damage":19,"enemies":"Hexaghost","floor":16,"turns":8},{"damage":32,"enemies":"Chosen","floor":18,"turns":5},{"damage":16,"enemies":"3 Byrds","floor":20,"turns":4},{"damage":33,"enemies":"Snake Plant","floor":22,"turns":3}],"seed_played":"-8229812956128493187","potions_obtained":[{"floor":3.0,"key":"Regen Potion"},{"floor":10,"key":"Dexterity Potion"},{"floor":16,"key":"FearPotion"}],"is_trial":false,"path_per_floor":["M","?","M","?","$","R","E","R","T","M","M","?","$","M","R","B",null,"M","?","M","$"],"character_chosen":"DEFECT","items_purchased":["Coolheaded","Defragment","Regen Potion","Glacier"],"campfire_rested":0,"item_purchase_floors":[5,13,21,21],"current_hp_per_floor":[65,65,65,65,65,65,41,41,41,38,38,43,43,43,43,39,70,38,38,22,22,0],"gold":19,"neow_bonus":"THREE_CARDS","is_prod":false,"is_daily":false,"chose_seed":false,"campfire_upgraded":3,"win_rate":0,"timestamp":1540479987,"path_taken":["M","?","M","?","$","R","E","R","T","M","M","?","$","M","R","BOSS","M","?","M","?","?"],"build_version":"2018-10-18","purchased_purges":2,"victory":false,"max_hp_per_floor":[75,75,75,75,75,75,75,75,75,75,75,80,80,80,80,80,80,80,80,80,80,80],"card_choices":[{"not_picked":["Steam","Leap"],"picked":"Compile Driver","floor":0.0},{"not_picked":["Beam Cell","Redo"],"picked":"Gash","floor":1.0},{"not_picked":["Chaos","Rainbow"],"picked":"Compile Driver","floor":3.0},{"not_picked":["Beam Cell","Conserve Battery"],"picked":"Gash","floor":7},{"not_picked":["Storm","Streamline"],"picked":"Leap","floor":10},{"not_picked":["Darkness","Redo","Loop"],"picked":"SKIP","floor":11},{"not_picked":["White Noise","Sweeping Beam"],"picked":"Capacitor","floor":14},{"not_picked":["Biased Cognition","Electrodynamics"],"picked":"Echo Form","floor":16},{"not_picked":["Loop","Beam Cell"],"picked":"Compile Driver","floor":18},{"not_picked":["Rebound","Beam Cell","Sweeping Beam"],"picked":"SKIP","floor":20}],"player_experience":1203147,"relics_obtained":[{"floor":7,"key":"Potion Belt"},{"floor":9,"key":"Sundial"}],"event_choices":[{"cards_removed":["Strike_B"],"damage_healed":0.0,"max_hp_gain":0.0,"max_hp_loss":0.0,"gold_gain":0.0,"event_name":"Purifier","player_choice":"Purged","floor":2.0,"gold_loss":0.0,"damage_taken":0.0},{"damage_healed":0.0,"max_hp_gain":0.0,"max_hp_loss":0.0,"gold_gain":0.0,"event_name":"Accursed Blacksmith","player_choice":"Forge","floor":4.0,"gold_loss":0.0,"damage_taken":0.0,"cards_upgraded":["Zap"]},{"damage_healed":0,"gold_gain":0,"player_choice":"Donut","damage_taken":0,"max_hp_gain":5,"max_hp_loss":0,"event_name":"Big Fish","floor":12,"gold_loss":0},{"damage_healed":0,"gold_gain":99,"player_choice":"Stole From Cult","damage_taken":0,"max_hp_gain":0,"max_hp_loss":0,"event_name":"Nest","floor":19,"gold_loss":0}],"is_beta":false,"boss_relics":[{"not_picked":["Coffee Dripper","Inserter"],"picked":"Fusion Hammer"}],"items_purged_floors":[13,21],"is_endless":false,"potions_floor_spawned":[3,10,16],"killed_by":"Snake Plant","ascension_level":12}