{"gold_per_floor":[119,119,394,414,36,36,79,79,103,253,178,216,216,260,260,351,351,364,404,404,404],"floor_reached":21,"playtime":605,"items_purged":["Regret"],"score":482,"play_id":"d25fa0e7-2067-48f7-b26d-52b3ec7d305f","local_time":"20190203020051","is_ascension_mode":true,"campfire_choices":[{"data":"Armaments","floor":6,"key":"SMITH"},{"data":"Infernal Blade","floor":8,"key":"SMITH"},{"floor":13,"key":"REST"},{"floor":15,"key":"REST"}],"neow_cost":"TEN_PERCENT_HP_LOSS","seed_source_timestamp":317893115572151,"circlet_count":0,"master_deck":["AscendersBane","Strike_R","Strike_R","Strike_R","Strike_R","Strike_R","Defend_R","Defend_R","Defend_R","Defend_R","Bash","Battle Trance","Armaments+1","Pommel Strike","Infernal Blade+1","Sever Soul","Warcry","Ghostly Armor","Dark Embrace","Pommel Strike+1","True Grit","Dark Embrace"],"relics":["Burning Blood","Magic Flower","Golden Idol","Lantern","Matryoshka","Smiling Mask","Art of War","Mercury Hourglass","Paper Frog","Philosopher\u0027s Stone","Red Mask"],"potions_floor_usage":[4,16,19],"damage_taken":[{"damage":14,"enemies":"2 Louse","floor":1,"turns":3},{"damage":3,"enemies":"Cultist","floor":4,"turns":2},{"damage":8,"enemies":"Gremlin Nob","floor":7,"turns":3},{"damage":36,"enemies":"3 Sentries","floor":12,"turns":7},{"damage":20,"enemies":"Lagavulin","floor":14,"turns":5},{"damage":0,"enemies":"Slime Boss","floor":16,"turns":7},{"damage":31,"enemies":"Shell Parasite","floor":18,"turns":5},{"damage":29,"enemies":"Masked Bandits","floor":19,"turns":4},{"damage":28,"enemies":"Spheric Guardian","floor":21,"turns":3}],"seed_played":"594812743606233264","potions_obtained":[{"floor":1,"key":"SteroidPotion"},{"floor":12,"key":"Swift Potion"},{"floor":14,"key":"LiquidBronze"},{"floor":19,"key":"Weak Potion"}],"is_trial":false,"path_per_floor":["M","?","?","M","$","R","E","R","T","?","?","E","R","E","R","B",null,"M","?","?","M"],"character_chosen":"IRONCLAD","items_purchased":["Pommel Strike","Lantern","Infernal Blade"],"campfire_rested":2,"item_purchase_floors":[5,5,5],"current_hp_per_floor":[63,40,40,46,46,46,47,47,47,47,47,20,40,29,49,58,66,44,24,24,0],"gold":404,"neow_bonus":"ONE_RARE_RELIC","is_prod":false,"is_daily":false,"chose_seed":false,"campfire_upgraded":2,"win_rate":0,"timestamp":1549184451,"path_taken":["M","?","?","?","$","R","E","R","T","?","?","E","R","E","R","BOSS","M","?","?","?"],"build_version":"2019-01-23","purchased_purges":1,"victory":false,"max_hp_per_floor":[68,68,68,68,68,68,68,68,68,68,68,68,68,68,68,68,68,68,68,68,68],"card_choices":[{"not_picked":["Reckless Charge","Heavy Blade"],"picked":"Battle Trance","floor":1},{"not_picked":["Shockwave","Body Slam"],"picked":"Armaments","floor":4},{"not_picked":["Sword Boomerang","Power Through"],"picked":"Sever Soul","floor":7},{"not_picked":["Hemokinesis","Clothesline"],"picked":"Warcry","floor":12},{"not_picked":["Bloodletting","Twin Strike"],"picked":"Ghostly Armor","floor":14},{"not_picked":["Offering","Juggernaut"],"picked":"Dark Embrace","floor":16},{"not_picked":["Anger","Clash+1"],"picked":"Pommel Strike+1","floor":18},{"not_picked":["Headbutt","Sword Boomerang"],"picked":"True Grit","floor":19}],"player_experience":755673,"relics_obtained":[{"floor":7,"key":"Matryoshka"},{"floor":9,"key":"Smiling Mask"},{"floor":9,"key":"Art of War"},{"floor":12,"key":"Mercury Hourglass"},{"floor":14,"key":"Paper Frog"},{"floor":19,"key":"Red Mask"}],"event_choices":[{"damage_healed":0,"gold_gain":0,"player_choice":"Take Damage","damage_taken":23,"relics_obtained":["Golden Idol"],"max_hp_gain":0,"max_hp_loss":0,"event_name":"Golden Idol","floor":2,"gold_loss":0},{"damage_healed":0,"gold_gain":275,"player_choice":"Desecrate","damage_taken":0,"max_hp_gain":0,"max_hp_loss":0,"event_name":"Golden Shrine","floor":3,"gold_loss":0,"cards_obtained":["Regret"]},{"damage_healed":0,"gold_gain":150,"player_choice":"AGREE","damage_taken":0,"max_hp_gain":0,"max_hp_loss":0,"event_name":"Liars Game","floor":10,"gold_loss":0,"cards_obtained":["Doubt"]},{"cards_removed":["Doubt"],"damage_healed":0,"gold_gain":0,"player_choice":"Card Removal","damage_taken":0,"max_hp_gain":0,"max_hp_loss":0,"event_name":"The Cleric","floor":11,"gold_loss":75},{"damage_healed":0,"gold_gain":0,"player_choice":"Fought Bandits","damage_taken":0,"max_hp_gain":0,"max_hp_loss":0,"event_name":"Masked Bandits","floor":19,"gold_loss":0},{"damage_healed":0,"gold_gain":0,"player_choice":"Copied","damage_taken":0,"max_hp_gain":0,"max_hp_loss":0,"event_name":"Duplicator","floor":20,"gold_loss":0,"cards_obtained":["Dark Embrace"]}],"is_beta":false,"boss_relics":[{"not_picked":["Sozu","Runic Dome"],"picked":"Philosopher\u0027s Stone"}],"items_purged_floors":[5],"is_endless":false,"potions_floor_spawned":[1,12,14,19],"killed_by":"Spheric Guardian","ascension_level":20}