{"gold_per_floor":[110,110,75,88,103,103,131,131,131,144,154,164,191,201,201,301,301,312,332,342,354,354,354,384,384,384,419,435,435,73,83,83,180,180,194,0,20,38,85,85,85,97,97,124,124,143,143,157,157,157,157,157,12,47,47],"floor_reached":55,"playtime":4817,"items_purged":[],"score":1080,"play_id":"424e493d-5c7f-43c2-8f82-0ab7f760aef0","local_time":"20190112114238","is_ascension_mode":true,"campfire_choices":[{"data":"Poisoned Stab","floor":6.0,"key":"SMITH"},{"data":"Tools of the Trade","floor":8.0,"key":"SMITH"},{"data":"Well Laid Plans","floor":15.0,"key":"SMITH"},{"floor":23,"key":"REST"},{"data":"Reflex","floor":25,"key":"SMITH"},{"data":"Dodge and Roll","floor":29,"key":"SMITH"},{"data":"1","floor":32,"key":"LIFT"},{"data":"2","floor":40,"key":"LIFT"},{"data":"3","floor":45,"key":"LIFT"},{"data":"Tactician","floor":47,"key":"SMITH"},{"floor":49,"key":"RECALL"},{"data":"Blur","floor":52,"key":"SMITH"}],"neow_cost":"NONE","seed_source_timestamp":0,"circlet_count":0,"master_deck":["AscendersBane","Defend_G+1","Defend_G","Defend_G","Defend_G","Defend_G+1","Strike_G+1","Strike_G","Survivor","Neutralize+1","Dagger Throw","Poisoned Stab+1","Dagger Throw","Tools of the Trade+1","Reflex+1","Well Laid Plans+1","Backflip","Blur+1","All Out Attack","Doppelganger+1","Dodge and Roll+1","Bouncing Flask+1","Deflect","Dagger Spray+1","Sucker Punch","Acrobatics+1","Tactician+1","Venomology","Backstab+1","Finisher+1","Flying Knee+1","Deflect","Catalyst+1","Dodge and Roll","Dodge and Roll+1","Escape Plan","Footwork+1","Prepared","Dash+1","Noxious Fumes"],"special_seed":0,"relics":["Ring of the Snake","NeowsBlessing","Meat on the Bone","War Paint","Strawberry","Busted Crown","Bronze Scales","Unceasing Top","Omamori","Girya","Astrolabe","Red Mask","Turnip","Vajra","Orichalcum"],"potions_floor_usage":[21,33,33,38,39,42,44,46,46,46,48,50,50,54,55,55,55],"damage_taken":[{"damage":0.0,"enemies":"2 Louse","floor":1.0,"turns":1.0},{"damage":0.0,"enemies":"Jaw Worm","floor":4.0,"turns":1.0},{"damage":0.0,"enemies":"Cultist","floor":5.0,"turns":1.0},{"damage":28.0,"enemies":"Gremlin Nob","floor":7.0,"turns":5.0},{"damage":11.0,"enemies":"Large Slime","floor":10.0,"turns":5.0},{"damage":12.0,"enemies":"Exordium Thugs","floor":11.0,"turns":5.0},{"damage":1.0,"enemies":"Blue Slaver","floor":12.0,"turns":2.0},{"damage":15.0,"enemies":"3 Sentries","floor":13.0,"turns":7.0},{"damage":0.0,"enemies":"2 Fungi Beasts","floor":14.0,"turns":3.0},{"damage":37.0,"enemies":"Slime Boss","floor":16.0,"turns":11.0},{"damage":15.0,"enemies":"Spheric Guardian","floor":18.0,"turns":4.0},{"damage":4.0,"enemies":"Chosen","floor":19.0,"turns":6.0},{"damage":15,"enemies":"Snecko","floor":20,"turns":5},{"damage":33,"enemies":"3 Cultists","floor":21,"turns":5},{"damage":20,"enemies":"Book of Stabbing","floor":24,"turns":8},{"damage":15,"enemies":"Gremlin Leader","floor":27,"turns":7},{"damage":7,"enemies":"Snake Plant","floor":28,"turns":4},{"damage":5,"enemies":"Shelled Parasite and Fungi","floor":31,"turns":4},{"damage":41,"enemies":"Collector","floor":33,"turns":10},{"damage":8,"enemies":"Orb Walker","floor":35,"turns":1},{"damage":0,"enemies":"3 Shapes","floor":37,"turns":2},{"damage":2,"enemies":"Transient","floor":38,"turns":5},{"damage":21,"enemies":"2 Orb Walkers","floor":39,"turns":4},{"damage":0,"enemies":"3 Darklings","floor":42,"turns":4},{"damage":8,"enemies":"Nemesis","floor":44,"turns":5},{"damage":0,"enemies":"Writhing Mass","floor":46,"turns":4},{"damage":18,"enemies":"Spire Growth","floor":48,"turns":5},{"damage":35,"enemies":"Awakened One","floor":50,"turns":13},{"damage":60,"enemies":"Shield and Spear","floor":54,"turns":8},{"damage":27,"enemies":"The Heart","floor":55,"turns":3}],"seed_played":"6025668359315997481","potions_obtained":[{"floor":7.0,"key":"FearPotion"},{"floor":10.0,"key":"PowerPotion"},{"floor":11.0,"key":"Fire Potion"},{"floor":13.0,"key":"Ancient Potion"},{"floor":20,"key":"Fire Potion"},{"floor":21,"key":"Strength Potion"},{"floor":31,"key":"Dexterity Potion"},{"floor":33,"key":"EntropicBrew"},{"floor":37,"key":"SteroidPotion"},{"floor":44,"key":"GhostInAJar"}],"is_trial":false,"path_per_floor":["M","?","?","M","M","R","E","R","T","M","M","M","E","M","R","B",null,"M","M","M","M","?","R","E","R","T","E","M","R","$","M","R","B",null,"M","?","M","M","?","R","?","M","T","E","R","M","R","M","R","B",null,"R","$","E","B"],"character_chosen":"THE_SILENT","items_purchased":["Girya","Tactician","Noxious Fumes","LiquidBronze"],"campfire_rested":1,"item_purchase_floors":[30,30,53,53],"current_hp_per_floor":[63,49,66,66,66,66,38,38,38,39,39,38,42,42,42,17,62,47,43,40,19,19,42,34,34,34,31,36,36,36,43,43,14,61,53,53,53,51,42,42,42,42,42,46,46,46,46,40,40,17,62,62,62,14,0],"gold":47,"neow_bonus":"THREE_ENEMY_KILL","is_prod":false,"is_daily":false,"chose_seed":false,"campfire_upgraded":7,"win_rate":0,"timestamp":1547314958,"path_taken":["M","?","?","M","?","R","E","R","T","M","M","M","E","M","R","BOSS","M","?","M","M","?","R","E","R","T","E","M","R","$","M","R","BOSS","M","?","M","M","?","R","?","?","T","E","R","M","R","M","R","BOSS","R","$","E","BOSS"],"build_version":"2019-01-10","purchased_purges":0,"victory":false,"max_hp_per_floor":[70,70,70,70,70,70,70,70,70,70,70,70,77,77,77,77,77,77,77,77,77,77,77,77,77,77,77,77,77,77,77,77,77,77,77,77,77,77,77,77,77,77,77,77,77,77,77,77,77,77,77,77,77,77,77],"card_choices":[{"not_picked":["Dagger Spray","Expertise"],"picked":"Dagger Throw","floor":1.0},{"not_picked":["Crippling Poison","Deflect"],"picked":"Poisoned Stab","floor":4.0},{"not_picked":["Deflect","Flechettes"],"picked":"Dagger Throw","floor":5.0},{"not_picked":["Dagger Spray","Deflect"],"picked":"Tools of the Trade","floor":7.0},{"not_picked":["Infinite Blades","Blade Dance"],"picked":"Reflex","floor":10.0},{"not_picked":["Backflip","Heel Hook"],"picked":"Well Laid Plans","floor":11.0},{"not_picked":["Heel Hook","Underhanded Strike"],"picked":"Backflip","floor":12.0},{"not_picked":["Malaise","Deadly Poison"],"picked":"Blur","floor":13.0},{"not_picked":["Concentrate","Choke"],"picked":"All Out Attack","floor":14.0},{"not_picked":["Burst","Bullet Time"],"picked":"Doppelganger","floor":16.0},{"not_picked":[],"picked":"Dodge and Roll","floor":18.0},{"not_picked":[],"picked":"Bouncing Flask+1","floor":19.0},{"not_picked":["Expertise"],"picked":"SKIP","floor":20},{"not_picked":[],"picked":"Deflect","floor":21},{"not_picked":[],"picked":"Dagger Spray+1","floor":24},{"not_picked":[],"picked":"Sucker Punch","floor":27},{"not_picked":[],"picked":"Acrobatics+1","floor":28},{"not_picked":["Accuracy"],"picked":"SKIP","floor":31},{"not_picked":[],"picked":"Venomology","floor":33},{"not_picked":[],"picked":"Deflect","floor":35},{"not_picked":[],"picked":"Catalyst+1","floor":37},{"not_picked":[],"picked":"Dodge and Roll","floor":38},{"not_picked":[],"picked":"Dodge and Roll+1","floor":39},{"not_picked":[],"picked":"Escape Plan","floor":42},{"not_picked":[],"picked":"Footwork+1","floor":44},{"not_picked":[],"picked":"Prepared","floor":46},{"not_picked":[],"picked":"Dash+1","floor":48},{"not_picked":["Outmaneuver"],"picked":"SKIP","floor":54}],"player_experience":443488,"relics_obtained":[{"floor":7.0,"key":"Meat on the Bone"},{"floor":9.0,"key":"War Paint"},{"floor":13.0,"key":"Strawberry"},{"floor":24,"key":"Bronze Scales"},{"floor":26,"key":"Unceasing Top"},{"floor":27,"key":"Omamori"},{"floor":39,"key":"Turnip"},{"floor":44,"key":"Vajra"},{"floor":54,"key":"Orichalcum"}],"event_choices":[{"damage_healed":0.0,"max_hp_gain":0.0,"max_hp_loss":0.0,"gold_gain":0.0,"event_name":"Shining Light","player_choice":"Entered Light","floor":2.0,"gold_loss":0.0,"damage_taken":14.0,"cards_upgraded":["Strike_G","Neutralize"]},{"damage_healed":17.0,"max_hp_gain":0.0,"max_hp_loss":0.0,"gold_gain":0.0,"event_name":"The Cleric","player_choice":"Healed","floor":3.0,"gold_loss":35.0,"damage_taken":0.0},{"damage_healed":0,"gold_gain":0,"player_choice":"Forge","damage_taken":0,"max_hp_gain":0,"max_hp_loss":0,"event_name":"Accursed Blacksmith","floor":22,"gold_loss":0,"cards_upgraded":["Doppelganger"]},{"damage_healed":0,"gold_gain":0,"player_choice":"Paid","damage_taken":0,"relics_obtained":["Red Mask"],"max_hp_gain":0,"max_hp_loss":0,"event_name":"Tomb of Lord Red Mask","floor":36,"gold_loss":194},{"damage_healed":0,"gold_gain":0,"player_choice":"Fight","damage_taken":0,"max_hp_gain":0,"max_hp_loss":0,"event_name":"Mysterious Sphere","floor":39,"gold_loss":0},{"damage_healed":0,"gold_gain":0,"player_choice":"0 cards matched","damage_taken":0,"max_hp_gain":0,"max_hp_loss":0,"event_name":"Match and Keep!","floor":41,"gold_loss":0,"cards_obtained":[]}],"is_beta":false,"boss_relics":[{"not_picked":["Snecko Eye","Velvet Choker"],"picked":"Busted Crown"},{"not_picked":["White Beast Statue","Pandora\u0027s Box"],"picked":"Astrolabe"}],"items_purged_floors":[],"is_endless":false,"potions_floor_spawned":[7,10,11,13,14,20,21,24,31,33,37,38,44,46],"killed_by":"The Heart","ascension_level":10}