{"path_per_floor":["M","?","$","M","M","R","M","M","T","?","R","M","M","M","R","B",null,"M","?","M","$","?","R","M","R","T","$","?","$","E","$","R","B",null,"M","M","$","?","M","R"],"character_chosen":"THE_SILENT","items_purchased":["Footwork","Toxic Egg 2","Jack Of All Trades","Strength Potion","Accuracy","Potion Belt"],"gold_per_floor":[212,287,4,16,28,28,45,57,57,57,57,72,90,107,107,208,208,227,227,238,163,193,193,206,206,206,206,206,206,237,45,45,148,148,162,175,31,31,49,49,49],"floor_reached":41,"campfire_rested":4,"playtime":7749,"current_hp_per_floor":[63,52,52,52,52,52,52,26,26,26,47,47,43,43,43,41,63,49,49,49,49,20,41,41,41,41,41,41,41,41,41,62,18,57,38,32,32,32,32,63,0],"items_purged":["Strike_G"],"gold":49,"score":578,"play_id":"a072a861-edc0-4177-9957-91b77a376557","local_time":"20180523113149","is_prod":false,"is_daily":false,"chose_seed":false,"is_ascension_mode":true,"campfire_upgraded":3,"timestamp":1527100309,"campfire_choices":[{"data":"Neutralize","floor":6.0,"key":"SMITH"},{"floor":11.0,"key":"REST"},{"data":"Footwork","floor":15.0,"key":"SMITH"},{"floor":23.0,"key":"REST"},{"data":"Flechettes","floor":25,"key":"SMITH"},{"floor":32,"key":"REST"},{"floor":40,"key":"REST"}],"path_taken":["M","?","$","M","M","R","M","?","T","?","R","M","M","M","R","BOSS","M","?","M","?","?","R","M","R","T","$","?","$","E","$","R","BOSS","M","M","$","?","M","R","E"],"build_version":"2018-05-17","seed_source_timestamp":155915365284265,"purchased_purges":1,"victory":false,"master_deck":["Defend_G","Defend_G","Defend_G","Defend_G","Defend_G","Strike_G","Survivor","Neutralize+1","Flechettes+1","Footwork+1","Deflect+1","Leg Sweep+1","Backflip+1","Backflip+1","Burst+1","Reflex+1","Cloak And Dagger+1","Crippling Poison+1","Prepared+1","Flechettes+1","Dagger Spray+1","Concentrate+1","Malaise+1","Jack Of All Trades+1","Accuracy","Venomology+1","Underhanded Strike+1","Accuracy+1"],"max_hp_per_floor":[70,70,70,70,70,70,70,70,70,70,70,70,70,70,70,70,70,70,70,70,70,70,70,70,70,70,70,70,70,70,70,70,70,70,70,70,70,70,70,70,70],"relics":["Ring of the Snake","Toxic Egg 2","Anchor","Astrolabe","Red Mask","Prayer Wheel","Ancient Tea Set","Eternal Feather","Potion Belt"],"card_choices":[{"not_picked":["Escape Plan","Bouncing Flask"],"picked":"Flechettes","floor":1.0},{"not_picked":["Sucker Punch","Heel Hook"],"picked":"Deflect+1","floor":4.0},{"not_picked":["Underhanded Strike","Accuracy","Bane"],"picked":"SKIP","floor":5.0},{"not_picked":["Bane","Underhanded Strike"],"picked":"Leg Sweep+1","floor":7.0},{"not_picked":["Dodge and Roll+1","Riddle With Holes"],"picked":"Backflip+1","floor":8.0},{"not_picked":["Setup+1","Phantasmal Killer+1","Poisoned Stab"],"picked":"SKIP","floor":12.0},{"not_picked":["Bane","Riddle With Holes","Outmaneuver+1"],"picked":"SKIP","floor":13.0},{"not_picked":["Quick Slash","Heel Hook"],"picked":"Backflip+1","floor":14.0},{"not_picked":["Glass Knife","Doppelganger+1"],"picked":"Burst+1","floor":16.0},{"not_picked":["Leg Sweep+1","Backstab+1"],"picked":"Prepared+1","floor":18.0},{"not_picked":["Calculated Gamble+1","Prepared+1"],"picked":"Flechettes","floor":20.0},{"not_picked":["Underhanded Strike+1","Sucker Punch"],"picked":"Dagger Spray+1","floor":22.0},{"not_picked":["Cloak And Dagger+1","Dagger Spray"],"picked":"Concentrate+1","floor":24},{"not_picked":["Backflip+1","Predator+1"],"picked":"Malaise+1","floor":30},{"not_picked":["Corpse Explosion","Grand Finale"],"picked":"Venomology+1","floor":33},{"not_picked":["Quick Slash","Flying Knee","Backflip+1"],"picked":"SKIP","floor":35},{"not_picked":["All Out Attack","Dagger Spray","Accuracy"],"picked":"SKIP","floor":35},{"not_picked":["Distraction+1","Acrobatics+1"],"picked":"Underhanded Strike+1","floor":36},{"not_picked":["Acrobatics+1","Slice+1","Bouncing Flask+1"],"picked":"SKIP","floor":36},{"not_picked":["Dagger Spray","Distraction+1"],"picked":"Accuracy+1","floor":39},{"not_picked":["Sucker Punch","Bane+1","PiercingWail+1"],"picked":"SKIP","floor":39}],"player_experience":678351,"potions_floor_usage":[30,33,36,36,39,41],"damage_taken":[{"damage":0.0,"enemies":"Jaw Worm","floor":1.0,"turns":4.0},{"damage":0.0,"enemies":"2 Louse","floor":4.0,"turns":5.0},{"damage":0.0,"enemies":"Cultist","floor":5.0,"turns":4.0},{"damage":0.0,"enemies":"Large Slime","floor":7.0,"turns":7.0},{"damage":26.0,"enemies":"Exordium Thugs","floor":8.0,"turns":11.0},{"damage":0.0,"enemies":"Blue Slaver","floor":12.0,"turns":5.0},{"damage":4.0,"enemies":"Red Slaver","floor":13.0,"turns":6.0},{"damage":0.0,"enemies":"2 Fungi Beasts","floor":14.0,"turns":3.0},{"damage":2.0,"enemies":"Slime Boss","floor":16.0,"turns":12.0},{"damage":14.0,"enemies":"Spheric Guardian","floor":18.0,"turns":9.0},{"damage":0.0,"enemies":"Chosen","floor":20.0,"turns":7.0},{"damage":29.0,"enemies":"Masked Bandits","floor":22.0,"turns":7.0},{"damage":0,"enemies":"Centurion and Healer","floor":24,"turns":11},{"damage":0,"enemies":"Gremlin Leader","floor":30,"turns":6},{"damage":44,"enemies":"Automaton","floor":33,"turns":13},{"damage":19,"enemies":"Orb Walker","floor":35,"turns":7},{"damage":6,"enemies":"3 Shapes","floor":36,"turns":6},{"damage":0,"enemies":"3 Darklings","floor":39,"turns":5},{"damage":65,"enemies":"Giant Head","floor":41,"turns":10}],"relics_obtained":[{"floor":9.0,"key":"Anchor"},{"floor":22.0,"key":"Red Mask"},{"floor":26,"key":"Prayer Wheel"},{"floor":30,"key":"Ancient Tea Set"}],"event_choices":[{"event_name":"World of Goop","player_choice":"Gather Gold","floor":2.0,"damage_taken":0.0},{"event_name":"Upgrade Shrine","player_choice":"Upgraded","floor":10.0,"damage_taken":0.0},{"event_name":"Ghosts","player_choice":"Ignored","floor":19.0,"damage_taken":0.0},{"event_name":"Masked Bandits","player_choice":"Fought over 163 gold","floor":22.0,"damage_taken":0.0},{"event_name":"Drug Dealer","player_choice":"Ignored","floor":28,"damage_taken":0},{"event_name":"SecretPortal","player_choice":"Rejected Portal.","floor":38,"damage_taken":0}],"boss_relics":[{"not_picked":["Lizard Tail","Tiny House"],"picked":"Eternal Feather"}],"potions_floor_spawned":[1,8,12,13,18,22,33,35,36],"seed_played":"5265170378797730775","killed_by":"Giant Head","ascension_level":7,"potions_obtained":[{"floor":1.0,"key":"PowerPotion"},{"floor":8.0,"key":"Strength Potion"},{"floor":12.0,"key":"EssenceOfSteel"},{"floor":13.0,"key":"PowerPotion"},{"floor":18.0,"key":"Explosive Potion"},{"floor":22.0,"key":"Poison Potion"},{"floor":33,"key":"SteroidPotion"},{"floor":35,"key":"AttackPotion"},{"floor":36,"key":"Explosive Potion"}],"is_trial":false}