{"gold_per_floor":[119,9,24,24,43,43,43,56,134,209,226,214,245,265,265,360,360,371,386,398,412,58,58,58,77,100,100,114,133,58,70,70,166,166,176,176,176,193,0,0],"floor_reached":40,"playtime":2456,"items_purged":[],"score":419,"play_id":"6a59a8c5-e287-44e6-8544-f9415d8de687","local_time":"20190203191048","is_ascension_mode":false,"campfire_choices":[{"data":"Zap","floor":6.0,"key":"SMITH"},{"floor":15.0,"key":"REST"},{"floor":23.0,"key":"REST"},{"floor":27.0,"key":"REST"},{"data":"Storm","floor":32,"key":"SMITH"}],"neow_cost":"","seed_source_timestamp":0,"circlet_count":0,"master_deck":["Strike_B+1","Strike_B+1","Strike_B+1","Defend_B+1","Defend_B+1","Defend_B+1","Defend_B+1","Zap+1","Dualcast+1","Conserve Battery","Storm+1","Glacier","Beam Cell","Auto Shields","Cold Snap","Loop","Go for the Eyes","Steam","Echo Form","Reboot","Redo+1","Beam Cell","Steam+1","Redo+1","Dramatic Entrance","White Noise","Sadistic Nature","Sweeping Beam","Defragment","Barrage+1","White Noise","Sunder","Core Surge","Loop+1","Madness","Madness","Steam"],"special_seed":0,"relics":["Cracked Core","Kunai","Bag of Marbles","Runic Pyramid","Lantern","Philosopher\u0027s Stone","Red Mask"],"potions_floor_usage":[33,40,40,40],"damage_taken":[{"damage":0.0,"enemies":"2 Louse","floor":1.0,"turns":2.0},{"damage":6.0,"enemies":"Jaw Worm","floor":3.0,"turns":5.0},{"damage":0.0,"enemies":"Cultist","floor":5.0,"turns":3.0},{"damage":12.0,"enemies":"3 Louse","floor":8.0,"turns":4.0},{"damage":8.0,"enemies":"Large Slime","floor":11.0,"turns":9.0},{"damage":15.0,"enemies":"Exordium Thugs","floor":12.0,"turns":4.0},{"damage":5.0,"enemies":"Lagavulin","floor":13.0,"turns":9.0},{"damage":0.0,"enemies":"3 Louse","floor":14.0,"turns":4.0},{"damage":10.0,"enemies":"The Guardian","floor":16.0,"turns":15.0},{"damage":0.0,"enemies":"Chosen","floor":18.0,"turns":7.0},{"damage":0.0,"enemies":"Spheric Guardian","floor":19.0,"turns":6.0},{"damage":12.0,"enemies":"Snecko","floor":20.0,"turns":13.0},{"damage":12.0,"enemies":"3 Cultists","floor":21.0,"turns":7.0},{"damage":17.0,"enemies":"Snake Plant","floor":25.0,"turns":4.0},{"damage":8.0,"enemies":"Chosen and Byrds","floor":28.0,"turns":7.0},{"damage":0.0,"enemies":"Snecko","floor":29.0,"turns":3.0},{"damage":0.0,"enemies":"Slaver and Parasite","floor":31.0,"turns":1.0},{"damage":16,"enemies":"Champ","floor":33,"turns":10},{"damage":19,"enemies":"Orb Walker","floor":35,"turns":3},{"damage":6,"enemies":"3 Shapes","floor":38,"turns":4},{"damage":46,"enemies":"Nemesis","floor":40,"turns":5}],"seed_played":"-7744327371984434571","potions_obtained":[{"floor":3.0,"key":"SkillPotion"},{"floor":5.0,"key":"PowerPotion"},{"floor":11.0,"key":"Explosive Potion"},{"floor":21.0,"key":"Fire Potion"},{"floor":31,"key":"Fire Potion"},{"floor":33,"key":"Explosive Potion"}],"is_trial":false,"path_per_floor":["M","$","M","?","M","R","?","M","T","?","M","M","E","M","R","B",null,"M","M","M","M","$","R","?","M","T","R","M","M","$","M","R","B",null,"M","?","?","M","?","E"],"character_chosen":"DEFECT","items_purchased":["Storm","Glacier","Dramatic Entrance","White Noise","Sadistic Nature","White Noise"],"campfire_rested":3,"item_purchase_floors":[2,2,22,22,22,30],"current_hp_per_floor":[75,75,69,54,54,54,75,63,63,56,48,33,28,28,50,40,75,75,75,63,51,51,73,73,56,56,75,67,67,67,67,67,51,75,56,56,47,41,41,0],"gold":0,"neow_bonus":"","is_prod":false,"is_daily":false,"chose_seed":false,"campfire_upgraded":2,"win_rate":0,"timestamp":1549192248,"path_taken":["M","$","M","?","M","R","?","M","T","?","M","M","E","?","R","BOSS","M","M","M","M","$","R","?","M","T","R","M","M","$","?","R","BOSS","M","?","?","M","?","E"],"build_version":"2019-01-23","purchased_purges":0,"victory":false,"max_hp_per_floor":[75,75,75,75,75,75,75,75,75,75,75,75,75,75,75,75,75,75,75,75,75,75,75,75,75,75,75,75,75,75,75,75,75,75,75,75,75,75,75,75],"card_choices":[{"not_picked":["Stack","Coolheaded"],"picked":"Conserve Battery","floor":1.0},{"not_picked":["Stack","Ball Lightning"],"picked":"Beam Cell","floor":3.0},{"not_picked":["Sunder","Coolheaded"],"picked":"Auto Shields","floor":5.0},{"not_picked":["Rip and Tear","Static Discharge"],"picked":"Cold Snap","floor":8.0},{"not_picked":["Barrage","Ball Lightning"],"picked":"Loop","floor":11.0},{"not_picked":["Melter","Cold Snap"],"picked":"Go for the Eyes","floor":12.0},{"not_picked":["Conserve Battery","Stack"],"picked":"Steam","floor":13.0},{"not_picked":["Barrage","Gash"],"picked":"Echo Form","floor":14.0},{"not_picked":["Buffer","Thunder Strike"],"picked":"Reboot","floor":16.0},{"not_picked":["Barrage","Force Field+1"],"picked":"Redo+1","floor":18.0},{"not_picked":["Streamline","Redo"],"picked":"Beam Cell","floor":19.0},{"not_picked":["Rip and Tear","Fusion"],"picked":"Steam+1","floor":20.0},{"not_picked":["Tempest","Rebound"],"picked":"Redo+1","floor":21.0},{"not_picked":["Consume","Coolheaded"],"picked":"Sweeping Beam","floor":25.0},{"not_picked":["Chill+1","Conserve Battery"],"picked":"Defragment","floor":28.0},{"not_picked":["Undo","Leap+1"],"picked":"Barrage+1","floor":29.0},{"not_picked":["Stack+1","Coolheaded"],"picked":"Sunder","floor":31},{"not_picked":["Creative AI","Meteor Strike"],"picked":"Core Surge","floor":33},{"not_picked":["Rebound","Leap+1"],"picked":"Loop+1","floor":35},{"not_picked":["Gash+1","Sweeping Beam"],"picked":"Steam","floor":38}],"player_experience":39874,"relics_obtained":[{"floor":9.0,"key":"Kunai"},{"floor":13.0,"key":"Bag of Marbles"},{"floor":26.0,"key":"Lantern"}],"event_choices":[{"event_name":"Shining Light","player_choice":"Entered Light","floor":4.0,"damage_taken":0.0},{"event_name":"Wheel of Change","player_choice":"Full Heal","floor":7.0,"damage_taken":0.0},{"event_name":"FaceTrader","player_choice":"Touch","floor":10.0,"damage_taken":0.0},{"event_name":"Back to Basics","player_choice":"Simplicity","floor":24.0,"damage_taken":0.0},{"cards_removed":["Strike_B"],"damage_healed":0,"gold_gain":0,"player_choice":"Removed Attack","damage_taken":0,"max_hp_gain":0,"max_hp_loss":0,"event_name":"Falling","floor":36,"gold_loss":0},{"damage_healed":0,"gold_gain":0,"player_choice":"Embrace Madness","damage_taken":9,"max_hp_gain":0,"max_hp_loss":0,"event_name":"Winding Halls","floor":37,"gold_loss":0,"cards_obtained":["Madness","Madness"]},{"damage_healed":0,"gold_gain":0,"player_choice":"Paid","damage_taken":0,"relics_obtained":["Red Mask"],"max_hp_gain":0,"max_hp_loss":0,"event_name":"Tomb of Lord Red Mask","floor":39,"gold_loss":193}],"is_beta":false,"boss_relics":[{"not_picked":["Empty Cage","Fusion Hammer"],"picked":"Runic Pyramid"},{"not_picked":["Velvet Choker","Cursed Key"],"picked":"Philosopher\u0027s Stone"}],"items_purged_floors":[],"is_endless":false,"potions_floor_spawned":[3,5,11,14,18,19,21,31,33,38],"killed_by":"Nemesis","ascension_level":0}