{"gold_per_floor":[118,138,158,169,186,186,197,216,216,242,242,259,293,312,312,415,415,428,428],"floor_reached":19,"playtime":1592,"items_purged":[],"score":321,"play_id":"177a06fb-c704-49ca-829d-c73b1dd9162b","local_time":"20180716092524","is_ascension_mode":true,"campfire_choices":[{"floor":6.0,"key":"REST"},{"data":"Armaments","floor":11.0,"key":"SMITH"},{"floor":15.0,"key":"REST"}],"neow_cost":"FIFTY_PERCENT_DAMAGE","seed_source_timestamp":0,"circlet_count":0,"master_deck":["Strike_R","Strike_R","Strike_R","Strike_R","Strike_R","Defend_R","Defend_R","Defend_R","Defend_R","Bash","AscendersBane","Sever Soul","Spot Weakness","Pummel","Clothesline","Ghostly Armor","Shrug It Off","Cleave","Armaments+1","Barricade","True Grit","Battle Trance","Limit Break","Body Slam+1"],"special_seed":0,"relics":["Black Blood","Regal Pillow","Matryoshka","Shovel"],"potions_floor_usage":[16],"damage_taken":[{"damage":1.0,"enemies":"Cultist","floor":1.0,"turns":4.0},{"damage":2.0,"enemies":"2 Louse","floor":2.0,"turns":2.0},{"damage":9.0,"enemies":"Jaw Worm","floor":3.0,"turns":3.0},{"damage":18.0,"enemies":"2 Fungi Beasts","floor":4.0,"turns":5.0},{"damage":23.0,"enemies":"3 Louse","floor":5.0,"turns":3.0},{"damage":9.0,"enemies":"Red Slaver","floor":7.0,"turns":4.0},{"damage":3.0,"enemies":"Looter","floor":8.0,"turns":4.0},{"damage":19.0,"enemies":"3 Sentries","floor":10.0,"turns":9.0},{"damage":18.0,"enemies":"Gremlin Gang","floor":12.0,"turns":5.0},{"damage":21.0,"enemies":"Lagavulin","floor":13.0,"turns":9.0},{"damage":13.0,"enemies":"Large Slime","floor":14.0,"turns":6.0},{"damage":57,"enemies":"Slime Boss","floor":16,"turns":13},{"damage":49,"enemies":"2 Thieves","floor":18,"turns":5},{"damage":40,"enemies":"Shell Parasite","floor":19,"turns":8}],"seed_played":"-3954693144006982373","potions_obtained":[{"floor":3.0,"key":"Regen Potion"},{"floor":5.0,"key":"GamblersBrew"},{"floor":8.0,"key":"EssenceOfSteel"},{"floor":13.0,"key":"EssenceOfSteel"},{"floor":14.0,"key":"BloodPotion"},{"floor":16,"key":"SteroidPotion"}],"is_trial":false,"path_per_floor":["M","M","M","M","M","R","M","M","T","E","R","M","E","M","R","B",null,"M"],"character_chosen":"IRONCLAD","items_purchased":[],"campfire_rested":2,"item_purchase_floors":[],"current_hp_per_floor":[49,53,50,38,21,49,46,49,49,51,51,39,24,17,60,18,77,38,0],"gold":428,"neow_bonus":"TWENTY_PERCENT_HP_BONUS","is_prod":false,"is_daily":false,"chose_seed":false,"campfire_upgraded":1,"win_rate":0,"timestamp":1531758324,"path_taken":["M","?","M","M","M","R","M","M","T","E","R","M","E","M","R","BOSS","M","M"],"build_version":"2018-07-12","purchased_purges":0,"victory":false,"max_hp_per_floor":[96,96,96,96,96,96,96,96,96,96,96,96,96,96,96,96,96,96,96],"card_choices":[{"not_picked":["Body Slam","Sword Boomerang"],"picked":"Sever Soul","floor":1.0},{"not_picked":["Clash","Second Wind"],"picked":"Spot Weakness","floor":2.0},{"not_picked":["Blood for Blood","Iron Wave"],"picked":"Pummel","floor":3.0},{"not_picked":["Clash","Perfected Strike"],"picked":"Clothesline","floor":4.0},{"not_picked":["Pommel Strike","Thunderclap"],"picked":"Ghostly Armor","floor":5.0},{"not_picked":["Armaments","Clash"],"picked":"Shrug It Off","floor":7.0},{"not_picked":["Thunderclap","Shrug It Off"],"picked":"Cleave","floor":8.0},{"not_picked":["Heavy Blade","Warcry"],"picked":"Armaments","floor":10.0},{"not_picked":["Body Slam","Iron Wave"],"picked":"Barricade","floor":12.0},{"not_picked":["Seeing Red","Limit Break"],"picked":"True Grit","floor":13.0},{"not_picked":["Shrug It Off","Carnage"],"picked":"Battle Trance","floor":14.0},{"not_picked":["Bludgeon","Fiend Fire"],"picked":"Limit Break","floor":16},{"not_picked":["Second Wind","Armaments"],"picked":"Body Slam+1","floor":18}],"player_experience":964108,"relics_obtained":[{"floor":9.0,"key":"Regal Pillow"},{"floor":10.0,"key":"Matryoshka"},{"floor":13.0,"key":"Shovel"}],"event_choices":[],"boss_relics":[{"not_picked":["Pandora\u0027s Box","Black Star"],"picked":"Black Blood"}],"items_purged_floors":[],"is_endless":false,"potions_floor_spawned":[3,5,8,13,14,16,18],"killed_by":"Shell Parasite","ascension_level":12}