{"gold_per_floor":[111,128,148,148,148,148,164,183,209,235,235,252,270,270,270,341,341,356,248,298,309,309,309,325,325,325,344,371,421,431,431,431,431],"floor_reached":33,"playtime":1240,"items_purged":["Strike_R"],"score":521,"play_id":"5c87757a-6d59-4a70-b6ec-e3fb3dcc935b","local_time":"20180923094339","is_ascension_mode":true,"campfire_choices":[{"data":"Feed","floor":6,"key":"SMITH"},{"data":"Armaments","floor":15,"key":"SMITH"},{"data":"Rampage","floor":23,"key":"SMITH"},{"data":"Disarm","floor":25,"key":"SMITH"},{"floor":32,"key":"REST"}],"neow_cost":"PERCENT_DAMAGE","seed_source_timestamp":85523826394406,"circlet_count":0,"master_deck":["Strike_R","Strike_R","Strike_R","Defend_R","Defend_R+1","Defend_R","Defend_R","Bash+1","AscendersBane","Feed+1","Heavy Blade","Whirlwind","Inflame","Flame Barrier","Armaments+1","Rampage+1","Clothesline","Feed+1","Metallicize","Disarm+1","Spot Weakness","Writhe","Heavy Blade+1","Necronomicurse","Barricade"],"relics":["Burning Blood","Ornamental Fan","Red Skull","Potion Belt","Molten Egg 2","Sozu","Anchor","Peace Pipe","Dream Catcher","Necronomicon"],"potions_floor_usage":[7,10,18],"damage_taken":[{"damage":6,"enemies":"Cultist","floor":1,"turns":4},{"damage":7,"enemies":"Small Slimes","floor":2,"turns":4},{"damage":0,"enemies":"2 Louse","floor":3,"turns":4},{"damage":8,"enemies":"Gremlin Gang","floor":7,"turns":5},{"damage":4,"enemies":"Blue Slaver","floor":8,"turns":6},{"damage":17,"enemies":"3 Sentries","floor":10,"turns":10},{"damage":7,"enemies":"2 Fungi Beasts","floor":12,"turns":4},{"damage":2,"enemies":"Red Slaver","floor":13,"turns":5},{"damage":26,"enemies":"Hexaghost","floor":16,"turns":10},{"damage":18,"enemies":"2 Thieves","floor":18,"turns":4},{"damage":0,"enemies":"3 Byrds","floor":21,"turns":5},{"damage":32,"enemies":"Snecko","floor":24,"turns":8},{"damage":25,"enemies":"Sentry and Sphere","floor":27,"turns":5},{"damage":48,"enemies":"Slavers","floor":28,"turns":6},{"damage":5,"enemies":"Snake Plant","floor":30,"turns":4},{"damage":61,"enemies":"Automaton","floor":33,"turns":6}],"seed_played":"-2151799436181351576","potions_obtained":[{"floor":3,"key":"FearPotion"},{"floor":7,"key":"SkillPotion"},{"floor":10,"key":"Explosive Potion"}],"is_trial":false,"path_per_floor":["M","M","M","T","?","R","M","M","T","E","?","M","M","?","R","B",null,"M","$","?","M","?","R","M","R","T","M","E","?","M","?","R"],"character_chosen":"IRONCLAD","items_purchased":["Disarm"],"campfire_rested":1,"item_purchase_floors":[19],"current_hp_per_floor":[53,55,64,64,39,39,41,47,47,40,33,36,40,35,35,15,79,75,75,75,89,89,89,67,67,67,56,22,22,27,6,48,0],"gold":431,"neow_bonus":"THREE_RARE_CARDS","is_prod":false,"is_daily":false,"chose_seed":false,"campfire_upgraded":4,"win_rate":0,"timestamp":1537721019,"path_taken":["M","M","M","?","?","R","M","M","T","E","?","M","?","?","R","BOSS","M","$","?","M","?","R","M","R","T","M","E","?","?","?","R","BOSS"],"build_version":"2018-09-20","purchased_purges":1,"victory":false,"max_hp_per_floor":[78,81,84,84,84,84,88,92,92,96,96,100,100,100,100,100,100,108,108,108,116,116,116,120,120,120,128,136,136,140,140,140,140],"card_choices":[{"not_picked":["Brutality","Immolate"],"picked":"Feed","floor":0},{"not_picked":["Blood for Blood","Twin Strike"],"picked":"Heavy Blade","floor":1},{"not_picked":["Blood for Blood","Havoc"],"picked":"Whirlwind","floor":2},{"not_picked":["Anger","Pommel Strike"],"picked":"Inflame","floor":3},{"not_picked":["Thunderclap","Rampage"],"picked":"Flame Barrier","floor":7},{"not_picked":["Fire Breathing","Sword Boomerang"],"picked":"Armaments","floor":8},{"not_picked":["Fire Breathing","Pummel"],"picked":"Rampage","floor":10},{"not_picked":["Headbutt","Dark Embrace"],"picked":"Clothesline","floor":12},{"not_picked":["Sword Boomerang","Anger","Warcry"],"picked":"SKIP","floor":13},{"not_picked":["Impervious","Brutality"],"picked":"Feed+1","floor":16},{"not_picked":["Rupture","Perfected Strike+1"],"picked":"Metallicize","floor":18},{"not_picked":["Wild Strike+1","Rampage+1"],"picked":"Spot Weakness","floor":21},{"not_picked":["Body Slam+1","Pommel Strike+1","Clash+1"],"picked":"SKIP","floor":24},{"not_picked":["Clothesline+1","Corruption","Seeing Red"],"picked":"SKIP","floor":27},{"not_picked":["Anger+1","Seeing Red"],"picked":"Heavy Blade+1","floor":28},{"not_picked":["Twin Strike+1","Fire Breathing","Pommel Strike+1"],"picked":"SKIP","floor":30},{"not_picked":["Anger+1","Heavy Blade+1"],"picked":"Barricade","floor":32}],"player_experience":823901,"relics_obtained":[{"floor":4,"key":"Ornamental Fan"},{"floor":9,"key":"Red Skull"},{"floor":10,"key":"Potion Belt"},{"floor":26,"key":"Peace Pipe"},{"floor":28,"key":"Dream Catcher"},{"floor":31,"key":"Necronomicon"}],"event_choices":[{"event_name":"Shining Light","player_choice":"Entered Light","floor":5,"damage_taken":0},{"event_name":"Golden Wing","player_choice":"Card Removal","floor":11,"damage_taken":0},{"event_name":"Scrap Ooze","player_choice":"success","floor":14,"damage_taken":5},{"event_name":"The Joust","player_choice":"Bet on Murderer","floor":20,"damage_taken":0},{"event_name":"The Mausoleum","player_choice":"Yes","floor":22,"damage_taken":0},{"event_name":"Nest","player_choice":"Stole From Cult","floor":29,"damage_taken":0},{"event_name":"Cursed Tome","player_choice":"Obtained Book","floor":31,"damage_taken":0}],"is_beta":true,"boss_relics":[{"not_picked":["Empty Cage","Runic Dome"],"picked":"Sozu"}],"items_purged_floors":[19],"is_endless":false,"potions_floor_spawned":[3,7,10,18,21,24,30],"killed_by":"Automaton","ascension_level":15}