{"gold_per_floor":[113,129,204,37,37,64,74,74,123,123,136,153,153,153,153,230,230,249,38,28,28],"floor_reached":21,"playtime":1408,"items_purged":[],"score":483,"play_id":"ee134141-1e94-4a03-9e83-d0b93255fe97","local_time":"20190103142136","is_ascension_mode":true,"campfire_choices":[{"data":"Juggernaut","floor":8.0,"key":"SMITH"},{"data":"Clothesline","floor":10.0,"key":"SMITH"},{"data":"Power Through","floor":13.0,"key":"SMITH"},{"data":"Bash","floor":15.0,"key":"SMITH"}],"neow_cost":"NONE","seed_source_timestamp":1144063512287088,"circlet_count":0,"master_deck":["AscendersBane","Strike_R","Defend_R","Defend_R","Defend_R","Defend_R","Bash+1","Shrug It Off","Clothesline+1","Juggernaut+1","Ghostly Armor","Pommel Strike","Power Through+1","Impervious","Armaments+1","Armaments+1","Searing Blow+1","Dropkick","Iron Wave","True Grit"],"special_seed":0,"relics":["Burning Blood","NeowsBlessing","Vajra","Art of War","Pen Nib","Astrolabe","PreservedInsect"],"potions_floor_usage":[18,18],"damage_taken":[{"damage":0.0,"enemies":"Jaw Worm","floor":1.0,"turns":1.0},{"damage":0.0,"enemies":"Cultist","floor":2.0,"turns":1.0},{"damage":0.0,"enemies":"Lagavulin","floor":6.0,"turns":1.0},{"damage":2.0,"enemies":"Small Slimes","floor":7.0,"turns":4.0},{"damage":15.0,"enemies":"3 Louse","floor":11.0,"turns":4.0},{"damage":2.0,"enemies":"Blue Slaver","floor":12.0,"turns":4.0},{"damage":0.0,"enemies":"The Guardian","floor":16.0,"turns":9.0},{"damage":46,"enemies":"Chosen","floor":18,"turns":6},{"damage":7,"enemies":"2 Thieves","floor":20,"turns":4},{"damage":57,"enemies":"3 Cultists","floor":21,"turns":5}],"seed_played":"1359776983552323679","potions_obtained":[{"floor":7.0,"key":"EssenceOfSteel"},{"floor":11.0,"key":"AttackPotion"},{"floor":16.0,"key":"BloodPotion"}],"is_trial":false,"path_per_floor":["M","M","?","$","?","E","M","R","T","R","M","M","R","?","R","B",null,"M","$","M","M"],"character_chosen":"IRONCLAD","items_purchased":["Vajra","Iron Wave","PreservedInsect"],"campfire_rested":0,"item_purchase_floors":[4,19,19],"current_hp_per_floor":[74,75,64,64,64,70,74,74,74,74,65,69,69,69,69,75,75,42,42,41,0],"gold":28,"neow_bonus":"THREE_ENEMY_KILL","is_prod":false,"is_daily":false,"chose_seed":false,"campfire_upgraded":4,"win_rate":0,"timestamp":1546554096,"path_taken":["M","M","?","$","?","E","M","R","T","R","M","?","R","?","R","BOSS","M","?","M","M"],"build_version":"2018-12-20","purchased_purges":0,"victory":false,"max_hp_per_floor":[75,75,75,75,75,75,75,75,75,75,75,75,75,75,75,75,75,75,75,75,75],"card_choices":[{"not_picked":["Heavy Blade","Twin Strike"],"picked":"Shrug It Off","floor":1.0},{"not_picked":["Warcry","Iron Wave"],"picked":"Clothesline","floor":2.0},{"not_picked":["Clash","Whirlwind"],"picked":"Juggernaut","floor":6.0},{"not_picked":["Wild Strike","Sword Boomerang"],"picked":"Ghostly Armor","floor":7.0},{"not_picked":["Carnage","Havoc"],"picked":"Pommel Strike","floor":11.0},{"not_picked":["Infernal Blade","Clash"],"picked":"Power Through","floor":12.0},{"not_picked":["Brutality","Berserk"],"picked":"Impervious","floor":16.0},{"not_picked":["Pummel","Warcry"],"picked":"Dropkick","floor":18},{"not_picked":["Uppercut+1","Thunderclap"],"picked":"True Grit","floor":20}],"player_experience":1645826,"relics_obtained":[{"floor":6.0,"key":"Art of War"},{"floor":9.0,"key":"Pen Nib"}],"event_choices":[{"damage_healed":0.0,"max_hp_gain":0.0,"max_hp_loss":0.0,"gold_gain":75.0,"event_name":"World of Goop","player_choice":"Gather Gold","floor":3.0,"gold_loss":0.0,"damage_taken":11.0},{"damage_healed":0.0,"max_hp_gain":0.0,"max_hp_loss":0.0,"gold_gain":0.0,"event_name":"Match and Keep!","player_choice":"0 cards matched","floor":5.0,"gold_loss":0.0,"damage_taken":0.0,"cards_obtained":[]},{"cards_removed":["Strike_R"],"damage_healed":0.0,"max_hp_gain":0.0,"max_hp_loss":0.0,"gold_gain":0.0,"event_name":"Wheel of Change","player_choice":"Card Removal","floor":14.0,"gold_loss":0.0,"damage_taken":0.0}],"is_beta":false,"boss_relics":[{"not_picked":["White Beast Statue","Black Blood"],"picked":"Astrolabe"}],"items_purged_floors":[],"is_endless":false,"potions_floor_spawned":[7,11,16],"killed_by":"3 Cultists","ascension_level":18}