{"gold_per_floor":[113,113,113,132,152,195,195,231,231,231,251,272,307,350,350,481,481,494,494,508,524,524,560,560,585,585,69,108,108,146,164,164,284,284,302,325,0,24,45,45,78,78,124,137,172,172,208,208,208,208,208,208,11,46,46],"floor_reached":56,"playtime":4276,"items_purged":["Dual Wield","Strike_R"],"score":1477,"play_id":"e58ffbf3-db77-4f5b-b861-35d4f6cd5877","local_time":"20181205035708","is_ascension_mode":true,"campfire_choices":[{"data":"Seeing Red","floor":7,"key":"SMITH"},{"floor":10,"key":"REST"},{"floor":15,"key":"REST"},{"floor":24,"key":"RECALL"},{"data":"Infernal Blade","floor":32,"key":"SMITH"},{"data":"PanicButton","floor":40,"key":"SMITH"},{"data":"Dramatic Entrance","floor":42,"key":"SMITH"},{"data":"Offering","floor":49,"key":"SMITH"},{"data":"Madness","floor":52,"key":"SMITH"}],"neow_cost":"NONE","seed_source_timestamp":931009080542317,"circlet_count":0,"master_deck":["Strike_R","Strike_R+1","Defend_R","Defend_R","Defend_R","Defend_R","Iron Wave+1","Infernal Blade+1","Offering+1","Seeing Red+1","Metallicize+1","Metallicize+1","Uppercut","Rupture+1","Armaments","Juggernaut+1","Battle Trance","Berserk+1","True Grit","Power Through","Dark Embrace+1","Shrug It Off","Combust+1","PanicButton+1","Entrench+1","RitualDagger+1","Burning Pact","Inflame+1","Barricade+1","Pummel+1","Battle Trance","Dramatic Entrance+1","Shockwave+1","Twin Strike+1","Inflame+1","Intimidate+1","Twin Strike+1","Madness+1","Madness","Anger+1","Second Wind","Evolve+1"],"relics":["Burning Blood","Golden Idol","Frozen Egg 2","Bird Faced Urn","Torii","Odd Mushroom","Darkstone Periapt","Calling Bell","Strawberry","Self Forming Clay","FossilizedHelix","Thread and Needle","Calipers","Boot","Magic Flower","Velvet Choker","Red Skull","Anchor","Whetstone","Vajra","Champion Belt","Oddly Smooth Stone","Ornamental Fan"],"potions_floor_usage":[8,16,16,30,50,50,54,55,55],"damage_taken":[{"damage":13,"enemies":"Small Slimes","floor":1,"turns":4},{"damage":4,"enemies":"2 Louse","floor":4,"turns":3},{"damage":4,"enemies":"Cultist","floor":5,"turns":3},{"damage":7,"enemies":"Gremlin Nob","floor":6,"turns":3},{"damage":29,"enemies":"3 Sentries","floor":8,"turns":7},{"damage":13,"enemies":"Exordium Wildlife","floor":11,"turns":5},{"damage":7,"enemies":"2 Fungi Beasts","floor":12,"turns":4},{"damage":16,"enemies":"The Mushroom Lair","floor":13,"turns":4},{"damage":7,"enemies":"Gremlin Nob","floor":14,"turns":5},{"damage":38,"enemies":"Hexaghost","floor":16,"turns":11},{"damage":7,"enemies":"Chosen","floor":18,"turns":6},{"damage":2,"enemies":"Shell Parasite","floor":20,"turns":4},{"damage":23,"enemies":"Snake Plant","floor":21,"turns":4},{"damage":6,"enemies":"Book of Stabbing","floor":23,"turns":5},{"damage":10,"enemies":"Cultist and Chosen","floor":25,"turns":5},{"damage":17,"enemies":"Slavers","floor":28,"turns":5},{"damage":15,"enemies":"Gremlin Leader","floor":30,"turns":6},{"damage":2,"enemies":"Centurion and Healer","floor":31,"turns":4},{"damage":53,"enemies":"Automaton","floor":33,"turns":11},{"damage":0,"enemies":"Orb Walker","floor":35,"turns":3},{"damage":25,"enemies":"3 Darklings","floor":36,"turns":6},{"damage":19,"enemies":"Transient","floor":38,"turns":5},{"damage":4,"enemies":"Maw","floor":39,"turns":7},{"damage":16,"enemies":"Nemesis","floor":41,"turns":7},{"damage":27,"enemies":"Jaw Worm Horde","floor":44,"turns":5},{"damage":11,"enemies":"Giant Head","floor":45,"turns":8},{"damage":18,"enemies":"Nemesis","floor":47,"turns":6},{"damage":80,"enemies":"Donu and Deca","floor":50,"turns":10},{"damage":96,"enemies":"Shield and Spear","floor":54,"turns":7},{"damage":50,"enemies":"The Heart","floor":55,"turns":11}],"seed_played":"2001513138196279631","potions_obtained":[{"floor":0,"key":"LiquidBronze"},{"floor":0,"key":"Poison Potion"},{"floor":0,"key":"FearPotion"},{"floor":4,"key":"AttackPotion"},{"floor":8,"key":"SneckoOil"},{"floor":16,"key":"SteroidPotion"},{"floor":18,"key":"Weak Potion"},{"floor":28,"key":"SmokeBomb"},{"floor":35,"key":"Explosive Potion"},{"floor":39,"key":"EssenceOfSteel"},{"floor":54,"key":"LiquidBronze"}],"is_trial":false,"path_per_floor":["M","?","?","M","M","E","R","E","T","R","M","M","?","E","R","B",null,"M","?","M","M","?","E","R","M","T","$","E","?","E","M","R","B",null,"M","M","$","M","M","R","E","R","T","M","E","?","E","?","R","B",null,"R","$","E","B",null],"character_chosen":"IRONCLAD","items_purchased":["Combust+1","PanicButton","Calipers","Dramatic Entrance","Red Skull","Oddly Smooth Stone","Explosive Potion"],"campfire_rested":2,"item_purchase_floors":[27,27,27,37,37,53,53],"current_hp_per_floor":[73,73,53,55,57,56,56,33,33,57,52,55,49,54,78,50,105,104,104,105,96,96,105,105,105,105,105,99,93,98,105,105,68,105,105,105,105,104,105,105,105,105,105,99,105,92,105,105,105,58,105,105,105,39,31],"gold":46,"neow_bonus":"THREE_SMALL_POTIONS","is_prod":false,"is_daily":false,"chose_seed":false,"campfire_upgraded":6,"win_rate":0,"timestamp":1544000228,"path_taken":["M","?","?","M","M","E","R","E","T","R","M","M","?","E","R","BOSS","M","?","M","?","?","E","R","M","T","$","E","?","E","M","R","BOSS","M","M","$","M","M","R","E","R","T","M","E","?","E","?","R","BOSS","R","$","E","BOSS"],"build_version":"2018-11-15","purchased_purges":2,"victory":true,"max_hp_per_floor":[80,80,80,80,80,80,80,80,80,80,80,80,80,80,80,80,105,105,105,105,105,105,105,105,105,105,105,105,105,105,105,105,105,105,105,105,105,105,105,105,105,105,105,105,105,105,105,105,105,105,105,105,105,105,105],"card_choices":[{"not_picked":["Flex","Warcry"],"picked":"Iron Wave","floor":1},{"not_picked":["Flex","Headbutt"],"picked":"Infernal Blade","floor":4},{"not_picked":["Ghostly Armor","Clothesline"],"picked":"Offering","floor":5},{"not_picked":["Pommel Strike","Searing Blow"],"picked":"Seeing Red","floor":6},{"not_picked":["Combust+1","Carnage"],"picked":"Metallicize+1","floor":8},{"not_picked":["Shrug It Off","Wild Strike"],"picked":"Metallicize+1","floor":11},{"not_picked":["True Grit","Warcry"],"picked":"Uppercut","floor":12},{"not_picked":["Cleave","Burning Pact"],"picked":"Rupture+1","floor":13},{"not_picked":["Pommel Strike","Power Through"],"picked":"Armaments","floor":14},{"not_picked":["Fiend Fire","Offering"],"picked":"Juggernaut+1","floor":16},{"not_picked":["Pummel","Iron Wave"],"picked":"Battle Trance","floor":18},{"not_picked":["Flex+1","True Grit"],"picked":"Berserk+1","floor":20},{"not_picked":["Heavy Blade","Warcry"],"picked":"True Grit","floor":21},{"not_picked":["Power Through","Iron Wave"],"picked":"Dark Embrace+1","floor":23},{"not_picked":["Perfected Strike","Clash"],"picked":"Shrug It Off","floor":25},{"not_picked":["Headbutt","Carnage"],"picked":"Entrench+1","floor":28},{"not_picked":["Spot Weakness","Clash"],"picked":"Burning Pact","floor":30},{"not_picked":["Demon Form+1","Shrug It Off"],"picked":"Inflame+1","floor":31},{"not_picked":["Immolate","Demon Form+1"],"picked":"Barricade+1","floor":33},{"not_picked":["Clash+1","Armaments+1"],"picked":"Pummel+1","floor":35},{"not_picked":["Perfected Strike","Sword Boomerang"],"picked":"Battle Trance","floor":36},{"not_picked":["Entrench","True Grit"],"picked":"Shockwave+1","floor":38},{"not_picked":["Armaments+1","Entrench+1"],"picked":"Twin Strike+1","floor":39},{"not_picked":["Seeing Red","Anger+1"],"picked":"Inflame+1","floor":41},{"not_picked":["Armaments","Pommel Strike"],"picked":"Intimidate+1","floor":44},{"not_picked":["Thunderclap","Carnage+1"],"picked":"Twin Strike+1","floor":45},{"not_picked":["Perfected Strike","Flex"],"picked":"Anger+1","floor":47},{"not_picked":["Offering","Shockwave"],"picked":"Evolve+1","floor":54}],"player_experience":139504,"relics_obtained":[{"floor":6,"key":"Frozen Egg 2"},{"floor":8,"key":"Bird Faced Urn"},{"floor":9,"key":"Torii"},{"floor":13,"key":"Odd Mushroom"},{"floor":14,"key":"Darkstone Periapt"},{"floor":17,"key":"Strawberry"},{"floor":17,"key":"Self Forming Clay"},{"floor":17,"key":"FossilizedHelix"},{"floor":23,"key":"Thread and Needle"},{"floor":28,"key":"Boot"},{"floor":30,"key":"Magic Flower"},{"floor":41,"key":"Anchor"},{"floor":43,"key":"Whetstone"},{"floor":45,"key":"Vajra"},{"floor":47,"key":"Champion Belt"},{"floor":54,"key":"Ornamental Fan"}],"event_choices":[{"damage_healed":0,"gold_gain":0,"player_choice":"Grow","damage_taken":0,"max_hp_gain":0,"max_hp_loss":0,"event_name":"Living Wall","floor":2,"gold_loss":0,"cards_upgraded":["Iron Wave"]},{"damage_healed":0,"gold_gain":0,"player_choice":"Take Damage","damage_taken":20,"relics_obtained":["Golden Idol"],"max_hp_gain":0,"max_hp_loss":0,"event_name":"Golden Idol","floor":3,"gold_loss":0},{"damage_healed":0,"gold_gain":0,"player_choice":"Fought Mushrooms","damage_taken":0,"max_hp_gain":0,"max_hp_loss":0,"event_name":"Mushrooms","floor":13,"gold_loss":0},{"cards_removed":["Injury","Writhe","Clumsy"],"damage_healed":0,"gold_gain":0,"player_choice":"Removed Curses","damage_taken":0,"max_hp_gain":0,"max_hp_loss":0,"event_name":"Fountain of Cleansing","floor":19,"gold_loss":0},{"damage_healed":0,"gold_gain":0,"cards_transformed":["Strike_R","Strike_R"],"player_choice":"Became Test Subject","damage_taken":0,"max_hp_gain":0,"max_hp_loss":0,"event_name":"Drug Dealer","floor":22,"gold_loss":0,"cards_obtained":["Dual Wield","Power Through"]},{"damage_healed":0,"gold_gain":0,"player_choice":"Joined the Cult","damage_taken":6,"max_hp_gain":0,"max_hp_loss":0,"event_name":"Nest","floor":29,"gold_loss":0,"cards_obtained":["RitualDagger"]},{"damage_healed":0,"gold_gain":0,"player_choice":"Embrace Madness","damage_taken":13,"max_hp_gain":0,"max_hp_loss":0,"event_name":"Winding Halls","floor":46,"gold_loss":0,"cards_obtained":["Madness","Madness"]},{"damage_healed":0,"gold_gain":0,"cards_transformed":["Bash"],"player_choice":"Transformed","damage_taken":0,"max_hp_gain":0,"max_hp_loss":0,"event_name":"Transmorgrifier","floor":48,"gold_loss":0,"cards_obtained":["Second Wind"]}],"is_beta":false,"boss_relics":[{"not_picked":["Runic Dome","Fusion Hammer"],"picked":"Calling Bell"},{"not_picked":["White Beast Statue","Sozu"],"picked":"Velvet Choker"}],"items_purged_floors":[27,37],"is_endless":false,"potions_floor_spawned":[4,8,12,13,16,18,23,28,35,39,47,54],"ascension_level":2}