{"gold_per_floor":[110,120,132,132,64,64,99,111,134,134,147,147,161,161,161,233,283,300,315,315,315,315,315,2,2,29,43,59,59,70,85,85,85],"floor_reached":33,"playtime":3755,"items_purged":[],"score":411,"play_id":"bcfe1334-5734-4b45-8839-8f8ae3a0adb5","local_time":"20181005135723","is_ascension_mode":true,"campfire_choices":[{"data":"True Grit","floor":6.0,"key":"SMITH"},{"data":"Bash","floor":10.0,"key":"SMITH"},{"floor":15.0,"key":"REST"},{"data":"Hemokinesis","floor":23.0,"key":"SMITH"},{"data":"Metallicize","floor":25.0,"key":"SMITH"},{"floor":32,"key":"REST"}],"neow_cost":"NONE","seed_source_timestamp":0,"circlet_count":0,"master_deck":["Strike_R+1","Strike_R+1","Strike_R+1","Strike_R+1","Defend_R","Defend_R","Defend_R","Defend_R","Bash+1","AscendersBane","Exhume","Shrug It Off","Spot Weakness","True Grit+1","Metallicize+1","Iron Wave+1","Fire Breathing","Impervious","Clothesline","Hemokinesis+1","Twin Strike","Spot Weakness","Flame Barrier","Disarm","Pommel Strike+1","Shrug It Off+1"],"special_seed":0,"relics":["Burning Blood","Bag of Preparation","Whetstone","Art of War","Tiny House","Mercury Hourglass","Potion Belt"],"potions_floor_usage":[31],"damage_taken":[{"damage":3.0,"enemies":"Jaw Worm","floor":1.0,"turns":6.0},{"damage":0.0,"enemies":"2 Louse","floor":2.0,"turns":5.0},{"damage":6.0,"enemies":"Cultist","floor":3.0,"turns":5.0},{"damage":27.0,"enemies":"Lagavulin","floor":7.0,"turns":8.0},{"damage":11.0,"enemies":"3 Louse","floor":8.0,"turns":4.0},{"damage":20.0,"enemies":"Lots of Slimes","floor":11.0,"turns":5.0},{"damage":12.0,"enemies":"Gremlin Gang","floor":13.0,"turns":7.0},{"damage":17.0,"enemies":"The Guardian","floor":16.0,"turns":11.0},{"damage":8.0,"enemies":"Shell Parasite","floor":18.0,"turns":12.0},{"damage":14.0,"enemies":"Chosen","floor":19.0,"turns":7.0},{"damage":42.0,"enemies":"3 Cultists","floor":27.0,"turns":7.0},{"damage":10.0,"enemies":"Cultist and Chosen","floor":28.0,"turns":8.0},{"damage":8.0,"enemies":"Shelled Parasite and Fungi","floor":30.0,"turns":7.0},{"damage":15,"enemies":"Snecko","floor":31,"turns":7},{"damage":27,"enemies":"Automaton","floor":33,"turns":6}],"seed_played":"8590995867849743774","potions_obtained":[{"floor":7.0,"key":"AttackPotion"},{"floor":11.0,"key":"SpeedPotion"},{"floor":16.0,"key":"AttackPotion"},{"floor":17.0,"key":"EssenceOfSteel"},{"floor":28.0,"key":"GamblersBrew"},{"floor":30.0,"key":"SkillPotion"},{"floor":31,"key":"FairyPotion"}],"is_trial":false,"path_per_floor":["M","M","M","?","$","R","E","M","T","R","M","?","M","?","R","B",null,"M","M","?","?","$","R","$","R","T","M","M","$","M","M","R"],"character_chosen":"IRONCLAD","items_purchased":["Metallicize","Mercury Hourglass","Flame Barrier"],"campfire_rested":2,"item_purchase_floors":[5,24,24],"current_hp_per_floor":[75,80,80,64,64,64,43,38,38,38,24,24,18,18,42,31,73,71,63,63,63,63,63,63,63,63,27,23,23,21,12,37,10],"gold":85,"neow_bonus":"ONE_RANDOM_RARE_CARD","is_prod":false,"is_daily":false,"chose_seed":false,"campfire_upgraded":4,"win_rate":0,"timestamp":1538773043,"path_taken":["M","M","M","?","$","R","E","M","T","R","M","?","M","?","R","BOSS","M","M","?","?","?","R","$","R","T","M","M","$","?","M","R","BOSS"],"build_version":"2018-10-04","purchased_purges":0,"victory":false,"max_hp_per_floor":[80,80,80,80,80,80,80,80,80,80,80,80,80,80,80,80,85,85,85,85,85,85,85,85,85,85,85,85,85,85,85,85,85],"card_choices":[{"not_picked":["Pommel Strike","Power Through"],"picked":"Shrug It Off","floor":1.0},{"not_picked":["Havoc","Carnage"],"picked":"Spot Weakness","floor":2.0},{"not_picked":["Twin Strike","Flex"],"picked":"True Grit","floor":3.0},{"not_picked":["Perfected Strike","Thunderclap"],"picked":"Iron Wave","floor":7.0},{"not_picked":["Power Through","Clash","Brutality"],"picked":"SKIP","floor":8.0},{"not_picked":["Body Slam","Combust"],"picked":"Armaments","floor":11.0},{"not_picked":["Second Wind","Dual Wield","Evolve"],"picked":"SKIP","floor":13.0},{"not_picked":["Bludgeon","Dark Embrace"],"picked":"Impervious","floor":16.0},{"not_picked":["Searing Blow","Infernal Blade"],"picked":"Clothesline","floor":17.0},{"not_picked":["Intimidate","Warcry"],"picked":"Hemokinesis","floor":18.0},{"not_picked":["Wild Strike","Armaments"],"picked":"Twin Strike","floor":19.0},{"not_picked":["Clothesline","Inflame"],"picked":"Disarm","floor":27.0},{"not_picked":["Headbutt","Cleave","Body Slam"],"picked":"SKIP","floor":28.0},{"not_picked":["Immolate","Body Slam+1"],"picked":"Pommel Strike+1","floor":30.0},{"not_picked":["Anger","Clothesline"],"picked":"Shrug It Off+1","floor":31}],"player_experience":1126393,"relics_obtained":[{"floor":7.0,"key":"Bag of Preparation"},{"floor":9.0,"key":"Whetstone"},{"floor":26.0,"key":"Potion Belt"}],"event_choices":[{"event_name":"Shining Light","player_choice":"Entered Light","floor":4.0,"damage_taken":0.0},{"event_name":"Transmorgrifier","player_choice":"Transform","floor":12.0,"damage_taken":0.0},{"event_name":"WeMeetAgain","player_choice":"Card","floor":14.0,"damage_taken":0.0},{"event_name":"Duplicator","player_choice":"One dupe","floor":20.0,"damage_taken":0.0},{"event_name":"Vampires","player_choice":"Ignored","floor":21.0,"damage_taken":0.0}],"is_beta":false,"boss_relics":[{"not_picked":["Calling Bell","Runic Pyramid"],"picked":"Tiny House"}],"items_purged_floors":[],"is_endless":false,"potions_floor_spawned":[7,11,16,28,30,31],"killed_by":"Automaton","ascension_level":13}