{"path_per_floor":["M","M","$","M","M","R","E","M","T","E","R","$","M","?","R","B",null,"M","?","$","?","M","R","?","M","T","M","R","$","M","?","R"],"character_chosen":"IRONCLAD","items_purchased":["Regal Pillow","Warcry","Shrug It Off"],"gold_per_floor":[114,126,51,69,83,83,110,124,124,152,152,9,9,9,9,104,134,153,68,18,18,33,33,33,48,75,94,94,68,78,78,78,78],"floor_reached":33,"campfire_rested":5,"playtime":1473,"item_purchase_floors":[12,20,29],"current_hp_per_floor":[80,80,80,79,71,71,29,28,28,8,32,32,49,49,80,47,85,60,60,60,44,29,71,71,24,24,24,66,66,48,48,90,0],"items_purged":["Strike_R"],"gold":78,"score":283,"play_id":"5f81f0d1-fd0f-4930-9929-3d633e37f0d9","local_time":"20180520173753","is_prod":false,"is_daily":false,"chose_seed":false,"is_ascension_mode":true,"campfire_upgraded":1,"timestamp":1526830673,"campfire_choices":[{"data":"Rampage","floor":6,"key":"SMITH"},{"floor":11,"key":"REST"},{"floor":15,"key":"REST"},{"floor":23,"key":"REST"},{"floor":28,"key":"REST"},{"floor":32,"key":"REST"}],"path_taken":["M","M","$","?","M","R","E","M","T","E","R","$","M","?","R","BOSS","M","?","$","?","M","R","?","M","T","M","R","?","?","?","R","BOSS"],"build_version":"2018-05-18","seed_source_timestamp":19908566473424,"purchased_purges":1,"victory":false,"master_deck":["Strike_R","Strike_R","Strike_R","Strike_R","Defend_R","Defend_R","Defend_R","Defend_R+1","Bash","Barricade","Rampage","Rampage+1","Inflame","Double Tap","Barricade","Offering","Pommel Strike","Body Slam","Warcry","True Grit+1","Ghostly Armor+1","Shrug It Off","Flex","Brutality","Thunderclap"],"max_hp_per_floor":[80,80,80,80,80,80,80,80,80,80,80,80,80,80,80,80,85,85,85,85,90,90,90,90,90,90,90,90,90,90,90,90,90],"relics":["Burning Blood","Torii","Blue Candle","Meat on the Bone","Regal Pillow","Tiny House","Pantograph","Vajra"],"card_choices":[{"not_picked":["Thunderclap","Wild Strike"],"picked":"Rampage","floor":1},{"not_picked":["Twin Strike","Feel No Pain","Anger"],"picked":"SKIP","floor":2},{"not_picked":["Dropkick","Perfected Strike"],"picked":"Rampage","floor":4},{"not_picked":["Heavy Blade","Burning Pact"],"picked":"Inflame","floor":5},{"not_picked":["Intimidate","Sword Boomerang"],"picked":"Double Tap","floor":7},{"not_picked":["Pommel Strike","Heavy Blade","Thunderclap"],"picked":"SKIP","floor":8},{"not_picked":["Iron Wave","Heavy Blade","Dual Wield"],"picked":"SKIP","floor":10},{"not_picked":["Reaper","Barricade"],"picked":"Offering","floor":16},{"not_picked":["Perfected Strike","Armaments"],"picked":"Pommel Strike","floor":17},{"not_picked":["Anger","Rampage"],"picked":"Body Slam","floor":18},{"not_picked":["Body Slam","Reaper"],"picked":"True Grit+1","floor":22},{"not_picked":["Twin Strike","Cleave","True Grit"],"picked":"SKIP","floor":25},{"not_picked":["Clothesline","Wild Strike+1"],"picked":"Ghostly Armor+1","floor":27},{"not_picked":["Anger","Whirlwind+1"],"picked":"Flex","floor":30}],"player_experience":119559,"potions_floor_usage":[13,13,16,25,25,27,27,30],"damage_taken":[{"damage":1,"enemies":"Cultist","floor":1,"turns":3},{"damage":2,"enemies":"Small Slimes","floor":2,"turns":5},{"damage":7,"enemies":"2 Louse","floor":4,"turns":3},{"damage":14,"enemies":"Blue Slaver","floor":5,"turns":5},{"damage":48,"enemies":"3 Sentries","floor":7,"turns":11},{"damage":7,"enemies":"Looter","floor":8,"turns":4},{"damage":26,"enemies":"Lagavulin","floor":10,"turns":7},{"damage":1,"enemies":"Red Slaver","floor":13,"turns":4},{"damage":51,"enemies":"The Guardian","floor":16,"turns":13},{"damage":31,"enemies":"3 Byrds","floor":18,"turns":6},{"damage":33,"enemies":"Spheric Guardian","floor":22,"turns":6},{"damage":65,"enemies":"Snake Plant","floor":25,"turns":7},{"damage":18,"enemies":"Snecko","floor":27,"turns":4},{"damage":36,"enemies":"Centurion and Healer","floor":30,"turns":9},{"damage":103,"enemies":"Automaton","floor":33,"turns":10}],"relics_obtained":[{"floor":7,"key":"Torii"},{"floor":9,"key":"Blue Candle"},{"floor":10,"key":"Meat on the Bone"},{"floor":26,"key":"Vajra"}],"event_choices":[{"event_name":"Match and Keep!","player_choice":"1 cards matched","floor":14,"damage_taken":0},{"event_name":"Addict","player_choice":"Obtained Relic","floor":19,"damage_taken":0},{"event_name":"Forgotten Altar","player_choice":"Shed Blood","floor":21,"damage_taken":0},{"event_name":"Drug Dealer","player_choice":"Ignored","floor":24,"damage_taken":0},{"event_name":"Match and Keep!","player_choice":"2 cards matched","floor":31,"damage_taken":0}],"boss_relics":[{"not_picked":["Runic Pyramid","Snecko Eye"],"picked":"Tiny House"}],"items_purged_floors":[3],"potions_floor_spawned":[4,7,10,16,22,25,27],"seed_played":"340250686399668542","killed_by":"Automaton","ascension_level":2,"potions_obtained":[{"floor":4,"key":"SmokeBomb"},{"floor":7,"key":"EssenceOfSteel"},{"floor":10,"key":"Weak Potion"},{"floor":16,"key":"SteroidPotion"},{"floor":17,"key":"SneckoOil"},{"floor":22,"key":"Energy Potion"},{"floor":25,"key":"PowerPotion"},{"floor":27,"key":"LiquidBronze"}],"is_trial":false}