{"path_per_floor":["M","?","$","?","M","E","R","M","T","?","M","?","?","T","R","B",null,"M","$","?","M","M","R","M","R","T","M","$","R","E","?","R","B",null,"M","?","M","M","?"],"character_chosen":"IRONCLAD","items_purchased":["Molten Egg 2"],"gold_per_floor":[114,114,39,139,154,214,214,229,254,254,269,219,219,244,244,369,369,388,38,38,42,61,61,80,80,130,149,24,24,62,62,62,187,187,206,306,325,344,344,344],"floor_reached":40,"campfire_rested":2,"playtime":1876,"current_hp_per_floor":[75,75,75,75,75,44,44,50,50,50,51,51,31,31,75,28,75,56,56,56,47,29,29,17,70,70,66,66,66,41,41,41,8,70,70,70,65,65,65,0],"items_purged":["Defend_R","Defend_R","Strike_R"],"gold":344,"score":404,"play_id":"042af290-a3cd-476e-b939-4feec2a46116","local_time":"20180405220146","daily_mods":["Diverse","Binary","Night Terrors"],"is_prod":false,"is_daily":true,"is_ascension_mode":false,"campfire_upgraded":4,"timestamp":1522983706,"path_taken":["M","?","$","?","M","E","R","M","T","?","?","?","?","?","R","BOSS","M","$","?","?","M","R","M","R","T","?","?","R","E","?","R","BOSS","M","?","M","M","?","BOSS"],"build_version":"2018-04-05","purchased_purges":3,"victory":false,"master_deck":["Strike_R","Strike_R","Defend_R","Bash+1","PiercingWail+1","Quick Slash","Iron Wave+1","Blur","Pommel Strike+1","Immolate","Poisoned Stab+1","Power Through+1","Flex+1","Bane+1","Escape Plan","Clothesline+1","Immolate+1","Flex+1","Iron Wave+1"],"max_hp_per_floor":[80,80,80,80,80,80,80,80,80,80,80,80,80,80,75,75,75,75,75,75,75,75,75,75,70,70,70,70,70,70,70,70,70,70,70,70,70,70,70,70],"relics":["Burning Blood","Tiny Chest","Orichalcum","Golden Idol","Pen Nib","Lizard Tail","Molten Egg 2","Happy Flower","Oddly Smooth Stone","Runic Cube"],"card_choices":[{"not_picked":["Heavy Blade"],"picked":"PiercingWail","floor":1},{"not_picked":["Slice"],"picked":"Quick Slash","floor":5},{"not_picked":["Sentinel"],"picked":"Iron Wave","floor":6},{"not_picked":["Heavy Blade"],"picked":"Blur","floor":8},{"not_picked":["Leg Sweep"],"picked":"Pommel Strike","floor":11},{"not_picked":["Dark Embrace"],"picked":"Immolate","floor":16},{"not_picked":["Perfected Strike"],"picked":"Poisoned Stab","floor":18},{"not_picked":["Combust"],"picked":"Power Through","floor":21},{"not_picked":["Distraction"],"picked":"Flex","floor":22},{"not_picked":["Anger"],"picked":"Bane","floor":24},{"not_picked":["Feel No Pain"],"picked":"Escape Plan","floor":27},{"not_picked":["Sentinel"],"picked":"Clothesline","floor":30},{"not_picked":["Feed"],"picked":"Immolate","floor":33},{"not_picked":["Calculated Gamble"],"picked":"Flex","floor":35},{"not_picked":["Bouncing Flask"],"picked":"Iron Wave","floor":38}],"player_experience":129899,"potions_floor_usage":[30,33,33,33],"damage_taken":[{"damage":11,"enemies":"Jaw Worm","floor":1,"turns":3},{"damage":6,"enemies":"Cultist","floor":5,"turns":3},{"damage":37,"enemies":"3 Sentries","floor":6,"turns":11},{"damage":0,"enemies":"Small Slimes","floor":8,"turns":4},{"damage":5,"enemies":"3 Louse","floor":11,"turns":5},{"damage":53,"enemies":"The Guardian","floor":16,"turns":11},{"damage":25,"enemies":"Chosen","floor":18,"turns":5},{"damage":15,"enemies":"2 Thieves","floor":21,"turns":4},{"damage":24,"enemies":"Chosen and Byrds","floor":22,"turns":6},{"damage":18,"enemies":"Snake Plant","floor":24,"turns":4},{"damage":10,"enemies":"Centurion and Healer","floor":27,"turns":5},{"damage":31,"enemies":"Book of Stabbing","floor":30,"turns":4},{"damage":97,"enemies":"Automaton","floor":33,"turns":11},{"damage":5,"enemies":"3 Shapes","floor":35,"turns":3},{"damage":11,"enemies":"Orb Walker","floor":37,"turns":3},{"damage":6,"enemies":"3 Darklings","floor":38,"turns":4},{"damage":74,"enemies":"Awakened One","floor":40,"turns":11}],"event_choices":[{"event_name":"Bonfire Elementals","player_choice":"BASIC","floor":2,"damage_taken":0},{"event_name":"Golden Shrine","player_choice":"Pray","floor":4,"damage_taken":0},{"event_name":"Living Wall","player_choice":"Forget","floor":10,"damage_taken":0},{"event_name":"The Cleric","player_choice":"Card Removal","floor":12,"damage_taken":0},{"event_name":"Golden Idol","player_choice":"Take Damage","floor":13,"damage_taken":0},{"event_name":"Beggar","player_choice":"Ignored","floor":20,"damage_taken":0},{"event_name":"The Woman in Blue","player_choice":"Bought 0 Potions","floor":31,"damage_taken":0},{"event_name":"Golden Shrine","player_choice":"Pray","floor":36,"damage_taken":0},{"event_name":"SecretPortal","player_choice":"Took Portal.","floor":39,"damage_taken":0}],"boss_relics":[{"not_picked":["Calling Bell","Runic Pyramid"],"picked":"Lizard Tail"},{"not_picked":["Sozu","Black Star"],"picked":"Runic Cube"}],"potions_floor_spawned":[6,8,18,27,30],"seed_played":"-7248569299204843606","killed_by":"Awakened One","ascension_level":0,"is_trial":false}