{"path_per_floor":["M","?","M","$","M","R","M","R","T","M","$","E","?","?","R","B",null,"M","M","M","T","$","R","E","?","T","?","R","?","M","M","R","B",null,"M","$","M","?","?","R","M","R","T","E","R","M","M","E","R","B"],"character_chosen":"THE_SILENT","items_purchased":["Dagger Spray","Lantern","Sadistic Nature"],"gold_per_floor":[212,387,404,277,289,289,302,302,329,341,341,376,376,401,401,500,500,515,455,469,524,79,79,106,0,0,0,0,0,14,25,25,122,152,169,44,63,63,0,0,18,18,18,49,49,60,80,115,115,115],"floor_reached":51,"campfire_rested":5,"playtime":5072,"item_purchase_floors":[],"current_hp_per_floor":[63,63,58,58,56,56,51,51,51,50,50,36,36,32,32,21,58,45,30,7,7,7,28,24,24,24,24,45,45,23,13,34,2,58,56,56,38,38,38,60,53,53,53,50,50,47,47,50,72,11],"items_purged":["Doubt","Doubt","Strike_G"],"gold":115,"score":1010,"play_id":"b6849ac4-5c57-44b2-863c-aabc98ebf88c","local_time":"20180531081546","is_prod":false,"is_daily":false,"chose_seed":false,"is_ascension_mode":true,"campfire_upgraded":5,"win_rate":0,"timestamp":1527779746,"campfire_choices":[{"data":"Cloak And Dagger","floor":6.0,"key":"SMITH"},{"data":"Malaise","floor":8.0,"key":"SMITH"},{"data":"Poisoned Stab","floor":15.0,"key":"SMITH"},{"floor":23.0,"key":"REST"},{"floor":28.0,"key":"REST"},{"floor":32.0,"key":"REST"},{"floor":40.0,"key":"REST"},{"data":"After Image","floor":42.0,"key":"SMITH"},{"data":"Neutralize","floor":45.0,"key":"SMITH"},{"floor":49.0,"key":"REST"}],"path_taken":["M","?","M","$","M","R","M","R","T","M","$","E","?","?","R","BOSS","M","M","M","?","$","R","E","?","T","?","R","?","M","M","R","BOSS","M","?","M","?","?","R","M","R","T","E","R","M","M","E","R","BOSS"],"build_version":"2018-05-24","seed_source_timestamp":0,"purchased_purges":3,"victory":true,"master_deck":["Defend_G","Defend_G+1","Defend_G","Defend_G","Defend_G","Strike_G","Strike_G","Strike_G","Survivor","Neutralize+1","AscendersBane","Cloak And Dagger+1","Dagger Spray","Backflip","Malaise+1","Poisoned Stab+1","Predator","Catalyst","Venomology","Leg Sweep","Noxious Fumes+1","Sadistic Nature","Cloak And Dagger+1","Malaise+1","PiercingWail+1","Well Laid Plans","After Image+1","Dash","Leg Sweep+1"],"max_hp_per_floor":[70,70,70,70,70,70,70,70,70,70,70,70,70,70,70,70,70,70,70,70,70,70,70,70,70,70,70,70,70,70,70,70,70,75,75,75,75,75,75,75,75,75,75,75,75,75,75,75,75,75],"relics":["Ring of the Snake","Juzu Bracelet","Pen Nib","Odd Mushroom","Cursed Key","Snake Skull","Lantern","Ginger","Tiny House","Red Mask","Mercury Hourglass","Potion Belt"],"card_choices":[{"not_picked":["Heel Hook","Bouncing Flask"],"picked":"Cloak And Dagger","floor":1.0},{"not_picked":["Deflect","Prepared","Slice"],"picked":"SKIP","floor":3.0},{"not_picked":["Dagger Spray","Underhanded Strike"],"picked":"Backflip","floor":5.0},{"not_picked":["Blade Dance","Eviscerate"],"picked":"Malaise","floor":7.0},{"not_picked":["Eviscerate","Riddle With Holes"],"picked":"Poisoned Stab","floor":10.0},{"not_picked":["Endless Agony","Slice"],"picked":"Predator","floor":12.0},{"not_picked":["Deadly Poison","Skewer"],"picked":"Catalyst","floor":14.0},{"not_picked":["Die Die Die","Grand Finale"],"picked":"Venomology","floor":16.0},{"not_picked":["PiercingWail","Malaise"],"picked":"Leg Sweep","floor":18.0},{"not_picked":["Dagger Spray","Masterful Stab","Outmaneuver+1"],"picked":"SKIP","floor":19.0},{"not_picked":["Calculated Gamble","Slice"],"picked":"Noxious Fumes","floor":20.0},{"not_picked":["Outmaneuver","Dodge and Roll"],"picked":"Cloak And Dagger+1","floor":24.0},{"not_picked":["Dodge and Roll","Acrobatics"],"picked":"PiercingWail+1","floor":30.0},{"not_picked":["PiercingWail","Reflex+1"],"picked":"Well Laid Plans","floor":31.0},{"not_picked":["Doppelganger","Phantasmal Killer"],"picked":"After Image","floor":33.0},{"not_picked":["Dagger Throw+1","All Out Attack"],"picked":"Dash","floor":34.0},{"not_picked":["Distraction","Cloak And Dagger+1","Calculated Gamble+1"],"picked":"SKIP","floor":35.0},{"not_picked":["Prepared+1","Flying Knee+1","Bane"],"picked":"SKIP","floor":37.0},{"not_picked":["Caltrops","Prepared+1","Deflect+1"],"picked":"SKIP","floor":41.0},{"not_picked":["Dodge and Roll","Slice","Bane"],"picked":"SKIP","floor":44.0},{"not_picked":["Well Laid Plans","Skewer","Poisoned Stab"],"picked":"SKIP","floor":46.0},{"not_picked":["Dodge and Roll+1","Slice+1","Poisoned Stab+1"],"picked":"SKIP","floor":47.0},{"not_picked":["Well Laid Plans+1","Prepared+1"],"picked":"Leg Sweep+1","floor":48.0}],"player_experience":745516,"potions_floor_usage":[50,50,50],"damage_taken":[{"damage":0.0,"enemies":"Small Slimes","floor":1.0,"turns":5.0},{"damage":5.0,"enemies":"Jaw Worm","floor":3.0,"turns":6.0},{"damage":2.0,"enemies":"Cultist","floor":5.0,"turns":4.0},{"damage":5.0,"enemies":"Exordium Wildlife","floor":7.0,"turns":6.0},{"damage":1.0,"enemies":"Looter","floor":10.0,"turns":3.0},{"damage":14.0,"enemies":"Gremlin Nob","floor":12.0,"turns":4.0},{"damage":4.0,"enemies":"The Mushroom Lair","floor":14.0,"turns":5.0},{"damage":11.0,"enemies":"The Guardian","floor":16.0,"turns":14.0},{"damage":13.0,"enemies":"Spheric Guardian","floor":18.0,"turns":5.0},{"damage":15.0,"enemies":"2 Thieves","floor":19.0,"turns":4.0},{"damage":23.0,"enemies":"Chosen and Byrds","floor":20.0,"turns":10.0},{"damage":4.0,"enemies":"Book of Stabbing","floor":24.0,"turns":7.0},{"damage":22.0,"enemies":"Cultist and Chosen","floor":30.0,"turns":7.0},{"damage":10.0,"enemies":"Slaver and Parasite","floor":31.0,"turns":7.0},{"damage":32.0,"enemies":"Champ","floor":33.0,"turns":15.0},{"damage":2.0,"enemies":"3 Shapes","floor":35.0,"turns":7.0},{"damage":18.0,"enemies":"3 Darklings","floor":37.0,"turns":8.0},{"damage":7.0,"enemies":"4 Shapes","floor":41.0,"turns":10.0},{"damage":3.0,"enemies":"Nemesis","floor":44.0,"turns":9.0},{"damage":3.0,"enemies":"Sphere and 2 Shapes","floor":46.0,"turns":7.0},{"damage":0.0,"enemies":"Maw","floor":47.0,"turns":7.0},{"damage":11.0,"enemies":"2 Orb Walkers","floor":48.0,"turns":5.0},{"damage":61,"enemies":"Donu and Deca","floor":50,"turns":14}],"relics_obtained":[{"floor":9.0,"key":"Juzu Bracelet"},{"floor":12.0,"key":"Pen Nib"},{"floor":14.0,"key":"Odd Mushroom"},{"floor":21.0,"key":"Snake Skull"},{"floor":24.0,"key":"Ginger"},{"floor":44.0,"key":"Mercury Hourglass"},{"floor":48.0,"key":"Potion Belt"}],"event_choices":[{"event_name":"Liars Game","player_choice":"agreed","floor":2.0,"damage_taken":0.0},{"event_name":"Shining Light","player_choice":"Ignored","floor":13.0,"damage_taken":0.0},{"event_name":"Mushrooms","player_choice":"Fought Mushrooms","floor":14.0,"damage_taken":0.0},{"event_name":"Masked Bandits","player_choice":"Paid Bandits 106 gold","floor":25.0,"damage_taken":0.0},{"event_name":"Purifier","player_choice":"One Purge","floor":27.0,"damage_taken":0.0},{"event_name":"Duplicator","player_choice":"One dupe","floor":29.0,"damage_taken":0.0},{"event_name":"Accursed Blacksmith","player_choice":"Forge","floor":38.0,"damage_taken":0.0},{"event_name":"Tomb of Lord Red Mask","player_choice":"Paid","floor":39.0,"damage_taken":0.0}],"boss_relics":[],"items_purged_floors":[],"potions_floor_spawned":[1,3,16,24,30,31,37,44,47,48],"seed_played":"-8299651394779915727","ascension_level":10,"potions_obtained":[{"floor":1.0,"key":"Poison Potion"},{"floor":3.0,"key":"Fire Potion"},{"floor":16.0,"key":"Dexterity Potion"},{"floor":24.0,"key":"LiquidBronze"},{"floor":34.0,"key":"Swift Potion"},{"floor":37.0,"key":"SkillPotion"},{"floor":44.0,"key":"Swift Potion"},{"floor":47.0,"key":"Regen Potion"},{"floor":48.0,"key":"GhostInAJar"}],"is_trial":false}