{"gold_per_floor":[111,128,77,77,77,77,109,109,109,138,138,170,143,155,155,232,232,232,232,40,40,25,25,25,25,25,25,25,25,25,25,25,25,25,25,25,25,25,25,25,25,25,25,25,25,25,25,25,25,25,25,25,1,1,1],"floor_reached":55,"playtime":2987,"items_purged":[],"score":1239,"play_id":"2bf1578b-b03b-48ad-a5a5-669ef783e598","local_time":"20190126033845","is_ascension_mode":true,"campfire_choices":[{"data":"Whirlwind","floor":6.0,"key":"SMITH"},{"data":"Shockwave","floor":8.0,"key":"SMITH"},{"data":"Armaments","floor":11.0,"key":"SMITH"},{"data":"Metallicize","floor":15.0,"key":"SMITH"},{"data":"Offering","floor":25.0,"key":"SMITH"},{"floor":29.0,"key":"REST"},{"floor":32.0,"key":"REST"},{"floor":40,"key":"REST"},{"floor":42,"key":"REST"},{"floor":46,"key":"RECALL"},{"data":"Disarm","floor":49,"key":"SMITH"},{"data":"1","floor":52,"key":"LIFT"}],"neow_cost":"NONE","seed_source_timestamp":348167285244109,"circlet_count":0,"master_deck":["AscendersBane","Strike_R","Strike_R","Strike_R","Strike_R","Defend_R","Defend_R","Defend_R","Defend_R","Bash","Whirlwind+1","Regret","Shockwave+1","Armaments+1","True Grit+1","Metallicize+1","Demon Form","Burning Pact","Spot Weakness+1","Headbutt+1","Offering+1","Reaper","Exhume","Battle Trance","Armaments+1","Barricade","Body Slam+1","Dark Embrace","Disarm+1","Clothesline","Impervious"],"special_seed":0,"relics":["Burning Blood","Ancient Tea Set","Pen Nib","Incense Burner","Dream Catcher","Strawberry","Ectoplasm","Chemical X","Nloth\u0027s Gift","War Paint","Girya","Question Card","Snecko Eye","Boot","Gambling Chip"],"potions_floor_usage":[41,50],"damage_taken":[{"damage":0.0,"enemies":"Small Slimes","floor":1.0,"turns":1.0},{"damage":0.0,"enemies":"2 Louse","floor":2.0,"turns":1.0},{"damage":0.0,"enemies":"Lagavulin","floor":7.0,"turns":2.0},{"damage":4.0,"enemies":"3 Sentries","floor":10.0,"turns":4.0},{"damage":11.0,"enemies":"Gremlin Nob","floor":12.0,"turns":4.0},{"damage":2.0,"enemies":"Jaw Worm","floor":14.0,"turns":4.0},{"damage":50.0,"enemies":"The Guardian","floor":16.0,"turns":14.0},{"damage":3.0,"enemies":"Chosen","floor":18.0,"turns":5.0},{"damage":15.0,"enemies":"2 Thieves","floor":22.0,"turns":2.0},{"damage":20.0,"enemies":"Book of Stabbing","floor":23.0,"turns":4.0},{"damage":10.0,"enemies":"Centurion and Healer","floor":24.0,"turns":3.0},{"damage":6.0,"enemies":"Cultist and Chosen","floor":27.0,"turns":4.0},{"damage":35.0,"enemies":"Slavers","floor":28.0,"turns":2.0},{"damage":6.0,"enemies":"Snake Plant","floor":31.0,"turns":3.0},{"damage":28.0,"enemies":"Champ","floor":33.0,"turns":7.0},{"damage":7.0,"enemies":"Orb Walker","floor":35.0,"turns":2.0},{"damage":22,"enemies":"3 Shapes","floor":37,"turns":5},{"damage":46,"enemies":"Transient","floor":39,"turns":5},{"damage":57,"enemies":"Reptomancer","floor":41,"turns":5},{"damage":6,"enemies":"Writhing Mass","floor":44,"turns":2},{"damage":0,"enemies":"Jaw Worm Horde","floor":48,"turns":1},{"damage":74,"enemies":"Donu and Deca","floor":50,"turns":6},{"damage":31,"enemies":"Shield and Spear","floor":54,"turns":4},{"damage":87,"enemies":"The Heart","floor":55,"turns":5}],"seed_played":"3854166080956933714","potions_obtained":[{"floor":1.0,"key":"Explosive Potion"},{"floor":16.0,"key":"Dexterity Potion"},{"floor":23.0,"key":"SkillPotion"},{"floor":27.0,"key":"Fruit Juice"},{"floor":31.0,"key":"Ancient Potion"},{"floor":33.0,"key":"Energy Potion"}],"is_trial":false,"path_per_floor":["M","M","$","?","?","R","E","R","T","E","R","E","?","M","R","B",null,"M","?","$","?","M","E","M","R","T","M","E","R","$","M","R","B",null,"M","$","M","?","M","R","E","R","T","M","?","R","$","M","R","B",null,"R","$","E","B"],"character_chosen":"IRONCLAD","items_purchased":["Block Potion","Chemical X","Clothesline"],"campfire_rested":4,"item_purchase_floors":[3,20,53],"current_hp_per_floor":[78,80,80,80,80,80,80,80,80,80,80,82,82,86,86,42,76,79,79,79,79,70,56,52,52,52,57,28,55,55,55,82,76,88,87,87,92,92,65,92,54,81,81,81,81,81,81,87,87,84,90,90,90,84,0],"gold":1,"neow_bonus":"THREE_ENEMY_KILL","is_prod":false,"is_daily":false,"chose_seed":false,"campfire_upgraded":6,"win_rate":0,"timestamp":1548491925,"path_taken":["M","M","$","?","?","R","E","R","T","E","R","E","?","M","R","BOSS","M","?","$","?","M","E","M","R","T","M","E","R","$","?","R","BOSS","M","?","M","?","M","R","E","R","T","M","?","R","$","?","R","BOSS","R","$","E","BOSS"],"build_version":"2019-01-23","purchased_purges":0,"victory":false,"max_hp_per_floor":[80,80,80,80,80,80,80,80,80,80,80,87,87,87,87,87,87,87,87,87,87,87,87,87,87,87,92,92,92,92,92,92,92,92,92,92,92,92,92,92,92,92,92,92,92,92,92,92,92,92,92,92,92,92,92],"card_choices":[{"not_picked":["Dual Wield","Iron Wave","Clash"],"picked":"SKIP","floor":1.0},{"not_picked":["Wild Strike","Body Slam"],"picked":"Whirlwind","floor":2.0},{"not_picked":["Twin Strike","True Grit"],"picked":"Shockwave","floor":7.0},{"not_picked":["Shrug It Off","Reckless Charge"],"picked":"Armaments","floor":10.0},{"not_picked":["Shockwave","Pummel"],"picked":"True Grit","floor":12.0},{"not_picked":["Battle Trance","Sword Boomerang"],"picked":"Metallicize","floor":14.0},{"not_picked":["Immolate","Dark Embrace"],"picked":"Demon Form","floor":16.0},{"not_picked":["Thunderclap","Bloodletting"],"picked":"Burning Pact","floor":18.0},{"not_picked":["Anger","Thunderclap"],"picked":"Headbutt+1","floor":22.0},{"not_picked":["Perfected Strike","Bludgeon"],"picked":"Offering","floor":23.0},{"not_picked":["Wild Strike+1","Sword Boomerang","Clash+1"],"picked":"SKIP","floor":24.0},{"not_picked":["Thunderclap","Dual Wield","Shockwave"],"picked":"SKIP","floor":27.0},{"not_picked":["Perfected Strike+1","Brutality"],"picked":"Reaper","floor":28.0},{"not_picked":["Berserk","Rupture+1","Iron Wave","Bloodletting"],"picked":"SKIP","floor":31.0},{"not_picked":["Feed","Limit Break","Double Tap"],"picked":"Exhume","floor":33.0},{"not_picked":["Clash+1","Iron Wave","Anger"],"picked":"Battle Trance","floor":35.0},{"not_picked":["Body Slam+1","Cleave+1","Combust","Fiend Fire"],"picked":"SKIP","floor":37},{"not_picked":["Shockwave","Cleave+1","True Grit","Body Slam+1"],"picked":"SKIP","floor":39},{"not_picked":["Anger","Searing Blow","Thunderclap"],"picked":"Armaments+1","floor":40},{"not_picked":["Reaper","Anger+1","Warcry+1"],"picked":"Barricade","floor":41},{"not_picked":["Clash","Flex","Cleave"],"picked":"Body Slam+1","floor":42},{"not_picked":["Wild Strike","Thunderclap+1","Cleave"],"picked":"Dark Embrace","floor":44},{"not_picked":["True Grit+1","Twin Strike","Rupture"],"picked":"Disarm","floor":48},{"not_picked":["Feed","Body Slam","Immolate"],"picked":"Impervious","floor":54}],"player_experience":632655,"relics_obtained":[{"floor":7.0,"key":"Pen Nib"},{"floor":9.0,"key":"Incense Burner"},{"floor":10.0,"key":"Dream Catcher"},{"floor":12.0,"key":"Strawberry"},{"floor":23.0,"key":"War Paint"},{"floor":26.0,"key":"Girya"},{"floor":28.0,"key":"Question Card"},{"floor":41,"key":"Boot"},{"floor":54,"key":"Gambling Chip"}],"event_choices":[{"damage_healed":0.0,"max_hp_gain":0.0,"max_hp_loss":0.0,"gold_gain":0.0,"event_name":"The Cleric","player_choice":"Leave","floor":4.0,"gold_loss":0.0,"damage_taken":0.0},{"damage_healed":0.0,"max_hp_gain":0.0,"max_hp_loss":0.0,"gold_gain":0.0,"event_name":"Big Fish","player_choice":"Box","floor":5.0,"gold_loss":0.0,"damage_taken":0.0,"relics_obtained":["Ancient Tea Set"],"cards_obtained":["Regret"]},{"damage_healed":0.0,"max_hp_gain":0.0,"max_hp_loss":0.0,"gold_gain":0.0,"event_name":"World of Goop","player_choice":"Left Gold","floor":13.0,"gold_loss":27.0,"damage_taken":0.0},{"damage_healed":0.0,"max_hp_gain":0.0,"max_hp_loss":0.0,"gold_gain":0.0,"event_name":"The Library","player_choice":"Read","floor":19.0,"gold_loss":0.0,"damage_taken":0.0,"cards_obtained":["Spot Weakness"]},{"damage_healed":0.0,"max_hp_gain":0.0,"max_hp_loss":0.0,"gold_gain":0.0,"event_name":"N\u0027loth","player_choice":"Traded Relic","floor":21.0,"relics_lost":["NeowsBlessing"],"gold_loss":0.0,"damage_taken":0.0,"relics_obtained":["Nloth\u0027s Gift"]},{"cards_removed":["Strike_R"],"damage_healed":0,"gold_gain":0,"player_choice":"Removed Attack","damage_taken":0,"max_hp_gain":0,"max_hp_loss":0,"event_name":"Falling","floor":38,"gold_loss":0},{"damage_healed":0,"gold_gain":0,"player_choice":"Ignored","damage_taken":0,"max_hp_gain":0,"max_hp_loss":0,"event_name":"SecretPortal","floor":45,"gold_loss":0}],"is_beta":false,"boss_relics":[{"not_picked":["Sozu","Runic Cube"],"picked":"Ectoplasm"},{"not_picked":["Eternal Feather","Black Star"],"picked":"Snecko Eye"}],"items_purged_floors":[],"is_endless":false,"potions_floor_spawned":[1,7,16,23,27,31,33,37,39],"killed_by":"The Heart","ascension_level":13}