{"gold_per_floor":[113,113,127,127,52,52,66,66,66,91,110,210,245,53,53,53],"floor_reached":16,"playtime":380,"items_purged":[],"score":175,"play_id":"22cbef3e-5d86-46d0-ab52-2a3c95957839","local_time":"20181008220111","is_ascension_mode":true,"campfire_choices":[{"data":"Neutralize","floor":6,"key":"SMITH"},{"data":"Crippling Poison","floor":8,"key":"SMITH"},{"data":"Reflex","floor":15,"key":"SMITH"}],"neow_cost":"NONE","seed_source_timestamp":224865195272503,"circlet_count":0,"master_deck":["Defend_G","Defend_G","Defend_G","Defend_G","Strike_G","Strike_G","Strike_G","Strike_G","Survivor","Neutralize+1","AscendersBane","PiercingWail","Flying Knee","Crippling Poison+1","Backstab","Cloak And Dagger","Dagger Throw","Reflex+1"],"relics":["Ring of the Snake","Lantern","Golden Idol","Bottled Flame","Pantograph","ClockworkSouvenir"],"potions_floor_usage":[13,13],"damage_taken":[{"damage":0,"enemies":"2 Louse","floor":1,"turns":4},{"damage":5,"enemies":"Cultist","floor":3,"turns":4},{"damage":4,"enemies":"Jaw Worm","floor":7,"turns":4},{"damage":0,"enemies":"2 Fungi Beasts","floor":10,"turns":3},{"damage":0,"enemies":"3 Louse","floor":11,"turns":4},{"damage":12,"enemies":"Lagavulin","floor":13,"turns":4},{"damage":30,"enemies":"Slime Boss","floor":16,"turns":8}],"seed_played":"-1693938862749972619","potions_obtained":[{"floor":7,"key":"FearPotion"},{"floor":10,"key":"Block Potion"}],"is_trial":false,"path_per_floor":["M","?","M","?","?","R","M","R","T","M","M","?","E","$","R"],"character_chosen":"THE_SILENT","items_purchased":["ClockworkSouvenir"],"campfire_rested":0,"item_purchase_floors":[14],"current_hp_per_floor":[59,59,54,31,31,31,27,27,27,27,27,27,15,15,15,10],"gold":53,"neow_bonus":"RANDOM_COMMON_RELIC","is_prod":false,"is_daily":false,"chose_seed":false,"campfire_upgraded":3,"win_rate":0,"timestamp":1539061271,"path_taken":["M","?","M","?","?","R","M","R","T","?","M","?","E","$","R","BOSS"],"build_version":"2018-10-04","purchased_purges":0,"victory":false,"max_hp_per_floor":[66,66,66,66,66,66,66,66,66,66,66,66,66,66,66,66],"card_choices":[{"not_picked":["Dagger Spray","Endless Agony"],"picked":"PiercingWail","floor":1},{"not_picked":["All Out Attack","Expertise"],"picked":"Crippling Poison","floor":3},{"not_picked":["Expertise","Cloak And Dagger"],"picked":"Backstab","floor":7},{"not_picked":["Dagger Spray","Flechettes"],"picked":"Cloak And Dagger","floor":10},{"not_picked":["Backflip","Acrobatics"],"picked":"Dagger Throw","floor":11},{"not_picked":["Dagger Throw","Dagger Spray"],"picked":"Reflex","floor":13}],"player_experience":862192,"relics_obtained":[{"floor":9,"key":"Bottled Flame"},{"floor":13,"key":"Pantograph"}],"event_choices":[{"event_name":"Transmorgrifier","player_choice":"Transform","floor":2,"damage_taken":0},{"event_name":"Golden Idol","player_choice":"Take Damage","floor":4,"damage_taken":0},{"event_name":"The Cleric","player_choice":"Card Removal","floor":5,"damage_taken":0},{"event_name":"Wheel of Change","player_choice":"Gold","floor":12,"damage_taken":0}],"is_beta":true,"boss_relics":[],"items_purged_floors":[],"is_endless":false,"potions_floor_spawned":[7,10,11],"killed_by":"Slime Boss","ascension_level":15}