{"gold_per_floor":[116,128,128,303,303,337,349,361,373,385,411,438,450,481,493,603,615,639,662,674,686,623,663,692,704,716,742,754,785,807,829,841,853],"floor_reached":33,"playtime":2056,"items_purged":[],"score":463,"play_id":"65668a50-b6a0-4368-976b-0a560f6a68bd","local_time":"20190106212756","is_ascension_mode":true,"campfire_choices":[{"data":"Bouncing Flask","floor":8,"key":"SMITH"},{"data":"Poisoned Stab","floor":10,"key":"SMITH"},{"data":"Noxious Fumes","floor":13,"key":"SMITH"},{"data":"Blur","floor":15,"key":"SMITH"},{"floor":25,"key":"REST"},{"floor":28,"key":"REST"},{"floor":32,"key":"REST"}],"neow_cost":"NONE","seed_source_timestamp":1435254631095163,"circlet_count":0,"master_deck":["Defend_G","Defend_G","Defend_G","Defend_G","Defend_G","Strike_G","Strike_G","Strike_G","Survivor","Neutralize","Bouncing Flask+1","Footwork","Poisoned Stab+1","Dash","All Out Attack","Noxious Fumes+1","Blur+1","Tools of the Trade","Catalyst","Escape Plan+1","Adrenaline","Catalyst+1","Dodge and Roll","Reflex","Dodge and Roll","PiercingWail+1"],"relics":["Ring of the Snake","NeowsBlessing","MawBank","Pantograph","WristBlade","Nilry\u0027s Codex","Pocketwatch","Gambling Chip"],"potions_floor_usage":[12,16,19,19,19,19,23,24,24,31],"damage_taken":[{"damage":0,"enemies":"2 Louse","floor":1,"turns":1},{"damage":0,"enemies":"Small Slimes","floor":2,"turns":1},{"damage":0,"enemies":"3 Sentries","floor":6,"turns":1},{"damage":0,"enemies":"Cultist","floor":11,"turns":3},{"damage":4,"enemies":"Blue Slaver","floor":12,"turns":3},{"damage":0,"enemies":"2 Fungi Beasts","floor":14,"turns":2},{"damage":4,"enemies":"The Guardian","floor":16,"turns":9},{"damage":16,"enemies":"Spheric Guardian","floor":18,"turns":4},{"damage":11,"enemies":"Shell Parasite","floor":19,"turns":5},{"damage":54,"enemies":"Gremlin Leader","floor":23,"turns":7},{"damage":9,"enemies":"Snake Plant","floor":24,"turns":4},{"damage":10,"enemies":"Snecko","floor":27,"turns":4},{"damage":0,"enemies":"Centurion and Healer","floor":29,"turns":5},{"damage":20,"enemies":"3 Cultists","floor":30,"turns":4},{"damage":8,"enemies":"Cultist and Chosen","floor":31,"turns":5},{"damage":78,"enemies":"Collector","floor":33,"turns":6}],"seed_played":"2241429491738819064","potions_obtained":[{"floor":1,"key":"Weak Potion"},{"floor":11,"key":"EntropicBrew"},{"floor":12,"key":"SpeedPotion"},{"floor":14,"key":"Regen Potion"},{"floor":18,"key":"Poison Potion"},{"floor":19,"key":"Fire Potion"},{"floor":29,"key":"Ancient Potion"},{"floor":30,"key":"Swift Potion"}],"is_trial":false,"path_per_floor":["M","M","?","?","?","E","?","R","T","R","M","M","R","M","R","B",null,"M","M","?","?","?","E","M","R","T","M","R","M","M","M","R","B"],"character_chosen":"THE_SILENT","items_purchased":[],"campfire_rested":3,"item_purchase_floors":[],"current_hp_per_floor":[63,63,63,63,56,56,49,49,49,49,49,45,45,45,45,66,69,53,57,41,64,64,10,1,22,22,12,33,33,13,5,26,0],"gold":853,"neow_bonus":"THREE_ENEMY_KILL","is_prod":false,"is_daily":false,"chose_seed":false,"campfire_upgraded":4,"win_rate":0,"timestamp":1546831676,"path_taken":["M","M","?","?","?","E","?","R","T","R","M","M","R","M","R","BOSS","M","M","?","?","?","E","M","R","T","M","R","M","M","M","R","BOSS"],"build_version":"2019-01-03v4","purchased_purges":0,"victory":false,"max_hp_per_floor":[70,70,70,70,70,70,70,70,70,70,70,70,70,70,70,70,70,70,70,70,70,70,70,70,70,70,70,70,70,70,70,70,70],"card_choices":[{"not_picked":["Dagger Throw","Prepared"],"picked":"Bouncing Flask","floor":1},{"not_picked":["Finisher","Sucker Punch"],"picked":"Footwork","floor":2},{"not_picked":["Eviscerate","Wraith Form v2"],"picked":"Dash","floor":6},{"not_picked":["Blade Dance","Tactician"],"picked":"All Out Attack","floor":11},{"not_picked":["Cloak And Dagger","Distraction"],"picked":"Noxious Fumes","floor":12},{"not_picked":["Slice","Underhanded Strike"],"picked":"Blur","floor":14},{"not_picked":["Doppelganger","Venomology"],"picked":"Tools of the Trade","floor":16},{"not_picked":["Blur","Slice"],"picked":"Catalyst","floor":18},{"not_picked":["Deflect","Backstab"],"picked":"Escape Plan+1","floor":19},{"not_picked":["Setup","Sucker Punch"],"picked":"Adrenaline","floor":23},{"not_picked":["Reflex+1","Backflip+1"],"picked":"Catalyst+1","floor":24},{"not_picked":["Bane","Heel Hook+1"],"picked":"Dodge and Roll","floor":27},{"not_picked":["Terror","Riddle With Holes+1"],"picked":"Reflex","floor":29},{"not_picked":["Acrobatics","Quick Slash"],"picked":"Dodge and Roll","floor":30},{"not_picked":["Distraction","Predator"],"picked":"PiercingWail+1","floor":31}],"player_experience":410020,"relics_obtained":[{"floor":6,"key":"MawBank"},{"floor":9,"key":"Pantograph"},{"floor":20,"key":"Nilry\u0027s Codex"},{"floor":23,"key":"Pocketwatch"},{"floor":26,"key":"Gambling Chip"}],"event_choices":[{"damage_healed":0,"gold_gain":0,"cards_transformed":["Strike_G"],"player_choice":"Change","damage_taken":0,"max_hp_gain":0,"max_hp_loss":0,"event_name":"Living Wall","floor":3,"gold_loss":0,"cards_obtained":["Poisoned Stab"]},{"damage_healed":0,"gold_gain":175,"player_choice":"AGREE","damage_taken":0,"max_hp_gain":0,"max_hp_loss":0,"event_name":"Liars Game","floor":4,"gold_loss":0,"cards_obtained":["Doubt"]},{"cards_removed":["Doubt"],"damage_healed":0,"gold_gain":0,"player_choice":"Card Removal","damage_taken":7,"max_hp_gain":0,"max_hp_loss":0,"event_name":"Golden Wing","floor":5,"gold_loss":0},{"damage_healed":0,"gold_gain":0,"player_choice":"Damaged","damage_taken":7,"max_hp_gain":0,"max_hp_loss":0,"event_name":"Wheel of Change","floor":7,"gold_loss":0},{"damage_healed":0,"gold_gain":0,"player_choice":"Obtained Book","damage_taken":16,"max_hp_gain":0,"max_hp_loss":0,"event_name":"Cursed Tome","floor":20,"gold_loss":0},{"damage_healed":23,"gold_gain":0,"player_choice":"Heal","damage_taken":0,"max_hp_gain":0,"max_hp_loss":0,"event_name":"The Library","floor":21,"gold_loss":0},{"cards_removed":["Strike_G"],"damage_healed":0,"gold_gain":0,"player_choice":"Gave Gold","damage_taken":0,"max_hp_gain":0,"max_hp_loss":0,"event_name":"Beggar","floor":22,"gold_loss":75}],"is_beta":false,"boss_relics":[{"not_picked":["Coffee Dripper","HoveringKite"],"picked":"WristBlade"}],"items_purged_floors":[],"is_endless":false,"potions_floor_spawned":[1,11,12,14,18,19,29,30],"killed_by":"Collector","ascension_level":9}