{"gold_per_floor":[114,133,283,283,295,295,295,325,352,364,392,492,492],"floor_reached":13,"playtime":348,"items_purged":[],"score":185,"play_id":"0930546c-0e8b-468f-9176-4100123890da","local_time":"20190106213150","is_ascension_mode":true,"campfire_choices":[{"data":"Zap","floor":6,"key":"SMITH"}],"neow_cost":"PERCENT_DAMAGE","seed_source_timestamp":70851622583137,"circlet_count":0,"master_deck":["AscendersBane","Strike_B","Strike_B","Strike_B","Defend_B","Defend_B","Defend_B","Defend_B","Zap+1","Dualcast","Glacier","Ball Lightning","Conserve Battery","Hologram"],"relics":["Cracked Core","Emotion Chip","Spirit Poop","Art of War","Potion Belt","Kunai"],"potions_floor_usage":[11,11,11],"damage_taken":[{"damage":2,"enemies":"Jaw Worm","floor":1,"turns":3},{"damage":3,"enemies":"2 Louse","floor":2,"turns":3},{"damage":1,"enemies":"Cultist","floor":5,"turns":3},{"damage":23,"enemies":"3 Sentries","floor":8,"turns":7},{"damage":6,"enemies":"Blue Slaver","floor":10,"turns":2},{"damage":2,"enemies":"Lagavulin","floor":11,"turns":6},{"damage":0,"enemies":"3 Louse","floor":13,"turns":1}],"seed_played":"36681093079284652","potions_obtained":[{"floor":1,"key":"SpeedPotion"},{"floor":5,"key":"Weak Potion"},{"floor":10,"key":"Block Potion"}],"is_trial":false,"path_per_floor":["M","M","?","?","M","R","?","E","T","M","E","?","M"],"character_chosen":"DEFECT","items_purchased":[],"campfire_rested":0,"item_purchase_floors":[],"current_hp_per_floor":[44,41,41,41,40,40,33,10,10,4,2,2,2],"gold":492,"neow_bonus":"ONE_RARE_RELIC","is_prod":false,"is_daily":false,"chose_seed":false,"campfire_upgraded":1,"win_rate":0,"timestamp":1546770710,"path_taken":["M","M","?","?","?","R","?","E","T","M","E","?","M"],"build_version":"2018-11-15","purchased_purges":0,"victory":false,"max_hp_per_floor":[71,71,71,71,71,71,71,71,71,71,71,71,71],"card_choices":[{"not_picked":["Conserve Battery","Static Discharge"],"picked":"Glacier","floor":1},{"not_picked":["Barrage","Reinforced Body"],"picked":"Ball Lightning","floor":2},{"not_picked":["Rebound","Skim"],"picked":"Conserve Battery","floor":5},{"not_picked":["Auto Shields","Scrape"],"picked":"Hologram","floor":8},{"not_picked":["Force Field","Redo","Rip and Tear"],"picked":"SKIP","floor":10},{"not_picked":["Redo","Melter","Leap"],"picked":"SKIP","floor":11}],"player_experience":1000628,"relics_obtained":[{"floor":8,"key":"Art of War"},{"floor":9,"key":"Potion Belt"},{"floor":11,"key":"Kunai"}],"event_choices":[{"damage_healed":0,"gold_gain":150,"player_choice":"AGREE","damage_taken":0,"max_hp_gain":0,"max_hp_loss":0,"event_name":"Liars Game","floor":3,"gold_loss":0,"cards_obtained":["Doubt"]},{"cards_removed":["Doubt"],"damage_healed":0,"gold_gain":0,"player_choice":"Offered Curse","damage_taken":0,"relics_obtained":["Spirit Poop"],"max_hp_gain":0,"max_hp_loss":0,"event_name":"Bonfire Elementals","floor":4,"gold_loss":0},{"cards_removed":["Strike_B"],"damage_healed":0,"gold_gain":0,"player_choice":"Card Removal","damage_taken":7,"max_hp_gain":0,"max_hp_loss":0,"event_name":"Golden Wing","floor":7,"gold_loss":0},{"damage_healed":0,"gold_gain":100,"player_choice":"Gold","damage_taken":0,"max_hp_gain":0,"max_hp_loss":0,"event_name":"Wheel of Change","floor":12,"gold_loss":0}],"is_beta":true,"boss_relics":[],"items_purged_floors":[],"is_endless":false,"potions_floor_spawned":[1,5,10],"killed_by":"3 Louse","ascension_level":20}