{"gold_per_floor":[128,154,186,217,229,241,271,283,348,360,382,424,464,476,488,605,617,640,652,739,763,336,336,346,346,369,385,204,219,254,267,267,370,370,387,397,272,272,272,272,286,286,313,413,413,429,429,429,429,429],"floor_reached":51,"playtime":2207,"items_purged":["Strike_B","Strike_B","Strike_B"],"score":767,"play_id":"2eb7f0cd-fd8c-46fb-aabe-86aaae77054a","local_time":"20181101010338","is_ascension_mode":false,"campfire_choices":[{"data":"Defragment","floor":6.0,"key":"SMITH"},{"data":"Zap","floor":8.0,"key":"SMITH"},{"data":"Dualcast","floor":10.0,"key":"SMITH"},{"data":"Defragment","floor":15.0,"key":"SMITH"},{"data":"Chaos","floor":23.0,"key":"SMITH"},{"data":"Beam Cell","floor":25.0,"key":"SMITH"},{"floor":32.0,"key":"REST"},{"data":"Loop","floor":40,"key":"SMITH"},{"floor":42,"key":"REST"},{"data":"Metamorphosis","floor":49,"key":"SMITH"}],"neow_cost":"NONE","seed_source_timestamp":0,"circlet_count":0,"master_deck":["Defend_B","Defend_B","Defend_B","Defend_B","Zap+1","Dualcast+1","BootSequence","BootSequence","Conserve Battery","Defragment+1","Chaos+1","Defragment+1","Cold Snap","Amplify","Genetic Algorithm+1","Beam Cell+1","Capacitor","Go for the Eyes+1","Loop+1","Glacier","Seek","White Noise","Bandage Up","Metamorphosis+1","Shame"],"special_seed":0,"relics":["FrozenCore","MawBank","Tiny Chest","Odd Mushroom","Boot","Symbiotic Virus","Bag of Preparation","Juzu Bracelet","Cursed Key","Happy Flower","Pocketwatch"],"potions_floor_usage":[50],"damage_taken":[{"damage":1.0,"enemies":"Jaw Worm","floor":1.0,"turns":4.0},{"damage":1.0,"enemies":"Cultist","floor":2.0,"turns":3.0},{"damage":2.0,"enemies":"Small Slimes","floor":3.0,"turns":3.0},{"damage":11.0,"enemies":"2 Fungi Beasts","floor":4.0,"turns":4.0},{"damage":0.0,"enemies":"Looter","floor":7.0,"turns":4.0},{"damage":0.0,"enemies":"Red Slaver","floor":11.0,"turns":3.0},{"damage":21.0,"enemies":"The Mushroom Lair","floor":12.0,"turns":4.0},{"damage":0.0,"enemies":"Lagavulin","floor":13.0,"turns":6.0},{"damage":12.0,"enemies":"Hexaghost","floor":16.0,"turns":10.0},{"damage":5.0,"enemies":"3 Byrds","floor":18.0,"turns":6.0},{"damage":0.0,"enemies":"Spheric Guardian","floor":21.0,"turns":8.0},{"damage":4.0,"enemies":"Centurion and Healer","floor":24.0,"turns":9.0},{"damage":12.0,"enemies":"Snake Plant","floor":27.0,"turns":5.0},{"damage":0.0,"enemies":"Cultist and Chosen","floor":29.0,"turns":7.0},{"damage":12.0,"enemies":"Slavers","floor":30.0,"turns":7.0},{"damage":0.0,"enemies":"Snecko","floor":31.0,"turns":8.0},{"damage":3.0,"enemies":"Collector","floor":33.0,"turns":15.0},{"damage":11.0,"enemies":"3 Shapes","floor":35.0,"turns":4.0},{"damage":17,"enemies":"3 Darklings","floor":36,"turns":16},{"damage":15,"enemies":"Spire Growth","floor":41,"turns":7},{"damage":0,"enemies":"Mind Bloom Boss Battle","floor":44,"turns":8},{"damage":0,"enemies":"Sphere and 2 Shapes","floor":46,"turns":6},{"damage":32,"enemies":"Awakened One","floor":50,"turns":10}],"seed_played":"8383607647454589228","potions_obtained":[{"floor":1.0,"key":"FocusPotion"},{"floor":3.0,"key":"PowerPotion"},{"floor":5.0,"key":"Swift Potion"},{"floor":7.0,"key":"FocusPotion"},{"floor":16.0,"key":"Dexterity Potion"},{"floor":27.0,"key":"Poison Potion"},{"floor":46,"key":"PowerPotion"}],"is_trial":false,"path_per_floor":["M","M","M","M","?","R","M","R","T","R","M","?","E","?","R","B",null,"M","?","?","M","$","R","M","R","T","M","$","M","E","M","R","B",null,"M","M","$","?","?","R","M","R","T","?","T","M","?","?","R","B",null],"character_chosen":"DEFECT","items_purchased":["Symbiotic Virus","FocusPotion","Capacitor","Loop"],"campfire_rested":2,"item_purchase_floors":[22,22,22,28],"current_hp_per_floor":[74,73,71,60,60,60,60,60,60,60,60,39,39,36,36,24,75,70,70,63,63,63,63,59,59,59,47,47,47,35,35,57,54,75,64,47,47,42,42,42,31,53,53,57,57,61,61,61,61,33],"gold":429,"neow_bonus":"RANDOM_COMMON_RELIC","is_prod":false,"is_daily":false,"chose_seed":false,"campfire_upgraded":8,"win_rate":0,"timestamp":1541059418,"path_taken":["M","M","M","M","?","R","?","R","T","R","?","?","E","?","R","BOSS","M","?","?","M","$","R","?","R","T","M","$","M","E","M","R","BOSS","M","M","$","?","?","R","M","R","T","?","?","M","?","?","R","BOSS"],"build_version":"2018-10-30","purchased_purges":3,"victory":true,"max_hp_per_floor":[75,75,75,75,75,75,75,75,75,75,75,75,75,75,75,75,75,75,75,75,75,75,75,75,75,75,75,75,75,75,75,75,75,75,75,75,75,75,75,75,75,75,75,75,75,75,75,71,71,71],"card_choices":[{"not_picked":["Barrage","Streamline"],"picked":"BootSequence","floor":1.0},{"not_picked":["Redo","Reprogram"],"picked":"BootSequence","floor":2.0},{"not_picked":["Double Energy","Beam Cell"],"picked":"Conserve Battery","floor":3.0},{"not_picked":["Compile Driver","Beam Cell"],"picked":"Defragment","floor":4.0},{"not_picked":["Scrape","Rebound","Aggregate"],"picked":"SKIP","floor":7.0},{"not_picked":["Leap","Consume"],"picked":"Chaos","floor":11.0},{"not_picked":["Loop","Chaos"],"picked":"Defragment","floor":12.0},{"not_picked":["Barrage","Hologram"],"picked":"Cold Snap","floor":13.0},{"not_picked":["Hyperbeam","Fission"],"picked":"Amplify","floor":16.0},{"not_picked":["Rebound","Leap"],"picked":"Genetic Algorithm+1","floor":18.0},{"not_picked":["Auto Shields","Aggregate"],"picked":"Beam Cell","floor":21.0},{"not_picked":["Steam","Gash","Tempest"],"picked":"SKIP","floor":24.0},{"not_picked":["Compile Driver","Darkness+1"],"picked":"Go for the Eyes+1","floor":27.0},{"not_picked":["Gash","Compile Driver","Scrape+1"],"picked":"SKIP","floor":29.0},{"not_picked":["Double Energy","Hello World+1"],"picked":"Glacier","floor":30.0},{"not_picked":["Consume+1","Gash","Storm+1"],"picked":"SKIP","floor":31.0},{"not_picked":["Buffer","Biased Cognition"],"picked":"Seek","floor":33.0},{"not_picked":["Leap+1","Streamline+1","Cold Snap+1"],"picked":"SKIP","floor":35.0},{"not_picked":["Turbo","Gash"],"picked":"White Noise","floor":36},{"not_picked":["Enlightenment","Apotheosis"],"picked":"Bandage Up","floor":38},{"not_picked":["Panache","Purity"],"picked":"Metamorphosis","floor":38},{"not_picked":["Streamline+1","Rebound","Skim"],"picked":"SKIP","floor":41},{"not_picked":["Force Field","Barrage","Static Discharge"],"picked":"SKIP","floor":46}],"player_experience":909555,"relics_obtained":[{"floor":9.0,"key":"Tiny Chest"},{"floor":12.0,"key":"Odd Mushroom"},{"floor":13.0,"key":"Boot"},{"floor":26.0,"key":"Bag of Preparation"},{"floor":30.0,"key":"Juzu Bracelet"},{"floor":43,"key":"Happy Flower"},{"floor":44,"key":"Pocketwatch"}],"event_choices":[{"damage_healed":0.0,"max_hp_gain":0.0,"max_hp_loss":0.0,"gold_gain":0.0,"event_name":"Lab","player_choice":"Got Potions","floor":5.0,"gold_loss":0.0,"damage_taken":0.0},{"damage_healed":0.0,"max_hp_gain":0.0,"max_hp_loss":0.0,"gold_gain":0.0,"event_name":"Mushrooms","player_choice":"Fought Mushrooms","floor":12.0,"gold_loss":0.0,"damage_taken":0.0},{"damage_healed":0.0,"max_hp_gain":0.0,"max_hp_loss":0.0,"gold_gain":0.0,"event_name":"Scrap Ooze","player_choice":"Fled","floor":14.0,"gold_loss":0.0,"damage_taken":3.0},{"damage_healed":0.0,"max_hp_gain":0.0,"max_hp_loss":0.0,"gold_gain":0.0,"event_name":"The Mausoleum","player_choice":"Ignored","floor":19.0,"gold_loss":0.0,"damage_taken":0.0},{"damage_healed":0.0,"max_hp_gain":0.0,"max_hp_loss":0.0,"gold_gain":75.0,"event_name":"FaceTrader","player_choice":"Touch","floor":20.0,"gold_loss":0.0,"damage_taken":7.0},{"damage_healed":0,"gold_gain":0,"player_choice":"Memory 2","damage_taken":5,"max_hp_gain":0,"max_hp_loss":0,"event_name":"SensoryStone","floor":38,"gold_loss":0},{"damage_healed":0,"gold_gain":0,"player_choice":"Ignored","damage_taken":0,"max_hp_gain":0,"max_hp_loss":0,"event_name":"Tomb of Lord Red Mask","floor":39,"gold_loss":0},{"damage_healed":0,"gold_gain":0,"player_choice":"Fight","damage_taken":0,"max_hp_gain":0,"max_hp_loss":0,"event_name":"MindBloom","floor":44,"gold_loss":0},{"cards_removed":["Strike_B"],"damage_healed":0,"gold_gain":0,"player_choice":"Removed Attack","damage_taken":0,"max_hp_gain":0,"max_hp_loss":0,"event_name":"Falling","floor":47,"gold_loss":0},{"damage_healed":0,"gold_gain":0,"player_choice":"Max HP","damage_taken":0,"max_hp_gain":0,"max_hp_loss":4,"event_name":"Winding Halls","floor":48,"gold_loss":0}],"is_beta":true,"boss_relics":[{"not_picked":["Astrolabe","Lizard Tail"],"picked":"FrozenCore"},{"not_picked":["White Beast Statue","Snecko Eye"],"picked":"Cursed Key"}],"items_purged_floors":[22,28,37],"is_endless":false,"potions_floor_spawned":[1,3,7,11,16,27,29,46],"ascension_level":0}