{"path_per_floor":["M","?","?","M","M","R","?","M","T","?","M","M","R","M","R","B",null,"M","?","M"],"character_chosen":"DEFECT","items_purchased":[],"gold_per_floor":[113,113,288,299,312,312,312,323,346,311,325,336,336,350,350,447,447,463,463,479,479],"floor_reached":21,"campfire_rested":1,"playtime":1091,"current_hp_per_floor":[67,72,72,57,57,57,42,40,40,58,56,46,67,67,67,4,73,73,73,47,0],"items_purged":[],"gold":479,"score":173,"play_id":"d5c6a7e7-abc7-4ecd-9e1a-f4c1ff32c905","local_time":"20180507212139","is_prod":false,"is_daily":false,"chose_seed":false,"is_ascension_mode":false,"campfire_upgraded":2,"timestamp":1525720899,"path_taken":["M","?","?","?","M","R","?","M","T","?","M","M","R","M","R","BOSS","M","?","M","M"],"build_version":"2018-05-03","seed_source_timestamp":4620781988562,"purchased_purges":0,"victory":false,"master_deck":["Strike_B","Strike_B","Strike_B","Strike_B","Defend_B","Defend_B","Defend_B","Defend_B+1","Zap","Dualcast+1","Seek","Skim","Doubt","Melter","Chaos+1","Cold Snap","Capacitor","Axe Kick","Leap","Capacitor+1","Seek","Force Field","Writhe","Self Repair"],"max_hp_per_floor":[68,73,73,73,73,73,73,73,73,73,73,73,73,73,73,73,73,73,73,73,73],"relics":["Cracked Core","Dream Catcher","Runic Pyramid","Vajra"],"card_choices":[{"not_picked":["Fission","Multi-Cast"],"picked":"Seek","floor":0},{"not_picked":["Turbo","Recycle"],"picked":"Skim","floor":1},{"not_picked":["Loop","Rebound"],"picked":"Melter","floor":4},{"not_picked":["Tempest","Stack"],"picked":"Chaos","floor":5},{"not_picked":["Reinforced Body","Scrape"],"picked":"Cold Snap","floor":8},{"not_picked":["Aggregate","Static Discharge"],"picked":"Capacitor","floor":11},{"not_picked":["Hologram","Streamline"],"picked":"Axe Kick","floor":12},{"not_picked":["Rebound","Hologram"],"picked":"Leap","floor":13},{"not_picked":["Barrage","Cold Snap"],"picked":"Capacitor","floor":14},{"not_picked":["Prime","Biased Cognition"],"picked":"Seek","floor":16},{"not_picked":["Double Energy","Heatsinks"],"picked":"Force Field","floor":18},{"not_picked":["Barrage","Rebound"],"picked":"Self Repair","floor":20}],"player_experience":54810,"potions_floor_usage":[],"damage_taken":[{"damage":1,"enemies":"Jaw Worm","floor":1,"turns":4},{"damage":15,"enemies":"2 Louse","floor":4,"turns":3},{"damage":0,"enemies":"Small Slimes","floor":5,"turns":2},{"damage":2,"enemies":"Exordium Wildlife","floor":8,"turns":3},{"damage":2,"enemies":"Blue Slaver","floor":11,"turns":4},{"damage":10,"enemies":"Exordium Thugs","floor":12,"turns":3},{"damage":0,"enemies":"Exordium Wildlife","floor":14,"turns":2},{"damage":63,"enemies":"Hexaghost","floor":16,"turns":14},{"damage":0,"enemies":"Chosen","floor":18,"turns":9},{"damage":26,"enemies":"Shell Parasite","floor":20,"turns":7},{"damage":47,"enemies":"Cultist and Chosen","floor":21,"turns":5}],"event_choices":[{"event_name":"Big Fish","player_choice":"Donut","floor":2,"damage_taken":0},{"event_name":"Liars Game","player_choice":"agreed","floor":3,"damage_taken":0},{"event_name":"Shining Light","player_choice":"Entered Light","floor":7,"damage_taken":0},{"event_name":"The Cleric","player_choice":"Healed","floor":10,"damage_taken":0},{"event_name":"The Mausoleum","player_choice":"Yes","floor":19,"damage_taken":0}],"boss_relics":[{"not_picked":["Snecko Eye","Eternal Feather"],"picked":"Runic Pyramid"}],"potions_floor_spawned":[5,8,12,14,16],"seed_played":"4285802734182516401","killed_by":"Cultist and Chosen","ascension_level":0,"is_trial":false}