{"gold_per_floor":[109,59,59,19,39,54,15,48,48,82,98,124,124,135,135,236,236,255,180,279,279,269,299,299,299,299,11,11,28,28,28,28,124,124,139,187,187,187],"floor_reached":38,"playtime":2081,"items_purged":[],"score":612,"play_id":"83ce8ff1-f4b6-4beb-8d86-a0ee3dba4507","local_time":"20181231000032","is_ascension_mode":true,"campfire_choices":[{"data":"Defragment","floor":13,"key":"SMITH"},{"floor":15,"key":"REST"},{"data":"Fission","floor":24,"key":"SMITH"},{"floor":28,"key":"REST"},{"data":"Storm","floor":30,"key":"SMITH"},{"floor":32,"key":"REST"}],"neow_cost":"NONE","seed_source_timestamp":839584336722282,"circlet_count":0,"master_deck":["Strike_B+1","Strike_B+1","Strike_B+1","Defend_B+1","Defend_B+1","Defend_B+1","Defend_B+1","Zap+1","Coolheaded+1","Leap+1","Fission+1","Defragment+1","Loop","Cold Snap","Blizzard","Rebound","Aggregate+1","Machine Learning","Fusion+1","Compile Driver","Meteor Strike","Capacitor","Self Repair","Storm+1","Capacitor","Stack","Echo Form","Defragment","Panacea"],"relics":["Cracked Core","Cables","Kunai","The Courier","Potion Belt","White Beast Statue","Blue Candle","PreservedInsect","War Paint","Philosopher\u0027s Stone","Turnip"],"potions_floor_usage":[8,10,14,16,23,23,23,31,33,33,35,36],"damage_taken":[{"damage":7,"enemies":"Small Slimes","floor":1,"turns":3},{"damage":0,"enemies":"Jaw Worm","floor":5,"turns":3},{"damage":0,"enemies":"Cultist","floor":6,"turns":4},{"damage":7,"enemies":"3 Sentries","floor":8,"turns":10},{"damage":16,"enemies":"Gremlin Nob","floor":10,"turns":4},{"damage":5,"enemies":"3 Louse","floor":11,"turns":3},{"damage":0,"enemies":"Lagavulin","floor":12,"turns":7},{"damage":9,"enemies":"Exordium Wildlife","floor":14,"turns":6},{"damage":10,"enemies":"Slime Boss","floor":16,"turns":10},{"damage":6,"enemies":"Spheric Guardian","floor":18,"turns":5},{"damage":20,"enemies":"2 Thieves","floor":22,"turns":4},{"damage":17,"enemies":"Book of Stabbing","floor":23,"turns":7},{"damage":21,"enemies":"Snecko","floor":29,"turns":6},{"damage":0,"enemies":"Slavers","floor":31,"turns":1},{"damage":13,"enemies":"Champ","floor":33,"turns":9},{"damage":13,"enemies":"Orb Walker","floor":35,"turns":3},{"damage":53,"enemies":"2 Orb Walkers","floor":36,"turns":5},{"damage":15,"enemies":"3 Darklings","floor":38,"turns":2}],"seed_played":"4527345035320792291","potions_obtained":[{"floor":4,"key":"Block Potion"},{"floor":4,"key":"SneckoOil"},{"floor":4,"key":"SkillPotion"},{"floor":5,"key":"GamblersBrew"},{"floor":10,"key":"SmokeBomb"},{"floor":12,"key":"Regen Potion"},{"floor":14,"key":"Swift Potion"},{"floor":18,"key":"Swift Potion"},{"floor":22,"key":"Block Potion"},{"floor":23,"key":"Strength Potion"},{"floor":29,"key":"Weak Potion"},{"floor":33,"key":"Energy Potion"},{"floor":35,"key":"SkillPotion"},{"floor":36,"key":"Strength Potion"}],"is_trial":false,"path_per_floor":["M","?","?","?","M","M","$","E","T","E","M","E","R","M","R","B",null,"M","?","?","?","M","E","R","?","T","$","R","M","R","E","R","B",null,"M","?","?","M"],"character_chosen":"DEFECT","items_purchased":["Defragment","Self Repair","Storm","Capacitor","War Paint"],"campfire_rested":3,"item_purchase_floors":[7,27,27,27,27],"current_hp_per_floor":[61,61,46,46,46,46,46,39,39,23,18,18,18,24,46,36,65,59,59,59,59,39,22,22,22,22,22,44,30,30,30,52,46,68,55,9,9,0],"gold":187,"neow_bonus":"UPGRADE_CARD","is_prod":false,"is_daily":false,"chose_seed":false,"campfire_upgraded":3,"win_rate":0,"timestamp":1546236032,"path_taken":["M","?","?","?","M","M","$","E","T","E","?","E","R","M","R","BOSS","M","?","?","?","M","E","R","?","T","$","R","?","R","E","R","BOSS","M","?","?","M"],"build_version":"2018-12-20","purchased_purges":0,"victory":false,"max_hp_per_floor":[75,75,75,75,75,75,75,75,75,75,75,75,75,75,75,75,75,75,75,75,75,75,75,75,75,75,75,75,75,75,75,75,75,75,75,75,75,75],"card_choices":[{"not_picked":["Leap","BootSequence"],"picked":"Coolheaded","floor":1},{"not_picked":["Melter","Tempest"],"picked":"Leap","floor":5},{"not_picked":["Stack","Hello World"],"picked":"Fission","floor":6},{"not_picked":["Stack","Double Energy"],"picked":"Loop","floor":8},{"not_picked":["Meteor Strike","Gash"],"picked":"Cold Snap","floor":10},{"not_picked":["Beam Cell","Coolheaded"],"picked":"Blizzard","floor":11},{"not_picked":["Darkness","Tempest"],"picked":"Rebound","floor":12},{"not_picked":["Beam Cell","Sweeping Beam"],"picked":"Aggregate","floor":14},{"not_picked":["Hyperbeam","Meteor Strike"],"picked":"Machine Learning","floor":16},{"not_picked":["Compile Driver","Tempest"],"picked":"Fusion+1","floor":18},{"not_picked":["Turbo","Leap+1"],"picked":"Compile Driver","floor":22},{"not_picked":["Steam Power","Beam Cell"],"picked":"Meteor Strike","floor":23},{"not_picked":["Ball Lightning","Lockon+1"],"picked":"Stack","floor":29},{"not_picked":["Amplify","All For One"],"picked":"Echo Form","floor":33},{"not_picked":["Rip and Tear+1","Streamline","Tempest"],"picked":"SKIP","floor":35},{"not_picked":["Fusion","Barrage"],"picked":"Defragment","floor":36},{"not_picked":["Deep Breath","Blind"],"picked":"Panacea","floor":37}],"player_experience":356138,"relics_obtained":[{"floor":8,"key":"Cables"},{"floor":9,"key":"Kunai"},{"floor":10,"key":"The Courier"},{"floor":12,"key":"Potion Belt"},{"floor":23,"key":"Blue Candle"},{"floor":26,"key":"PreservedInsect"},{"floor":36,"key":"Turnip"}],"event_choices":[{"cards_removed":["Dualcast"],"damage_healed":0,"gold_gain":0,"player_choice":"Card Removal","damage_taken":0,"max_hp_gain":0,"max_hp_loss":0,"event_name":"The Cleric","floor":2,"gold_loss":50},{"damage_healed":0,"gold_gain":0,"player_choice":"Entered Light","damage_taken":15,"max_hp_gain":0,"max_hp_loss":0,"event_name":"Shining Light","floor":3,"gold_loss":0,"cards_upgraded":["Strike_B","Coolheaded"]},{"damage_healed":0,"gold_gain":0,"player_choice":"Bought 3 Potions","damage_taken":0,"max_hp_gain":0,"max_hp_loss":0,"event_name":"The Woman in Blue","floor":4,"gold_loss":0},{"cards_removed":["Strike_B"],"damage_healed":0,"gold_gain":0,"player_choice":"Gave Gold","damage_taken":0,"max_hp_gain":0,"max_hp_loss":0,"event_name":"Beggar","floor":19,"gold_loss":75},{"damage_healed":0,"gold_gain":99,"player_choice":"Stole From Cult","damage_taken":0,"max_hp_gain":0,"max_hp_loss":0,"event_name":"Nest","floor":20,"gold_loss":0},{"damage_healed":0,"gold_gain":0,"player_choice":"Simplicity","damage_taken":0,"max_hp_gain":0,"max_hp_loss":0,"event_name":"Back to Basics","floor":21,"gold_loss":0,"cards_upgraded":["Strike_B","Strike_B","Defend_B","Defend_B","Defend_B","Defend_B"]},{"damage_healed":0,"gold_gain":0,"player_choice":"Read","damage_taken":0,"max_hp_gain":0,"max_hp_loss":0,"event_name":"The Library","floor":25,"gold_loss":0,"cards_obtained":["Capacitor"]},{"damage_healed":0,"gold_gain":0,"player_choice":"Fight","damage_taken":0,"max_hp_gain":0,"max_hp_loss":0,"event_name":"Mysterious Sphere","floor":36,"gold_loss":0},{"damage_healed":0,"gold_gain":0,"player_choice":"Memory 1","damage_taken":0,"max_hp_gain":0,"max_hp_loss":0,"event_name":"SensoryStone","floor":37,"gold_loss":0}],"is_beta":false,"boss_relics":[{"not_picked":["Fusion Hammer","Pandora\u0027s Box"],"picked":"White Beast Statue"},{"not_picked":["Sozu","Runic Dome"],"picked":"Philosopher\u0027s Stone"}],"items_purged_floors":[],"is_endless":false,"potions_floor_spawned":[5,10,12,14,18,22,23,29,31,33,35,36],"killed_by":"3 Darklings","ascension_level":7}