{"path_per_floor":["M","?","$","M","?","R","E","M","T","T","M","M","R","E","R","B",null,"M","?","M","$","M","E","M","E","T","E","R","E","M","M","R","B",null,"M","?","?","M","M","E","R","M","T","M","E","?","R","E","R","B"],"character_chosen":"IRONCLAD","items_purchased":[],"gold_per_floor":[114,114,39,52,2,2,36,52,52,52,65,88,88,119,119,247,247,242,242,252,152,171,197,210,245,323,357,357,389,405,420,420,516,516,529,529,529,546,565,597,597,616,640,659,684,684,684,719,719,719],"floor_reached":51,"campfire_rested":1,"playtime":4403,"current_hp_per_floor":[80,60,60,51,51,51,27,32,46,46,44,43,43,43,71,28,94,91,91,94,94,94,62,69,87,92,82,82,79,86,93,93,76,94,92,80,80,63,67,73,73,77,88,76,79,79,79,78,78,44],"items_purged":["Strike_R","Heavy Blade"],"gold":719,"score":918,"play_id":"655c2464-6b62-43ac-afcc-3f6df371a727","local_time":"20180328231001","is_prod":false,"is_daily":false,"is_ascension_mode":true,"campfire_upgraded":7,"timestamp":1522296601,"path_taken":["M","?","?","M","?","R","E","M","T","?","?","?","R","E","R","BOSS","M","?","M","$","M","E","?","E","T","E","R","E","M","?","R","BOSS","M","?","?","?","M","E","R","M","T","M","E","?","R","E","R","BOSS"],"build_version":"2018-03-22v2","purchased_purges":2,"victory":true,"master_deck":["Bash+1","Sentinel+1","True Grit+1","Warcry","Flex","Body Slam+1","Shrug It Off","Iron Wave","Offering+1","Dual Wield+1","Headbutt+1","Flame Barrier","Clothesline","Battle Trance","Iron Wave","Seeing Red+1","Disarm","Spot Weakness+1","Disarm","Havoc+1","Rage","Impervious","Intimidate","Flame Barrier","Brutality+1","Armaments+1","Madness","Madness","True Grit+1","Body Slam+1","Shrug It Off+1","Fire Breathing+1","Clumsy","Metallicize+1","Battle Trance","Flex"],"max_hp_per_floor":[80,80,80,80,80,80,80,80,94,94,94,94,94,94,94,94,94,94,94,94,94,94,94,94,94,94,94,94,94,94,94,94,94,94,94,94,94,94,94,94,94,94,100,100,100,100,100,100,100,100],"relics":["Burning Blood","Bloody Idol","Bronze Scales","Mango","Thread and Needle","Orichalcum","Pandora\u0027s Box","War Paint","Pen Nib","Bottled Flame","Darkstone Periapt","Ancient Tea Set","Cursed Key","Whetstone","Omamori","Torii","Bag of Marbles"],"card_choices":[{"not_picked":["Cleave","Armaments"],"picked":"Sentinel","floor":0},{"not_picked":["Sword Boomerang","Twin Strike"],"picked":"True Grit","floor":1},{"not_picked":["Armaments","Blood for Blood"],"picked":"Warcry","floor":4},{"not_picked":["Clothesline","Wild Strike"],"picked":"Flex","floor":7},{"not_picked":["Twin Strike","Sword Boomerang"],"picked":"Body Slam","floor":8},{"not_picked":["True Grit","Spot Weakness"],"picked":"Shrug It Off","floor":11},{"not_picked":["Carnage","Corruption"],"picked":"Iron Wave","floor":12},{"not_picked":["Limit Break","Pommel Strike"],"picked":"Iron Wave","floor":14},{"not_picked":["Immolate","Bludgeon"],"picked":"Offering","floor":16},{"not_picked":["Shockwave","Body Slam"],"picked":"Seeing Red","floor":20},{"not_picked":["Thunderclap","Heavy Blade"],"picked":"Disarm","floor":22},{"not_picked":["Shrug It Off","Dropkick"],"picked":"Spot Weakness","floor":23},{"not_picked":["Headbutt","Whirlwind"],"picked":"Disarm","floor":24},{"not_picked":["Twin Strike","Thunderclap"],"picked":"Havoc","floor":25},{"not_picked":["Pommel Strike","Heavy Blade"],"picked":"Rage","floor":27},{"not_picked":["Second Wind","Ghostly Armor"],"picked":"Impervious","floor":29},{"not_picked":["Iron Wave","Wild Strike"],"picked":"Intimidate","floor":30},{"not_picked":["Burning Pact","Anger"],"picked":"Flame Barrier","floor":31},{"not_picked":["Feed","Double Tap"],"picked":"Brutality","floor":33},{"not_picked":["Clash","Sword Boomerang"],"picked":"Armaments","floor":35},{"not_picked":["Thunderclap","Armaments"],"picked":"True Grit","floor":38},{"not_picked":["Shockwave","Clothesline"],"picked":"Body Slam","floor":39},{"not_picked":["Dropkick","Double Tap"],"picked":"Shrug It Off","floor":40},{"not_picked":["Perfected Strike","Anger"],"picked":"Fire Breathing","floor":42},{"not_picked":["Corruption","Armaments"],"picked":"Metallicize","floor":44},{"not_picked":["Heavy Blade","Feed"],"picked":"Battle Trance","floor":45},{"not_picked":["Burning Pact","Perfected Strike"],"picked":"Flex","floor":48}],"player_experience":96533,"potions_floor_usage":[14,16,16,24,25,30,33,39,45,50,50,50],"damage_taken":[{"damage":6,"enemies":"2 Louse","floor":1,"turns":5},{"damage":15,"enemies":"Cultist","floor":4,"turns":4},{"damage":30,"enemies":"3 Sentries","floor":7,"turns":14},{"damage":1,"enemies":"Jaw Worm","floor":8,"turns":3},{"damage":8,"enemies":"2 Fungi Beasts","floor":11,"turns":5},{"damage":7,"enemies":"Blue Slaver","floor":12,"turns":3},{"damage":6,"enemies":"Gremlin Nob","floor":14,"turns":4},{"damage":64,"enemies":"Slime Boss","floor":16,"turns":22},{"damage":9,"enemies":"2 Thieves","floor":18,"turns":4},{"damage":7,"enemies":"Shell Parasite","floor":20,"turns":4},{"damage":4,"enemies":"Snecko","floor":22,"turns":5},{"damage":43,"enemies":"Slavers","floor":23,"turns":7},{"damage":4,"enemies":"Cultist and Chosen","floor":24,"turns":2},{"damage":8,"enemies":"Book of Stabbing","floor":25,"turns":6},{"damage":21,"enemies":"Slavers","floor":27,"turns":6},{"damage":14,"enemies":"Gremlin Leader","floor":29,"turns":6},{"damage":4,"enemies":"Centurion and Healer","floor":30,"turns":6},{"damage":4,"enemies":"Snake Plant","floor":31,"turns":3},{"damage":28,"enemies":"Champ","floor":33,"turns":11},{"damage":13,"enemies":"3 Shapes","floor":35,"turns":6},{"damage":28,"enemies":"3 Darklings","floor":38,"turns":6},{"damage":7,"enemies":"Maw","floor":39,"turns":5},{"damage":5,"enemies":"Nemesis","floor":40,"turns":5},{"damage":7,"enemies":"4 Shapes","floor":42,"turns":5},{"damage":23,"enemies":"Sphere and 2 Shapes","floor":44,"turns":7},{"damage":8,"enemies":"Giant Head","floor":45,"turns":6},{"damage":12,"enemies":"2 Orb Walkers","floor":48,"turns":3},{"damage":40,"enemies":"Donu and Deca","floor":50,"turns":9}],"event_choices":[{"event_name":"Golden Idol","player_choice":"Take Damage","floor":2,"damage_taken":0},{"event_name":"The Cleric","player_choice":"Card Removal","floor":5,"damage_taken":0},{"event_name":"Forgotten Altar","player_choice":"Gave Idol","floor":19,"damage_taken":0},{"event_name":"Winding Halls","player_choice":"Embrace Madness","floor":36,"damage_taken":0},{"event_name":"The Lab","player_choice":"Got Potions","floor":37,"damage_taken":0}],"boss_relics":[{"not_picked":["Orrery","Runic Dome"],"picked":"Pandora\u0027s Box"},{"not_picked":["Question Card","Velvet Choker"],"picked":"Cursed Key"}],"potions_floor_spawned":[7,8,12,16,18,23,24,27,29,38,42,44,48],"seed_played":"-712399310632740813","ascension_level":1,"is_trial":false}