{"path_per_floor":["M","?","$","?","M","R","M","M","T","$","R","E","R","E","R","B",null,"M","$","M","?","?","R","E","R","T","?","M","M","M","M","R"],"character_chosen":"IRONCLAD","items_purchased":["Rampage","Offering"],"gold_per_floor":[118,118,49,49,65,65,83,101,101,26,26,59,59,91,91,193,193,205,16,31,31,31,31,63,63,63,63,83,102,118,133,133,133],"floor_reached":33,"campfire_rested":0,"playtime":3054,"item_purchase_floors":[],"current_hp_per_floor":[68,68,68,68,76,76,78,67,67,67,67,63,63,62,62,32,68,42,42,44,44,70,70,61,61,61,61,67,73,73,75,75,0],"items_purged":["Strike_R","Strike_R"],"gold":133,"score":413,"play_id":"a00b8775-1223-4468-bb81-f6b1df73bbe3","local_time":"20180618085357","is_prod":false,"is_daily":false,"chose_seed":false,"is_ascension_mode":true,"campfire_upgraded":7,"win_rate":0,"timestamp":1529337237,"campfire_choices":[{"data":"Armaments","floor":6.0,"key":"SMITH"},{"data":"Rampage","floor":11.0,"key":"SMITH"},{"data":"Whirlwind","floor":13.0,"key":"SMITH"},{"data":"Bash","floor":15.0,"key":"SMITH"},{"data":"True Grit","floor":23.0,"key":"SMITH"},{"data":"Seeing Red","floor":25.0,"key":"SMITH"},{"data":"True Grit","floor":32,"key":"SMITH"}],"path_taken":["M","?","$","?","M","R","M","M","T","$","R","E","R","E","R","BOSS","M","$","M","?","?","R","E","R","T","?","M","?","M","?","R","BOSS"],"build_version":"2018-06-14v2","seed_source_timestamp":0,"purchased_purges":2,"victory":false,"master_deck":["Strike_R","Strike_R","Defend_R","Defend_R","Defend_R","Defend_R","Bash+1","AscendersBane","Whirlwind+1","Rampage+1","Reaper","Armaments+1","Immolate","Clothesline","Shrug It Off","True Grit+1","Seeing Red+1","Disarm+1","Offering","Shrug It Off","Metallicize+1","True Grit+1"],"max_hp_per_floor":[80,80,80,80,80,80,80,80,80,80,80,80,80,80,80,80,80,80,80,80,80,80,80,80,80,80,80,80,80,80,80,80,80],"special_seed":0,"relics":["Burning Blood","Pen Nib","Gremlin Horn","The Courier","Oddly Smooth Stone","Orrery","Bag of Preparation","Paper Frog","Boot"],"card_choices":[{"not_picked":["Intimidate","Sword Boomerang"],"picked":"Whirlwind","floor":1.0},{"not_picked":["Flex","Cleave"],"picked":"Armaments","floor":5.0},{"not_picked":["Feel No Pain","Pommel Strike","Bloodletting"],"picked":"SKIP","floor":7.0},{"not_picked":["Flex","Sentinel","Rampage"],"picked":"SKIP","floor":8.0},{"not_picked":["Searing Blow","Cleave","Rupture"],"picked":"SKIP","floor":12.0},{"not_picked":["Heavy Blade","Body Slam","Berserk"],"picked":"SKIP","floor":14.0},{"not_picked":["Brutality","Dark Embrace"],"picked":"Immolate","floor":16.0},{"not_picked":["Flex","Rampage"],"picked":"Clothesline","floor":17.0},{"not_picked":["Twin Strike","Rage"],"picked":"Shrug It Off","floor":17.0},{"not_picked":["Warcry","Iron Wave"],"picked":"True Grit","floor":17.0},{"not_picked":["Body Slam","Clash"],"picked":"Seeing Red","floor":17.0},{"not_picked":["Perfected Strike","Blood for Blood"],"picked":"Disarm+1","floor":18.0},{"not_picked":["Seeing Red","Immolate"],"picked":"Shrug It Off","floor":20.0},{"not_picked":["Dual Wield","Anger+1","Havoc+1"],"picked":"SKIP","floor":24.0},{"not_picked":["Dropkick","Heavy Blade"],"picked":"Metallicize+1","floor":28.0},{"not_picked":["Feel No Pain","Metallicize","Havoc"],"picked":"SKIP","floor":29},{"not_picked":["Pummel","Second Wind","Heavy Blade"],"picked":"SKIP","floor":30},{"not_picked":["Thunderclap","Bloodletting"],"picked":"True Grit","floor":31}],"player_experience":873786,"potions_floor_usage":[33,33],"damage_taken":[{"damage":10.0,"enemies":"Small Slimes","floor":1.0,"turns":4.0},{"damage":6.0,"enemies":"Cultist","floor":5.0,"turns":4.0},{"damage":4.0,"enemies":"Jaw Worm","floor":7.0,"turns":4.0},{"damage":17.0,"enemies":"Looter","floor":8.0,"turns":3.0},{"damage":19.0,"enemies":"Lagavulin","floor":12.0,"turns":6.0},{"damage":22.0,"enemies":"3 Sentries","floor":14.0,"turns":4.0},{"damage":44.0,"enemies":"Slime Boss","floor":16.0,"turns":9.0},{"damage":32.0,"enemies":"Spheric Guardian","floor":18.0,"turns":6.0},{"damage":4.0,"enemies":"3 Byrds","floor":20.0,"turns":1.0},{"damage":15.0,"enemies":"Book of Stabbing","floor":24.0,"turns":8.0},{"damage":0.0,"enemies":"Sentry and Sphere","floor":28.0,"turns":1.0},{"damage":11,"enemies":"Centurion and Healer","floor":29,"turns":5},{"damage":13,"enemies":"Snecko","floor":30,"turns":3},{"damage":4,"enemies":"Snake Plant","floor":31,"turns":5},{"damage":96,"enemies":"Champ","floor":33,"turns":12}],"relics_obtained":[{"floor":9.0,"key":"Gremlin Horn"},{"floor":12.0,"key":"The Courier"},{"floor":14.0,"key":"Oddly Smooth Stone"},{"floor":24.0,"key":"Bag of Preparation"},{"floor":26.0,"key":"Paper Frog"}],"event_choices":[{"event_name":"The Woman in Blue","player_choice":"Bought 0 Potions","floor":2.0,"damage_taken":0.0},{"event_name":"Match and Keep!","player_choice":"1 cards matched","floor":4.0,"damage_taken":0.0},{"event_name":"Bonfire Elementals","player_choice":"BASIC","floor":21.0,"damage_taken":0.0},{"event_name":"The Library","player_choice":"Heal","floor":22.0,"damage_taken":0.0},{"event_name":"The Mausoleum","player_choice":"Yes","floor":27.0,"damage_taken":0.0}],"boss_relics":[{"not_picked":["Fusion Hammer","Coffee Dripper"],"picked":"Orrery"}],"items_purged_floors":[],"is_endless":false,"potions_floor_spawned":[1,5,14,16,18,24,30],"seed_played":"2023389410934290517","killed_by":"Champ","ascension_level":10,"potions_obtained":[{"floor":1.0,"key":"GamblersBrew"},{"floor":5.0,"key":"Regen Potion"},{"floor":14.0,"key":"EssenceOfSteel"},{"floor":16.0,"key":"Strength Potion"},{"floor":18.0,"key":"Weak Potion"},{"floor":24.0,"key":"Dexterity Potion"},{"floor":30,"key":"Regen Potion"}],"is_trial":false}