{"gold_per_floor":[114,189,199,9,28,63,73,103,103,117,132,57,57],"floor_reached":13,"playtime":694,"items_purged":["Writhe"],"score":97,"play_id":"565d12d4-2acf-422a-817b-538852ce4b1f","local_time":"20180810205526","is_ascension_mode":false,"campfire_choices":[],"neow_cost":"CURSE","seed_source_timestamp":201744970666949,"circlet_count":0,"master_deck":["Strike_B","Strike_B","Strike_B","Strike_B","Defend_B","Defend_B","Defend_B","Defend_B","Zap","Dualcast","Defragment","Melter","Beam Cell","Rainbow","Chaos","Chaos"],"relics":["Cracked Core","Nunchaku","DataDisk","Orichalcum","Centennial Puzzle","Shuriken"],"potions_floor_usage":[8,8],"damage_taken":[{"damage":6,"enemies":"Jaw Worm","floor":1,"turns":2},{"damage":0,"enemies":"2 Louse","floor":3,"turns":3},{"damage":0,"enemies":"Cultist","floor":5,"turns":2},{"damage":18,"enemies":"3 Sentries","floor":6,"turns":6},{"damage":0,"enemies":"3 Louse","floor":7,"turns":3},{"damage":26,"enemies":"Lagavulin","floor":8,"turns":4},{"damage":0,"enemies":"Blue Slaver","floor":10,"turns":4},{"damage":7,"enemies":"Red Slaver","floor":11,"turns":2},{"damage":10,"enemies":"Gremlin Nob","floor":13,"turns":2}],"seed_played":"-7239506407684643975","potions_obtained":[{"floor":5,"key":"Strength Potion"},{"floor":6,"key":"SteroidPotion"},{"floor":7,"key":"Strength Potion"},{"floor":10,"key":"SteroidPotion"}],"is_trial":false,"path_per_floor":["M","?","M","$","M","E","M","E","T","M","M","$"],"character_chosen":"DEFECT","items_purchased":["DataDisk","Defragment"],"campfire_rested":0,"item_purchase_floors":[4,4],"current_hp_per_floor":[69,58,58,58,58,40,40,14,14,14,7,7,0],"gold":57,"neow_bonus":"ONE_RARE_RELIC","is_prod":false,"is_daily":false,"chose_seed":false,"campfire_upgraded":0,"win_rate":0,"timestamp":1533898526,"path_taken":["M","?","M","$","M","E","M","E","T","?","M","$","E"],"build_version":"2018-08-09","purchased_purges":1,"victory":false,"max_hp_per_floor":[75,75,75,75,75,75,75,75,75,75,75,75,75],"card_choices":[{"not_picked":["Stack","Storm","Barrage"],"picked":"SKIP","floor":1},{"not_picked":["Storm","Steam","Stack"],"picked":"SKIP","floor":3},{"not_picked":["Streamline","Rip and Tear"],"picked":"Melter","floor":5},{"not_picked":["Streamline","Force Field"],"picked":"Beam Cell","floor":6},{"not_picked":["Barrage","Blizzard","Biased Cognition"],"picked":"SKIP","floor":7},{"not_picked":["Compile Driver","Streamline"],"picked":"Rainbow","floor":8},{"not_picked":["Redo","Fusion"],"picked":"Chaos","floor":10},{"not_picked":["Leap","Sweeping Beam"],"picked":"Chaos","floor":11}],"player_experience":650728,"relics_obtained":[{"floor":6,"key":"Orichalcum"},{"floor":8,"key":"Centennial Puzzle"},{"floor":9,"key":"Shuriken"}],"event_choices":[{"event_name":"World of Goop","player_choice":"Gather Gold","floor":2,"damage_taken":0}],"is_beta":false,"boss_relics":[],"items_purged_floors":[12],"is_endless":false,"potions_floor_spawned":[5,6,7,10],"killed_by":"Gremlin Nob","ascension_level":0}