{"path_per_floor":["M","?","?","M","?","T","R","?","T","M","M","E","R","M","R","B",null,"M","?","$","M","M","E","M","$","T","R"],"character_chosen":"THE_SILENT","items_purchased":["Accuracy","Bane"],"gold_per_floor":[110,110,185,198,373,400,400,400,427,444,459,488,488,501,501,604,604,559,559,353,353,353,353,353,253,253,253,253],"floor_reached":28,"campfire_rested":3,"playtime":1145,"current_hp_per_floor":[70,52,41,41,41,41,64,69,69,69,69,51,75,70,70,40,82,62,62,62,38,17,12,5,5,5,29,0],"items_purged":["Doubt","Writhe"],"gold":253,"score":238,"play_id":"8b32102a-d4f5-459f-8c56-1ca2208af472","local_time":"20180428125832","is_prod":false,"is_daily":false,"chose_seed":false,"is_ascension_mode":false,"campfire_upgraded":1,"timestamp":1524938312,"path_taken":["M","?","?","?","?","?","R","?","T","M","M","E","R","?","R","BOSS","M","?","$","?","M","E","M","?","T","R","E"],"build_version":"2018-04-27v3","seed_source_timestamp":308900864519645,"purchased_purges":2,"victory":false,"master_deck":["Defend_G","Defend_G","Defend_G","Defend_G","Defend_G","Strike_G","Strike_G+1","Strike_G+1","Strike_G","Strike_G","Survivor","Neutralize","Dagger Throw","Acrobatics","Flying Knee","Backflip","Quick Slash","Storm of Steel","Reflex","Noxious Fumes+1","Storm of Steel","Catalyst","Accuracy","Bane","Quick Slash+1","Bane+1","Escape Plan","Underhanded Strike","Noxious Fumes","Backflip+1"],"max_hp_per_floor":[70,77,77,77,77,77,77,82,82,82,82,82,82,82,82,82,82,82,82,82,82,82,82,82,82,82,82,82],"relics":["Ring of the Snake","Dream Catcher","Strawberry","Whetstone","Happy Flower","Prayer Wheel","Ectoplasm","Snake Skull","Pantograph","Smiling Mask"],"card_choices":[{"not_picked":["Catalyst","Slice"],"picked":"Dagger Throw","floor":1},{"not_picked":["Accuracy","Caltrops"],"picked":"Acrobatics","floor":4},{"not_picked":["Deadly Poison","Quick Slash"],"picked":"Flying Knee","floor":7},{"not_picked":["Concentrate","Slice"],"picked":"Backflip","floor":10},{"not_picked":["Phantasmal Killer","Outmaneuver"],"picked":"Quick Slash","floor":11},{"not_picked":["Deflect","Calculated Gamble"],"picked":"Storm of Steel","floor":12},{"not_picked":["Distraction","Dagger Spray"],"picked":"Reflex","floor":13},{"not_picked":["Concentrate","Endless Agony"],"picked":"Noxious Fumes","floor":14},{"not_picked":["Doppelganger","Phantasmal Killer"],"picked":"Storm of Steel","floor":16},{"not_picked":["Cloak And Dagger","Dash"],"picked":"Catalyst","floor":18},{"not_picked":["PiercingWail","Dagger Spray"],"picked":"Quick Slash","floor":21},{"not_picked":["Dagger Spray","Quick Slash"],"picked":"Bane","floor":22},{"not_picked":["Finisher","Backflip"],"picked":"Escape Plan","floor":23},{"not_picked":["Deflect","Deadly Poison"],"picked":"Underhanded Strike","floor":24},{"not_picked":["Flechettes","Underhanded Strike"],"picked":"Noxious Fumes","floor":26},{"not_picked":["All Out Attack","Dagger Spray"],"picked":"Backflip","floor":27}],"player_experience":191055,"potions_floor_usage":[21,24,24],"damage_taken":[{"damage":0,"enemies":"Jaw Worm","floor":1,"turns":5},{"damage":0,"enemies":"Cultist","floor":4,"turns":4},{"damage":0,"enemies":"Small Slimes","floor":10,"turns":3},{"damage":0,"enemies":"Gremlin Gang","floor":11,"turns":5},{"damage":18,"enemies":"Gremlin Nob","floor":12,"turns":4},{"damage":5,"enemies":"Red Slaver","floor":14,"turns":2},{"damage":30,"enemies":"Slime Boss","floor":16,"turns":9},{"damage":20,"enemies":"2 Thieves","floor":18,"turns":4},{"damage":30,"enemies":"Shell Parasite","floor":21,"turns":4},{"damage":21,"enemies":"Chosen and Byrds","floor":22,"turns":6},{"damage":5,"enemies":"Gremlin Leader","floor":23,"turns":6},{"damage":7,"enemies":"Snecko","floor":24,"turns":5},{"damage":31,"enemies":"Book of Stabbing","floor":28,"turns":4}],"event_choices":[{"event_name":"Scrap Ooze","player_choice":"success","floor":2,"damage_taken":25},{"event_name":"World of Goop","player_choice":"Gather Gold","floor":3,"damage_taken":0},{"event_name":"Liars Game","player_choice":"agreed","floor":5,"damage_taken":0},{"event_name":"Big Fish","player_choice":"Donut","floor":8,"damage_taken":0},{"event_name":"The Mausoleum","player_choice":"Yes","floor":19,"damage_taken":0}],"boss_relics":[{"not_picked":["White Beast Statue","Astrolabe"],"picked":"Ectoplasm"}],"potions_floor_spawned":[1,4,12,16,18,21],"seed_played":"1252032464428515399","killed_by":"Book of Stabbing","ascension_level":0,"is_trial":false}