{"gold_per_floor":[114,126,126,126,140,140,173,98,123,133,133,6,6,19,19,96,146,159,174,174,174,194,194],"floor_reached":23,"playtime":1791,"items_purged":["Parasite"],"score":400,"play_id":"bb2f2475-2210-46b0-b7bc-1f88d3650dfc","local_time":"20181120233412","is_ascension_mode":true,"campfire_choices":[{"data":"Mayhem","floor":6,"key":"SMITH"},{"data":"Coolheaded","floor":15,"key":"SMITH"}],"neow_cost":"PERCENT_DAMAGE","seed_source_timestamp":57031458072792,"circlet_count":0,"master_deck":["AscendersBane","Strike_B","Strike_B","Strike_B","Defend_B+1","Defend_B","Defend_B","Defend_B+1","Zap","Dualcast+1","Mayhem+1","Sadistic Nature","Ball Lightning","Chill","Coolheaded+1","Go for the Eyes","Glacier","Creative AI","Ball Lightning","Conserve Battery"],"relics":["Cracked Core","FossilizedHelix","War Paint","Dream Catcher","Dead Branch","Tiny House"],"potions_floor_usage":[7,7,16,18,23],"damage_taken":[{"damage":0,"enemies":"Cultist","floor":1,"turns":3},{"damage":14,"enemies":"Jaw Worm","floor":2,"turns":4},{"damage":0,"enemies":"Small Slimes","floor":5,"turns":3},{"damage":0,"enemies":"Gremlin Nob","floor":7,"turns":3},{"damage":6,"enemies":"Exordium Wildlife","floor":10,"turns":3},{"damage":2,"enemies":"Blue Slaver","floor":14,"turns":3},{"damage":6,"enemies":"Slime Boss","floor":16,"turns":9},{"damage":7,"enemies":"Shell Parasite","floor":18,"turns":6},{"damage":27,"enemies":"Chosen","floor":19,"turns":6},{"damage":16,"enemies":"Snake Plant","floor":22,"turns":5},{"damage":32,"enemies":"Book of Stabbing","floor":23,"turns":5}],"seed_played":"-5438727537455926299","potions_obtained":[{"floor":1,"key":"FocusPotion"},{"floor":2,"key":"FocusPotion"},{"floor":10,"key":"AttackPotion"},{"floor":16,"key":"Strength Potion"},{"floor":17,"key":"AttackPotion"},{"floor":19,"key":"FearPotion"}],"is_trial":false,"path_per_floor":["M","M","?","T","M","R","E","?","T","M","?","$","T","M","R","B",null,"M","M","?","?","M","E"],"character_chosen":"DEFECT","items_purchased":["Go for the Eyes"],"campfire_rested":0,"item_purchase_floors":[12],"current_hp_per_floor":[46,32,32,32,32,32,32,32,32,26,43,43,43,41,41,35,65,58,31,46,46,30,0],"gold":194,"neow_bonus":"RANDOM_COLORLESS_2","is_prod":false,"is_daily":false,"chose_seed":false,"campfire_upgraded":2,"win_rate":0,"timestamp":1542717252,"path_taken":["M","M","?","?","?","R","E","?","T","M","?","$","?","?","R","BOSS","M","M","?","?","?","E"],"build_version":"2018-11-15","purchased_purges":1,"victory":false,"max_hp_per_floor":[71,71,71,71,71,71,71,71,71,71,71,68,68,68,68,68,73,73,73,73,73,73,73],"card_choices":[{"not_picked":["Heatsinks","Compile Driver","Steam"],"picked":"SKIP","floor":1},{"not_picked":["Capacitor","Barrage"],"picked":"Ball Lightning","floor":2},{"not_picked":["Heatsinks","Rebound","Darkness"],"picked":"SKIP","floor":5},{"not_picked":["Sweeping Beam","Fission"],"picked":"Chill","floor":7},{"not_picked":["Sweeping Beam","Consume"],"picked":"Coolheaded","floor":10},{"not_picked":["Aggregate","Fusion"],"picked":"Glacier","floor":14},{"not_picked":["Amplify","Hyperbeam"],"picked":"Creative AI","floor":16},{"not_picked":["Turbo","Leap"],"picked":"Ball Lightning","floor":17},{"not_picked":["Compile Driver","Beam Cell"],"picked":"Conserve Battery","floor":18},{"not_picked":["Reinforced Body","Blizzard","Compile Driver+1"],"picked":"SKIP","floor":19},{"not_picked":["Darkness","Go for the Eyes","Doom and Gloom"],"picked":"SKIP","floor":22}],"player_experience":918576,"relics_obtained":[{"floor":4,"key":"FossilizedHelix"},{"floor":7,"key":"War Paint"},{"floor":9,"key":"Dream Catcher"},{"floor":13,"key":"Dead Branch"}],"event_choices":[{"damage_healed":0,"gold_gain":0,"player_choice":"Ignored","damage_taken":0,"max_hp_gain":0,"max_hp_loss":0,"event_name":"Golden Idol","floor":3,"gold_loss":0},{"cards_removed":["Strike_B"],"damage_healed":0,"gold_gain":0,"player_choice":"Card Removal","damage_taken":0,"max_hp_gain":0,"max_hp_loss":0,"event_name":"The Cleric","floor":8,"gold_loss":75},{"damage_healed":17,"gold_gain":0,"player_choice":"Healed and dodged fight","damage_taken":0,"max_hp_gain":0,"max_hp_loss":0,"event_name":"Mushrooms","floor":11,"gold_loss":0,"cards_obtained":["Parasite"]},{"damage_healed":15,"gold_gain":0,"player_choice":"Heal","damage_taken":0,"max_hp_gain":0,"max_hp_loss":0,"event_name":"The Library","floor":20,"gold_loss":0},{"damage_healed":0,"gold_gain":0,"player_choice":"0 cards matched","damage_taken":0,"max_hp_gain":0,"max_hp_loss":0,"event_name":"Match and Keep!","floor":21,"gold_loss":0,"cards_obtained":[]}],"is_beta":true,"boss_relics":[{"not_picked":["Snecko Eye","Eternal Feather"],"picked":"Tiny House"}],"items_purged_floors":[12],"is_endless":false,"potions_floor_spawned":[1,2,5,10,16,19,22],"killed_by":"Book of Stabbing","ascension_level":17}