{"path_per_floor":["M","?","M","M","M","R","?","R","T","?","M","R","$","T","R","B",null,"M","M","?","?","M","R","?","E","T","R","M","M","R","$","R","B",null,"M","M","M","M","M","M","M","R","T","M","?","M","?","?","R"],"character_chosen":"DEFECT","items_purchased":["DataDisk","Shuriken"],"gold_per_floor":[112,112,131,144,164,164,164,164,191,191,206,206,61,61,61,189,189,209,225,325,325,338,338,338,374,374,374,387,402,402,72,72,203,203,226,249,268,292,308,322,340,340,364,378,378,391,391,724,724,724],"floor_reached":50,"campfire_rested":2,"playtime":2249,"current_hp_per_floor":[72,72,66,66,60,60,60,60,60,60,60,60,60,60,60,19,69,62,62,62,62,54,54,54,39,39,59,40,33,53,53,53,53,69,69,67,67,69,69,69,69,69,69,69,69,69,69,69,69,0],"items_purged":["Defend_B"],"gold":724,"score":533,"play_id":"01c7776d-838b-4050-8ee5-34f63db6fff4","local_time":"20180513161258","is_prod":false,"is_daily":false,"chose_seed":false,"is_ascension_mode":false,"campfire_upgraded":8,"timestamp":1526220778,"path_taken":["M","?","M","?","M","R","?","R","T","?","?","R","$","?","R","BOSS","M","M","?","?","?","R","?","E","T","R","M","M","R","$","R","BOSS","M","M","M","M","M","M","M","R","T","M","?","M","?","?","R","BOSS"],"build_version":"2018-05-12v2","seed_source_timestamp":27627764646790,"purchased_purges":1,"victory":false,"master_deck":["Strike_B","Defend_B+1","Defend_B","Defend_B+1","Zap+1","Buffer+1","Streamline+1","Sunder+1","Leap+1","Capacitor","Melter+1","Ball Lightning","Seek+1","Buffer+1","Steam Power+1","Reboot","Self Repair+1","BootSequence","Thunder Strike+1","BootSequence","Deep Breath"],"max_hp_per_floor":[75,75,75,75,75,75,69,69,69,69,69,69,69,69,69,69,69,69,69,69,69,69,69,69,69,69,69,69,69,69,69,69,69,69,69,69,69,69,69,69,69,69,69,69,69,69,69,69,69,69],"relics":["Cracked Core","War Paint","DataDisk","Mummified Hand","Sozu","Happy Flower","Ginger","Shuriken","Nuclear Battery","Pen Nib"],"card_choices":[{"not_picked":["Glacier","Steam","Recycle"],"picked":"SKIP","floor":1},{"not_picked":["Skim","Loop"],"picked":"Streamline","floor":3},{"not_picked":["Axe Kick","Turbo"],"picked":"Sunder","floor":4},{"not_picked":["Stack","Go for the Eyes"],"picked":"Leap","floor":5},{"not_picked":["Undo","Turbo","Capacitor"],"picked":"SKIP","floor":11},{"not_picked":["Steam+1","Coolheaded"],"picked":"Melter+1","floor":18},{"not_picked":["Sweeping Beam","Cold Snap"],"picked":"Ball Lightning","floor":19},{"not_picked":["Steam+1","Go for the Eyes","Capacitor+1"],"picked":"SKIP","floor":22},{"not_picked":["Rebound","Streamline"],"picked":"Buffer","floor":25},{"not_picked":["Consume+1","Streamline","Recycle"],"picked":"SKIP","floor":28},{"not_picked":["Rebound","Steam","Leap"],"picked":"SKIP","floor":29},{"not_picked":["Skim+1","Turbo"],"picked":"Steam Power+1","floor":35},{"not_picked":["Streamline","Coolheaded+1"],"picked":"Reboot","floor":36},{"not_picked":["Go for the Eyes+1","Doom and Gloom+1"],"picked":"Self Repair+1","floor":37},{"not_picked":["Blizzard+1","Capacitor","Streamline+1"],"picked":"SKIP","floor":38},{"not_picked":["Steam Power+1","Force Field+1"],"picked":"BootSequence","floor":39},{"not_picked":["Streamline+1","Axe Kick","Stack"],"picked":"SKIP","floor":40},{"not_picked":["Capacitor+1","Streamline"],"picked":"Thunder Strike","floor":41},{"not_picked":["Loop","Turbo+1"],"picked":"BootSequence","floor":44},{"not_picked":["Aggregate","Self Repair","Hologram"],"picked":"SKIP","floor":46},{"not_picked":["Swift Strike","Purity"],"picked":"Deep Breath","floor":47}],"player_experience":88699,"potions_floor_usage":[5,11,33],"damage_taken":[{"damage":3,"enemies":"2 Louse","floor":1,"turns":3},{"damage":6,"enemies":"Jaw Worm","floor":3,"turns":4},{"damage":0,"enemies":"Cultist","floor":4,"turns":4},{"damage":6,"enemies":"Large Slime","floor":5,"turns":6},{"damage":0,"enemies":"Exordium Wildlife","floor":11,"turns":2},{"damage":41,"enemies":"The Guardian","floor":16,"turns":9},{"damage":7,"enemies":"Shell Parasite","floor":18,"turns":5},{"damage":0,"enemies":"3 Byrds","floor":19,"turns":4},{"damage":8,"enemies":"Centurion and Healer","floor":22,"turns":5},{"damage":15,"enemies":"Gremlin Leader","floor":25,"turns":8},{"damage":19,"enemies":"Chosen and Byrds","floor":28,"turns":6},{"damage":7,"enemies":"Snake Plant","floor":29,"turns":4},{"damage":0,"enemies":"Collector","floor":33,"turns":10},{"damage":0,"enemies":"Orb Walker","floor":35,"turns":3},{"damage":2,"enemies":"3 Darklings","floor":36,"turns":4},{"damage":0,"enemies":"Flame Bruiser 2 Orb","floor":37,"turns":5},{"damage":0,"enemies":"4 Shapes","floor":38,"turns":6},{"damage":0,"enemies":"Spire Growth","floor":39,"turns":5},{"damage":0,"enemies":"Sphere and 2 Shapes","floor":40,"turns":3},{"damage":0,"enemies":"Maw","floor":41,"turns":7},{"damage":0,"enemies":"4 Shapes","floor":44,"turns":4},{"damage":0,"enemies":"Spire Growth","floor":46,"turns":3},{"damage":77,"enemies":"Awakened One","floor":50,"turns":8}],"event_choices":[{"event_name":"Liars Game","player_choice":"disagreed","floor":2,"damage_taken":0},{"event_name":"Golden Idol","player_choice":"Lose Max HP","floor":7,"damage_taken":0},{"event_name":"Living Wall","player_choice":"Change","floor":10,"damage_taken":0},{"event_name":"Golden Shrine","player_choice":"Pray","floor":20,"damage_taken":0},{"event_name":"The Woman in Blue","player_choice":"Bought 0 Potions","floor":21,"damage_taken":0},{"event_name":"Transmorgrifier","player_choice":"Transform","floor":24,"damage_taken":0},{"event_name":"SensoryStone","player_choice":"Memory 1","floor":47,"damage_taken":0},{"event_name":"The Moai Head","player_choice":"Gave Idol","floor":48,"damage_taken":0}],"boss_relics":[{"not_picked":["Runic Dome","Velvet Choker"],"picked":"Sozu"},{"not_picked":["Philosopher\u0027s Stone","Runic Pyramid"],"picked":"Nuclear Battery"}],"potions_floor_spawned":[1,3,16,22,25,36,37,39,41],"seed_played":"2232704491322276132","killed_by":"Awakened One","ascension_level":0,"is_trial":false}