{"gold_per_floor":[117,117,192,210,224,224,224,224,279,279,304,304,58,82,82,82],"floor_reached":16,"playtime":350,"items_purged":[],"score":172,"play_id":"ffb806b5-39d3-4101-8ead-33d11082028a","local_time":"20190128141447","is_ascension_mode":true,"campfire_choices":[{"data":"Cleave","floor":6,"key":"SMITH"},{"data":"Shockwave","floor":8,"key":"SMITH"},{"data":"Bash","floor":10,"key":"SMITH"},{"data":"Limit Break","floor":12,"key":"SMITH"},{"data":"Disarm","floor":15,"key":"SMITH"}],"neow_cost":"NONE","seed_source_timestamp":1029842213973466,"circlet_count":0,"master_deck":["AscendersBane","Strike_R","Strike_R","Strike_R","Strike_R","Strike_R","Defend_R","Defend_R","Defend_R","Defend_R","Bash+1","Clothesline","Shockwave+1","Cleave+1","Limit Break+1","Inflame","Reaper","Disarm+1"],"relics":["Burning Blood","Golden Idol","Tiny Chest","Odd Mushroom"],"potions_floor_usage":[5,11],"damage_taken":[{"damage":9,"enemies":"Jaw Worm","floor":1,"turns":4},{"damage":0,"enemies":"2 Louse","floor":4,"turns":2},{"damage":2,"enemies":"Small Slimes","floor":5,"turns":4},{"damage":30,"enemies":"The Mushroom Lair","floor":11,"turns":4},{"damage":18,"enemies":"Exordium Wildlife","floor":14,"turns":4},{"damage":28,"enemies":"The Guardian","floor":16,"turns":5}],"seed_played":"8684199697458858371","potions_obtained":[{"floor":0,"key":"Strength Potion"},{"floor":0,"key":"Energy Potion"},{"floor":5,"key":"BloodPotion"},{"floor":11,"key":"Fire Potion"}],"is_trial":false,"path_per_floor":["M","?","?","M","M","R","?","R","T","R","?","R","$","M","R","B"],"character_chosen":"IRONCLAD","items_purchased":["Inflame","Reaper"],"campfire_rested":0,"item_purchase_floors":[13,13],"current_hp_per_floor":[65,39,28,34,38,38,38,38,38,38,21,21,21,27,27,0],"gold":82,"neow_bonus":"THREE_SMALL_POTIONS","is_prod":false,"is_daily":false,"chose_seed":false,"campfire_upgraded":5,"win_rate":0,"timestamp":1548713687,"path_taken":["M","?","?","M","M","R","?","R","T","R","?","R","$","?","R","BOSS"],"build_version":"2019-01-23","purchased_purges":0,"victory":false,"max_hp_per_floor":[75,75,75,75,75,75,75,75,75,75,75,75,75,75,75,75],"card_choices":[{"not_picked":["Armaments","Anger"],"picked":"Clothesline","floor":1},{"not_picked":["Pommel Strike","Perfected Strike"],"picked":"Shockwave","floor":4},{"not_picked":["Sword Boomerang","Warcry"],"picked":"Cleave","floor":5},{"not_picked":["Sword Boomerang","Warcry"],"picked":"Limit Break","floor":11},{"not_picked":["Perfected Strike","Ghostly Armor"],"picked":"Disarm","floor":14}],"player_experience":1777606,"relics_obtained":[{"floor":9,"key":"Tiny Chest"},{"floor":11,"key":"Odd Mushroom"}],"event_choices":[{"damage_healed":0,"gold_gain":0,"player_choice":"Take Damage","damage_taken":26,"relics_obtained":["Golden Idol"],"max_hp_gain":0,"max_hp_loss":0,"event_name":"Golden Idol","floor":2,"gold_loss":0},{"damage_healed":0,"gold_gain":75,"player_choice":"Gather Gold","damage_taken":11,"max_hp_gain":0,"max_hp_loss":0,"event_name":"World of Goop","floor":3,"gold_loss":0},{"damage_healed":0,"gold_gain":0,"player_choice":"Ignored","damage_taken":0,"max_hp_gain":0,"max_hp_loss":0,"event_name":"Shining Light","floor":7,"gold_loss":0},{"damage_healed":0,"gold_gain":0,"player_choice":"Fought Mushrooms","damage_taken":0,"max_hp_gain":0,"max_hp_loss":0,"event_name":"Mushrooms","floor":11,"gold_loss":0}],"is_beta":false,"boss_relics":[],"items_purged_floors":[],"is_endless":false,"potions_floor_spawned":[4,5,11],"killed_by":"The Guardian","ascension_level":19}