{"path_per_floor":["M","?","?","?","M","E","R","M","T","E","R","$","E","M","R","B",null,"M","?","$","?","?","E","?","R","T","M","R","M","M","M","R","B",null,"M","M","?"],"character_chosen":"DEFECT","items_purchased":["Gash","Magnetism","Self Repair","Echo Form"],"gold_per_floor":[117,117,117,117,142,186,186,209,235,278,278,231,269,294,294,414,414,430,345,28,28,28,67,67,67,67,87,87,102,118,143,143,272,272,295,310,369,369],"floor_reached":38,"campfire_rested":6,"playtime":3313,"item_purchase_floors":[12,20,20,20],"current_hp_per_floor":[73,73,55,60,59,45,69,65,65,39,63,63,47,49,73,71,82,54,54,54,81,81,11,11,36,36,33,58,40,40,27,52,39,86,81,38,15,0],"items_purged":[],"gold":369,"score":478,"play_id":"c1b9c235-8509-4f84-8710-f2172bf627ea","local_time":"20180603223821","is_prod":false,"is_daily":false,"chose_seed":false,"is_ascension_mode":true,"campfire_upgraded":0,"win_rate":0,"timestamp":1528083501,"campfire_choices":[{"floor":7,"key":"REST"},{"floor":11,"key":"REST"},{"floor":15,"key":"REST"},{"floor":25,"key":"REST"},{"floor":28,"key":"REST"},{"floor":32,"key":"REST"}],"path_taken":["M","?","?","?","M","E","R","M","T","E","R","$","E","M","R","BOSS","M","?","?","?","?","E","?","R","T","M","R","M","M","?","R","BOSS","M","?","?","M"],"build_version":"2018-05-31","seed_source_timestamp":0,"purchased_purges":0,"victory":false,"master_deck":["Strike_B+1","Strike_B+1","Strike_B+1","Defend_B+1","Defend_B+1","Defend_B+1","Defend_B+1","Zap","Dualcast","Ball Lightning","Barrage","Barrage","Gash","Rebound","Storm","Gash","Barrage","Fission","Barrage","Magnetism","Self Repair","Echo Form","Capacitor+1","Capacitor","Barrage","Cold Snap+1","Coolheaded","Glacier","Ball Lightning","Rainbow","Stack+1","Loop+1","Cold Snap+1","Ball Lightning"],"max_hp_per_floor":[75,75,75,80,80,80,80,80,80,80,80,80,80,82,82,82,82,82,82,82,82,82,84,84,84,84,84,84,84,84,86,86,86,86,88,88,88,88],"relics":["Cracked Core","Golden Idol","Potion Belt","Happy Flower","Ancient Tea Set","Singing Bowl","White Beast Statue","The Courier","Bronze Scales","Prayer Wheel","Cursed Key","Gambling Chip"],"card_choices":[{"not_picked":["Streamline","Gash"],"picked":"Ball Lightning","floor":0.0},{"not_picked":["BootSequence","Leap"],"picked":"Barrage","floor":1},{"not_picked":["Aggregate","Sweeping Beam"],"picked":"Barrage","floor":5},{"not_picked":["Go for the Eyes","Cold Snap"],"picked":"Gash","floor":6},{"not_picked":["Redo","Hologram"],"picked":"Rebound","floor":8},{"not_picked":["BootSequence","Double Energy"],"picked":"Storm","floor":10},{"not_picked":["Buffer","Stack"],"picked":"Barrage","floor":13},{"not_picked":["Conserve Battery","Streamline","BootSequence"],"picked":"Singing Bowl","floor":14},{"not_picked":["Meteor Strike","Amplify"],"picked":"Fission","floor":16},{"not_picked":["Sweeping Beam","Leap"],"picked":"Barrage","floor":18},{"not_picked":["Reboot","Leap","Double Energy"],"picked":"Singing Bowl","floor":23},{"not_picked":["Conserve Battery+1","Sweeping Beam"],"picked":"Capacitor+1","floor":27},{"not_picked":["Undo","Sweeping Beam"],"picked":"Capacitor","floor":27},{"not_picked":["Compile Driver","Turbo"],"picked":"Barrage","floor":29},{"not_picked":["Conserve Battery","Hologram"],"picked":"Cold Snap+1","floor":29},{"not_picked":["Redo","Genetic Algorithm+1"],"picked":"Coolheaded","floor":30},{"not_picked":["Coolheaded+1","Sweeping Beam"],"picked":"Glacier","floor":30},{"not_picked":["Thunder Strike","Steam+1","Genetic Algorithm"],"picked":"Singing Bowl","floor":31},{"not_picked":["Sunder","Sweeping Beam"],"picked":"Ball Lightning","floor":31},{"not_picked":["Seek","Fission"],"picked":"Rainbow","floor":33},{"not_picked":["Streamline","Barrage"],"picked":"Stack+1","floor":35},{"not_picked":["Skim+1","Static Discharge","Cold Snap"],"picked":"Singing Bowl","floor":35},{"not_picked":["Gash","Beam Cell+1"],"picked":"Loop+1","floor":36},{"not_picked":["Turbo","Stack"],"picked":"Cold Snap+1","floor":36},{"not_picked":["Sweeping Beam+1","Genetic Algorithm"],"picked":"Ball Lightning","floor":37}],"player_experience":231863,"potions_floor_usage":[18,23,23,23,29,29,29,30,30,33,33,36,37,38,38],"damage_taken":[{"damage":2,"enemies":"Jaw Worm","floor":1,"turns":3},{"damage":1,"enemies":"Cultist","floor":5,"turns":3},{"damage":14,"enemies":"Gremlin Nob","floor":6,"turns":3},{"damage":4,"enemies":"2 Louse","floor":8,"turns":2},{"damage":26,"enemies":"Lagavulin","floor":10,"turns":6},{"damage":16,"enemies":"3 Sentries","floor":13,"turns":4},{"damage":0,"enemies":"2 Fungi Beasts","floor":14,"turns":2},{"damage":2,"enemies":"Slime Boss","floor":16,"turns":7},{"damage":28,"enemies":"2 Thieves","floor":18,"turns":3},{"damage":79,"enemies":"Book of Stabbing","floor":23,"turns":7},{"damage":10,"enemies":"Chosen","floor":27,"turns":5},{"damage":44,"enemies":"Snecko","floor":29,"turns":5},{"damage":22,"enemies":"Centurion and Healer","floor":30,"turns":8},{"damage":15,"enemies":"Sentry and Sphere","floor":31,"turns":5},{"damage":17,"enemies":"Champ","floor":33,"turns":6},{"damage":14,"enemies":"Orb Walker","floor":35,"turns":3},{"damage":43,"enemies":"3 Darklings","floor":36,"turns":6},{"damage":23,"enemies":"Mysterious Sphere","floor":37,"turns":4},{"damage":25,"enemies":"4 Shapes","floor":38,"turns":1}],"relics_obtained":[{"floor":6,"key":"Potion Belt"},{"floor":9,"key":"Happy Flower"},{"floor":10,"key":"Ancient Tea Set"},{"floor":13,"key":"Singing Bowl"},{"floor":23,"key":"Bronze Scales"},{"floor":26,"key":"Prayer Wheel"},{"floor":37,"key":"Gambling Chip"}],"event_choices":[{"event_name":"Wheel of Change","player_choice":"Card Removal","floor":2,"damage_taken":0},{"event_name":"Golden Idol","player_choice":"Take Damage","floor":3,"damage_taken":0},{"event_name":"Big Fish","player_choice":"Donut","floor":4,"damage_taken":0},{"event_name":"Addict","player_choice":"Obtained Relic","floor":19,"damage_taken":0},{"event_name":"The Library","player_choice":"Heal","floor":21,"damage_taken":0},{"event_name":"Back to Basics","player_choice":"Simplicity","floor":22,"damage_taken":0},{"event_name":"Beggar","player_choice":"Ignored","floor":24,"damage_taken":0},{"event_name":"Mysterious Sphere","player_choice":"Fight","floor":37,"damage_taken":0}],"boss_relics":[{"not_picked":["Calling Bell","Nuclear Battery"],"picked":"White Beast Statue"},{"not_picked":["Velvet Choker","Astrolabe"],"picked":"Cursed Key"}],"items_purged_floors":[],"potions_floor_spawned":[5,6,16,18,23,27,29,30,31,33,35,36,37],"seed_played":"-9213112500656636269","killed_by":"4 Shapes","ascension_level":2,"potions_obtained":[{"floor":5,"key":"AttackPotion"},{"floor":6,"key":"AttackPotion"},{"floor":16,"key":"GamblersBrew"},{"floor":18,"key":"AttackPotion"},{"floor":23,"key":"Regen Potion"},{"floor":27,"key":"EntropicBrew"},{"floor":29,"key":"Regen Potion"},{"floor":30,"key":"SneckoOil"},{"floor":31,"key":"Explosive Potion"},{"floor":33,"key":"FearPotion"},{"floor":35,"key":"SteroidPotion"},{"floor":36,"key":"Swift Potion"},{"floor":37,"key":"EssenceOfSteel"}],"is_trial":false}