{"gold_per_floor":[115,127,127,8,20,45,45,61,61,61,61,61,61,73,73,173,173,185,185,203,217,231,231,262,262,289,57,70,99,113,113,113,213,213,224,149,163,180,194,223,223,92,145,145,145,145,191,201,201,201],"floor_reached":51,"playtime":1995,"items_purged":["Defend_B","Strike_B"],"score":892,"play_id":"94959b44-911a-4044-95fd-6d4626c018e9","local_time":"20180819170149","is_ascension_mode":false,"campfire_choices":[{"data":"White Noise","floor":7,"key":"SMITH"},{"floor":11,"key":"DIG"},{"floor":13,"key":"DIG"},{"floor":15,"key":"DIG"},{"data":"Go for the Eyes","floor":23,"key":"SMITH"},{"floor":25,"key":"DIG"},{"floor":32,"key":"DIG"},{"floor":41,"key":"DIG"},{"floor":45,"key":"DIG"},{"floor":49,"key":"REST"}],"neow_cost":"NONE","seed_source_timestamp":27861998988823,"circlet_count":0,"master_deck":["Defend_B","Defend_B","Zap+1","Dualcast","Cold Snap","Chill","Go for the Eyes+1","Gash","Go for the Eyes","White Noise+1","Gash","Gash+1","All For One+1","Beam Cell+1","Gash+1","Steam+1","FTL+1","FTL+1","Steam","Iron Wave","Seek","Steam Power","Madness","Madness","Secret Weapon","Flash of Steel+1","Swift Strike+1"],"relics":["Cracked Core","Shuriken","Molten Egg 2","Shovel","Unceasing Top","Torii","Incense Burner","Empty Cage","Bronze Scales","Juzu Bracelet","Blood Vial","Bag of Preparation","Potion Belt","Orichalcum","Black Star","Smiling Mask","Bottled Flame","Pen Nib","Lantern","Regal Pillow","Peace Pipe"],"potions_floor_usage":[6,6,8,16,29,33,37,50,50,50,50,50],"damage_taken":[{"damage":2,"enemies":"Jaw Worm","floor":1,"turns":4},{"damage":0,"enemies":"Small Slimes","floor":2,"turns":3},{"damage":0,"enemies":"Cultist","floor":5,"turns":4},{"damage":9,"enemies":"Gremlin Nob","floor":6,"turns":5},{"damage":0,"enemies":"Blue Slaver","floor":8,"turns":3},{"damage":0,"enemies":"2 Fungi Beasts","floor":14,"turns":3},{"damage":12,"enemies":"The Guardian","floor":16,"turns":8},{"damage":11,"enemies":"2 Thieves","floor":18,"turns":2},{"damage":0,"enemies":"Chosen","floor":20,"turns":3},{"damage":3,"enemies":"Snake Plant","floor":21,"turns":3},{"damage":0,"enemies":"3 Cultists","floor":22,"turns":3},{"damage":0,"enemies":"Book of Stabbing","floor":24,"turns":3},{"damage":0,"enemies":"Sentry and Sphere","floor":28,"turns":3},{"damage":0,"enemies":"Slavers","floor":29,"turns":4},{"damage":0,"enemies":"Centurion and Healer","floor":30,"turns":4},{"damage":0,"enemies":"Champ","floor":33,"turns":4},{"damage":5,"enemies":"3 Shapes","floor":35,"turns":2},{"damage":0,"enemies":"3 Darklings","floor":37,"turns":3},{"damage":11,"enemies":"4 Shapes","floor":38,"turns":3},{"damage":0,"enemies":"Jaw Worm Horde","floor":39,"turns":2},{"damage":0,"enemies":"Nemesis","floor":40,"turns":3},{"damage":8,"floor":47,"turns":2},{"damage":0,"enemies":"3 Darklings","floor":48,"turns":2},{"damage":8,"enemies":"Awakened One","floor":50,"turns":6}],"seed_played":"-655034424206567269","potions_obtained":[{"floor":2,"key":"EssenceOfSteel"},{"floor":5,"key":"EssenceOfSteel"},{"floor":6,"key":"Block Potion"},{"floor":14,"key":"PowerPotion"},{"floor":20,"key":"SneckoOil"},{"floor":21,"key":"EssenceOfSteel"},{"floor":29,"key":"AttackPotion"},{"floor":30,"key":"PowerPotion"},{"floor":33,"key":"Dexterity Potion"},{"floor":37,"key":"SpeedPotion"},{"floor":39,"key":"Strength Potion"},{"floor":47,"key":"Poison Potion"},{"floor":48,"key":"Weak Potion"}],"is_trial":false,"path_per_floor":["M","M","?","$","M","E","R","M","T","T","R","$","R","M","R","B",null,"M","?","M","M","M","R","E","R","T","$","M","E","M","?","R","B",null,"M","$","M","M","M","E","R","$","T","?","R","?","?","M","R","B"],"character_chosen":"DEFECT","items_purchased":["Go for the Eyes","Gash","Stack","Bag of Preparation","FTL+1","Steam Power"],"campfire_rested":1,"item_purchase_floors":[4,4,4,27,27,42],"current_hp_per_floor":[73,73,66,66,66,57,57,57,57,57,57,57,57,57,57,45,75,64,64,64,61,61,61,61,61,61,61,63,65,67,67,67,69,75,70,70,72,63,65,67,67,67,67,58,58,48,42,44,75,67],"gold":201,"neow_bonus":"UPGRADE_CARD","is_prod":false,"is_daily":false,"chose_seed":false,"campfire_upgraded":2,"win_rate":0.0,"timestamp":1534690909,"path_taken":["M","M","?","?","M","E","R","M","T","?","R","$","R","M","R","BOSS","M","?","M","M","M","R","E","R","T","$","M","E","M","?","R","BOSS","M","$","M","M","M","E","R","$","T","?","R","?","?","M","R","BOSS"],"build_version":"2018-08-16","purchased_purges":2,"victory":true,"max_hp_per_floor":[75,75,75,75,75,75,75,75,75,75,75,75,75,75,75,75,75,75,75,75,75,75,75,75,75,75,75,75,75,75,75,75,75,75,75,75,75,75,75,75,75,75,75,75,75,75,75,75,75,75],"card_choices":[{"not_picked":["Redo","Skim"],"picked":"Cold Snap","floor":1},{"not_picked":["Sweeping Beam","Stack"],"picked":"Chill","floor":2},{"not_picked":["Chill","Darkness"],"picked":"Go for the Eyes","floor":5},{"not_picked":["Hello World","Chaos"],"picked":"White Noise","floor":6},{"not_picked":["Go for the Eyes","Cold Snap"],"picked":"Gash","floor":8},{"not_picked":["Rainbow","Leap"],"picked":"Gash+1","floor":14},{"not_picked":["Fission","Creative AI"],"picked":"All For One+1","floor":16},{"not_picked":["Skim+1","Hologram"],"picked":"Beam Cell+1","floor":18},{"not_picked":["Static Discharge","Redo"],"picked":"Gash+1","floor":20},{"not_picked":["Leap","Doom and Gloom+1"],"picked":"Steam+1","floor":21},{"not_picked":["Barrage+1","Hologram"],"picked":"FTL+1","floor":22},{"not_picked":["Beam Cell+1","Go for the Eyes+1","Compile Driver+1"],"picked":"SKIP","floor":24},{"not_picked":["Rip and Tear+1","Electrodynamics","Stack+1"],"picked":"SKIP","floor":28},{"not_picked":["Barrage+1","Hologram","Rebound+1"],"picked":"SKIP","floor":29},{"not_picked":["Reinforced Body","Sweeping Beam+1"],"picked":"Steam","floor":30},{"not_picked":["All For One+1","Thunder Strike+1"],"picked":"Seek","floor":33},{"not_picked":["Cold Snap+1","Leap","Heatsinks+1"],"picked":"SKIP","floor":35},{"not_picked":["Conserve Battery+1","Redo+1","Coolheaded"],"picked":"SKIP","floor":37},{"not_picked":["Blizzard+1","Loop+1","Leap"],"picked":"SKIP","floor":38},{"not_picked":["Compile Driver+1","Steam","Rip and Tear+1"],"picked":"SKIP","floor":39},{"not_picked":["White Noise","Glacier","Buffer"],"picked":"SKIP","floor":40},{"not_picked":["Chrysalis","Sadistic Nature"],"picked":"Secret Weapon","floor":46},{"not_picked":["Blind","Transmutation"],"picked":"Flash of Steel+1","floor":46},{"not_picked":["Impatience","Deep Breath"],"picked":"Swift Strike+1","floor":46},{"not_picked":["Tempest+1","Streamline+1","Fusion+1"],"picked":"SKIP","floor":48}],"player_experience":18011,"relics_obtained":[{"floor":6,"key":"Shuriken"},{"floor":9,"key":"Molten Egg 2"},{"floor":10,"key":"Shovel"},{"floor":11,"key":"Unceasing Top"},{"floor":13,"key":"Torii"},{"floor":15,"key":"Incense Burner"},{"floor":24,"key":"Bronze Scales"},{"floor":25,"key":"Juzu Bracelet"},{"floor":26,"key":"Blood Vial"},{"floor":29,"key":"Potion Belt"},{"floor":32,"key":"Orichalcum"},{"floor":40,"key":"Smiling Mask"},{"floor":40,"key":"Bottled Flame"},{"floor":41,"key":"Pen Nib"},{"floor":43,"key":"Lantern"},{"floor":45,"key":"Regal Pillow"},{"floor":47,"key":"Peace Pipe"}],"event_choices":[{"event_name":"Golden Wing","player_choice":"Card Removal","floor":3,"damage_taken":0},{"event_name":"Back to Basics","player_choice":"Elegance","floor":19,"damage_taken":0},{"event_name":"NoteForYourself","player_choice":"Took Card","floor":31,"damage_taken":0},{"event_name":"Winding Halls","player_choice":"Embrace Madness","floor":44,"damage_taken":0},{"event_name":"SensoryStone","player_choice":"Memory 3","floor":46,"damage_taken":0},{"event_name":"Mysterious Sphere","player_choice":"Fight","floor":47,"damage_taken":0}],"is_beta":true,"boss_relics":[{"not_picked":["Ectoplasm","Inserter"],"picked":"Empty Cage"},{"not_picked":["Orrery","Philosopher\u0027s Stone"],"picked":"Black Star"}],"items_purged_floors":[36,42],"is_endless":false,"potions_floor_spawned":[2,5,6,14,20,21,29,30,33,37,39,47,48],"ascension_level":0}