{"path_per_floor":["M","?","$","M","M","E","M","?","T","R","T","R","E","$","R"],"character_chosen":"DEFECT","items_purchased":["Capacitor"],"gold_per_floor":[113,113,113,127,146,177,189,189,189,189,212,212,239,160,160,160],"floor_reached":16,"campfire_rested":0,"playtime":559,"item_purchase_floors":[14],"current_hp_per_floor":[67,52,52,42,42,31,27,45,45,45,45,45,31,31,31,0],"items_purged":[],"gold":160,"score":108,"play_id":"c8eadba4-08ba-4d2c-8b4d-4f7184577535","local_time":"20180531210034","is_prod":false,"is_daily":false,"chose_seed":false,"is_ascension_mode":false,"campfire_upgraded":3,"win_rate":0.0,"timestamp":1527818434,"campfire_choices":[{"data":"Sweeping Beam","floor":10,"key":"SMITH"},{"data":"Stack","floor":12,"key":"SMITH"},{"data":"Capacitor","floor":15,"key":"SMITH"}],"path_taken":["M","?","$","M","M","E","M","?","T","R","?","R","E","$","R","BOSS"],"build_version":"2018-05-31","seed_source_timestamp":1126570980275548,"purchased_purges":0,"victory":false,"master_deck":["Strike_B","Strike_B+1","Strike_B","Strike_B+1","Defend_B","Defend_B","Defend_B","Defend_B","Zap","Dualcast","Ball Lightning","Stack+1","Lockon","Ball Lightning","Sweeping Beam+1","Parasite","Static Discharge","Capacitor+1"],"max_hp_per_floor":[75,75,75,75,75,75,75,75,75,75,75,75,75,75,75,75],"relics":["Cracked Core","Blue Candle","Meat on the Bone","Potion Belt","Gremlin Horn"],"card_choices":[{"not_picked":["Gash","Streamline"],"picked":"Ball Lightning","floor":1},{"not_picked":["Cold Snap","Streamline"],"picked":"Stack","floor":4},{"not_picked":["Coolheaded","Gash"],"picked":"Lockon","floor":5},{"not_picked":["Compile Driver","Beam Cell"],"picked":"Ball Lightning","floor":6},{"not_picked":["Multi-Cast","Conserve Battery"],"picked":"Sweeping Beam","floor":7},{"not_picked":["Multi-Cast","Beam Cell"],"picked":"Static Discharge","floor":13}],"player_experience":209488,"potions_floor_usage":[16],"damage_taken":[{"damage":8,"enemies":"Jaw Worm","floor":1,"turns":4},{"damage":10,"enemies":"Small Slimes","floor":4,"turns":2},{"damage":0,"enemies":"Cultist","floor":5,"turns":2},{"damage":11,"enemies":"3 Sentries","floor":6,"turns":6},{"damage":4,"enemies":"Blue Slaver","floor":7,"turns":3},{"damage":26,"enemies":"Gremlin Nob","floor":13,"turns":4},{"damage":32,"enemies":"The Guardian","floor":16,"turns":7}],"relics_obtained":[{"floor":6,"key":"Blue Candle"},{"floor":9,"key":"Meat on the Bone"},{"floor":11,"key":"Potion Belt"},{"floor":13,"key":"Gremlin Horn"}],"event_choices":[{"event_name":"Shining Light","player_choice":"Entered Light","floor":2,"damage_taken":0},{"event_name":"Mushrooms","player_choice":"Healed and dodged fight","floor":8,"damage_taken":0}],"boss_relics":[],"items_purged_floors":[],"potions_floor_spawned":[4,13],"seed_played":"-1109017658575570616","killed_by":"The Guardian","ascension_level":0,"potions_obtained":[{"floor":4,"key":"SkillPotion"},{"floor":13,"key":"Ancient Potion"}],"is_trial":false}