{"gold_per_floor":[112,128,144,156,176,176,205,205,205,222,250,250,314,328,328,429,429,440,455,470,470,484,484,504,523,523,523,536,536,536,562,562,662,662,677,677,777,793,811,811,845,869,935,972,984,1012,1039,1068,1080,1092,1104,1116,483,509,509],"floor_reached":55,"playtime":4169,"items_purged":["Strike_B"],"score":1225,"play_id":"71173f3e-f08f-451e-a641-09d6c70d168f","local_time":"20190122013132","is_ascension_mode":true,"campfire_choices":[{"data":"Lockon","floor":6.0,"key":"SMITH"},{"data":"Zap","floor":8.0,"key":"SMITH"},{"floor":12.0,"key":"REST"},{"data":"White Noise","floor":15.0,"key":"SMITH"},{"data":"Self Repair","floor":23.0,"key":"SMITH"},{"data":"1","floor":27.0,"key":"LIFT"},{"data":"2","floor":29.0,"key":"LIFT"},{"data":"3","floor":32.0,"key":"LIFT"},{"floor":40.0,"key":"RECALL"},{"data":"Ghostly","floor":49.0,"key":"SMITH"},{"data":"Ghostly","floor":52.0,"key":"SMITH"}],"neow_cost":"NONE","seed_source_timestamp":350460482480985,"circlet_count":0,"master_deck":["AscendersBane","Strike_B","Strike_B","Strike_B","Defend_B+1","Defend_B","Defend_B","Defend_B","Zap+1","Dualcast+1","Melter","Glacier","Coolheaded","Ball Lightning","Lockon+1","Leap","Self Repair+1","White Noise+1","Reboot","Ball Lightning+1","FTL+1","Ghostly+1","Ghostly+1","Ghostly+1","Ghostly","Ghostly","Barrage+1","FTL+1","Steam+1","Seek","White Noise+1","Sunder+1","Hologram+1","Panache","Forethought"],"special_seed":0,"relics":["FrozenCore","DataDisk","War Paint","Ice Cream","Meat on the Bone","Nunchaku","Inserter","Girya","Ancient Tea Set","MawBank","Bag of Marbles","Vajra","Membership Card","Blood Vial","Shuriken"],"potions_floor_usage":[55],"damage_taken":[{"damage":1.0,"enemies":"Cultist","floor":1.0,"turns":3.0},{"damage":0.0,"enemies":"Small Slimes","floor":2.0,"turns":2.0},{"damage":3.0,"enemies":"2 Louse","floor":3.0,"turns":2.0},{"damage":0.0,"enemies":"Blue Slaver","floor":4.0,"turns":5.0},{"damage":10.0,"enemies":"Exordium Wildlife","floor":5.0,"turns":5.0},{"damage":14.0,"enemies":"Lagavulin","floor":7.0,"turns":6.0},{"damage":15.0,"enemies":"Gremlin Gang","floor":10.0,"turns":4.0},{"damage":6.0,"enemies":"Gremlin Nob","floor":11.0,"turns":4.0},{"damage":1.0,"enemies":"3 Sentries","floor":13.0,"turns":7.0},{"damage":0.0,"enemies":"Blue Slaver","floor":14.0,"turns":4.0},{"damage":22.0,"enemies":"Hexaghost","floor":16.0,"turns":10.0},{"damage":0.0,"enemies":"Spheric Guardian","floor":18.0,"turns":1.0},{"damage":18.0,"enemies":"2 Thieves","floor":19.0,"turns":3.0},{"damage":6.0,"enemies":"Snecko","floor":20.0,"turns":5.0},{"damage":11.0,"enemies":"Snake Plant","floor":22.0,"turns":3.0},{"damage":3.0,"enemies":"3 Cultists","floor":24.0,"turns":6.0},{"damage":2.0,"enemies":"Shelled Parasite and Fungi","floor":25.0,"turns":6.0},{"damage":7.0,"enemies":"Snake Plant","floor":28.0,"turns":5.0},{"damage":0.0,"enemies":"Book of Stabbing","floor":31.0,"turns":5.0},{"damage":1.0,"enemies":"Automaton","floor":33.0,"turns":10.0},{"damage":0.0,"enemies":"3 Darklings","floor":35.0,"turns":6.0},{"damage":0.0,"enemies":"Orb Walker","floor":38.0,"turns":3.0},{"damage":0.0,"enemies":"Transient","floor":39.0,"turns":5.0},{"damage":19.0,"enemies":"Reptomancer","floor":41.0,"turns":8.0},{"damage":7.0,"enemies":"Sphere and 2 Shapes","floor":42.0,"turns":8.0},{"damage":1.0,"enemies":"Nemesis","floor":44.0,"turns":11.0},{"damage":0.0,"enemies":"4 Shapes","floor":46.0,"turns":11.0},{"damage":0.0,"enemies":"Spire Growth","floor":47.0,"turns":6.0},{"damage":10.0,"enemies":"Maw","floor":48.0,"turns":8.0},{"damage":26.0,"enemies":"Awakened One","floor":50.0,"turns":18.0},{"damage":9.0,"enemies":"Shield and Spear","floor":54.0,"turns":8.0},{"damage":41,"enemies":"The Heart","floor":55,"turns":8}],"seed_played":"-8541769117755883137","potions_obtained":[{"floor":5.0,"key":"SteroidPotion"},{"floor":10.0,"key":"Weak Potion"},{"floor":13.0,"key":"PowerPotion"},{"floor":16.0,"key":"Regen Potion"},{"floor":20.0,"key":"Block Potion"},{"floor":41.0,"key":"Swift Potion"},{"floor":48.0,"key":"Block Potion"}],"is_trial":false,"path_per_floor":["M","M","M","M","M","R","E","R","T","M","E","R","?","M","R","B",null,"M","M","M","?","M","R","M","M","T","R","M","R","?","E","R","B",null,"M","?","?","M","M","R","E","M","T","E","?","M","M","M","R","B",null,"R","$","E","B"],"character_chosen":"DEFECT","items_purchased":["Vajra","Membership Card","LiquidBronze","Explosive Potion","Panache","Blood Vial","Forethought"],"campfire_rested":1,"item_purchase_floors":[53,53,53,53,53,53,53],"current_hp_per_floor":[67,67,64,64,54,54,40,40,40,25,19,41,40,47,47,44,67,67,49,50,37,26,26,33,37,37,37,37,37,37,37,37,37,37,37,37,37,37,37,37,33,36,36,37,37,37,37,37,37,33,36,36,36,37,0],"gold":509,"neow_bonus":"RANDOM_COMMON_RELIC","is_prod":false,"is_daily":false,"chose_seed":false,"campfire_upgraded":6,"win_rate":0,"timestamp":1548138692,"path_taken":["M","M","M","M","M","R","E","R","T","?","E","R","?","M","R","BOSS","M","M","M","?","M","R","M","M","T","R","M","R","?","E","R","BOSS","M","?","?","M","M","R","E","?","T","E","?","M","M","?","R","BOSS","R","$","E","BOSS"],"build_version":"2019-01-17v2","purchased_purges":1,"victory":false,"max_hp_per_floor":[75,75,75,75,75,75,75,75,75,75,75,75,75,75,75,75,75,75,75,75,37,37,37,37,37,37,37,37,37,37,37,37,37,37,37,37,37,37,37,37,37,37,37,37,37,37,37,37,37,37,37,37,37,37,37],"card_choices":[{"not_picked":["Compile Driver","Leap"],"picked":"Melter","floor":1.0},{"not_picked":["Steam","Coolheaded"],"picked":"Glacier","floor":2.0},{"not_picked":["Redo","Streamline"],"picked":"Coolheaded","floor":3.0},{"not_picked":["Tempest","Reprogram"],"picked":"Ball Lightning","floor":4.0},{"not_picked":["Streamline","Static Discharge"],"picked":"Lockon","floor":5.0},{"not_picked":["Turbo","Double Energy","Fusion"],"picked":"SKIP","floor":7.0},{"not_picked":["Redo","Steam Power","Darkness"],"picked":"SKIP","floor":10.0},{"not_picked":["Skim","Undo"],"picked":"Leap","floor":11.0},{"not_picked":["Sweeping Beam","Rebound"],"picked":"Self Repair","floor":13.0},{"not_picked":["Steam","Doom and Gloom"],"picked":"White Noise","floor":14.0},{"not_picked":["Rainbow","Hyperbeam"],"picked":"Reboot","floor":16.0},{"not_picked":["Sweeping Beam","Fusion","Redo"],"picked":"SKIP","floor":18.0},{"not_picked":["Go for the Eyes+1","Beam Cell"],"picked":"Ball Lightning+1","floor":19.0},{"not_picked":["Hologram","Redo+1"],"picked":"FTL+1","floor":20.0},{"not_picked":["Streamline","Steam","Leap"],"picked":"SKIP","floor":22.0},{"not_picked":["Rebound","Go for the Eyes","Sweeping Beam"],"picked":"SKIP","floor":24.0},{"not_picked":["Coolheaded","Sweeping Beam"],"picked":"Barrage+1","floor":25.0},{"not_picked":["Ball Lightning","All For One"],"picked":"FTL+1","floor":28.0},{"not_picked":["Compile Driver","Streamline"],"picked":"Steam+1","floor":31.0},{"not_picked":["Rainbow","All For One"],"picked":"Seek","floor":33.0},{"not_picked":["Recycle","Undo+1","Ball Lightning"],"picked":"SKIP","floor":35.0},{"not_picked":["Stack","Glacier+1","Go for the Eyes"],"picked":"SKIP","floor":38.0},{"not_picked":["Gash","Steam Power"],"picked":"White Noise+1","floor":39.0},{"not_picked":["Barrage","White Noise","Redo+1"],"picked":"SKIP","floor":41.0},{"not_picked":["Tempest","Barrage"],"picked":"Sunder+1","floor":42.0},{"not_picked":["Turbo+1","Storm","Beam Cell+1"],"picked":"SKIP","floor":44.0},{"not_picked":["Ball Lightning+1","Beam Cell"],"picked":"Hologram+1","floor":46.0},{"not_picked":["White Noise","Ball Lightning","Turbo+1"],"picked":"SKIP","floor":47.0},{"not_picked":["Turbo","Ball Lightning+1","Auto Shields"],"picked":"SKIP","floor":48.0},{"not_picked":["Ball Lightning+1","FTL","Hello World+1"],"picked":"SKIP","floor":54.0}],"player_experience":566346,"relics_obtained":[{"floor":7.0,"key":"War Paint"},{"floor":9.0,"key":"Ice Cream"},{"floor":11.0,"key":"Meat on the Bone"},{"floor":13.0,"key":"Nunchaku"},{"floor":26.0,"key":"Girya"},{"floor":31.0,"key":"Ancient Tea Set"},{"floor":41.0,"key":"MawBank"},{"floor":44.0,"key":"Bag of Marbles"},{"floor":54.0,"key":"Shuriken"}],"event_choices":[{"damage_healed":0.0,"max_hp_gain":0.0,"max_hp_loss":0.0,"gold_gain":0.0,"event_name":"Dead Adventurer","player_choice":"Searched \u00271\u0027 times","floor":13.0,"gold_loss":0.0,"damage_taken":0.0},{"damage_healed":0.0,"max_hp_gain":0.0,"max_hp_loss":38.0,"gold_gain":0.0,"event_name":"Ghosts","player_choice":"Became a Ghost","floor":21.0,"gold_loss":0.0,"damage_taken":0.0,"cards_obtained":["Ghostly","Ghostly","Ghostly","Ghostly","Ghostly"]},{"damage_healed":0.0,"max_hp_gain":0.0,"max_hp_loss":0.0,"gold_gain":0.0,"event_name":"Vampires","player_choice":"Ignored","floor":30.0,"gold_loss":0.0,"damage_taken":0.0},{"damage_healed":0.0,"max_hp_gain":0.0,"max_hp_loss":0.0,"gold_gain":0.0,"event_name":"Tomb of Lord Red Mask","player_choice":"Ignored","floor":36.0,"gold_loss":0.0,"damage_taken":0.0},{"damage_healed":0.0,"max_hp_gain":0.0,"max_hp_loss":0.0,"gold_gain":100.0,"event_name":"Golden Shrine","player_choice":"Pray","floor":37.0,"gold_loss":0.0,"damage_taken":0.0},{"damage_healed":0.0,"max_hp_gain":0.0,"max_hp_loss":0.0,"gold_gain":0.0,"event_name":"Accursed Blacksmith","player_choice":"Forge","floor":45.0,"gold_loss":0.0,"damage_taken":0.0,"cards_upgraded":["Ghostly"]}],"is_beta":false,"boss_relics":[{"not_picked":["Cursed Key","Ectoplasm"],"picked":"Inserter"},{"not_picked":["Busted Crown","Runic Pyramid"],"picked":"FrozenCore"}],"items_purged_floors":[53],"is_endless":false,"potions_floor_spawned":[5,10,13,16,20,22,25,31,39,41,42,48],"killed_by":"The Heart","ascension_level":11}