{"gold_per_floor":[115,127,141,141,16,46,46,21,21,21,46,46,46,81,81,159,159,170,170,180,195,195,228,228,254,335,362,71,90,106,116,116,194,194,206,218,60,74,174,174,191,218,218,218,229,239,239,264,264,264,264,264,10,35,35],"floor_reached":55,"playtime":5475,"items_purged":["Pain","Strike_B"],"score":1246,"play_id":"67b24841-1d51-491c-912c-127922517e89","local_time":"20190201021859","is_ascension_mode":true,"campfire_choices":[{"data":"Sunder","floor":7.0,"key":"SMITH"},{"data":"Go for the Eyes","floor":10.0,"key":"SMITH"},{"floor":12.0,"key":"REST"},{"floor":15.0,"key":"REST"},{"floor":24.0,"key":"REST"},{"floor":32.0,"key":"REST"},{"floor":40,"key":"REST"},{"floor":44,"key":"REST"},{"floor":47,"key":"RECALL"},{"floor":49,"key":"REST"},{"floor":52,"key":"REST"}],"neow_cost":"NONE","seed_source_timestamp":0,"circlet_count":0,"master_deck":["AscendersBane","Defend_B","Defend_B","Defend_B","Defend_B","Zap","Dualcast","Gash","White Noise","Sunder+1","Ball Lightning+1","Leap","Go for the Eyes+1","Core Surge","Chaos","Biased Cognition","Loop+1","Self Repair","FTL","Storm","Beam Cell+1","Defragment+1","Hyperbeam","Steam","Gash","Thunder Strike","Auto Shields+1","Gash+1","Biased Cognition+1","Self Repair+1","Seek","Defragment+1"],"special_seed":0,"relics":["FrozenCore","WarpedTongs","Darkstone Periapt","Cables","Shuriken","Orichalcum","Frozen Egg 2","Pen Nib","Kunai","Oddly Smooth Stone","Black Star","Omamori","Gremlin Horn","Bird Faced Urn","Bronze Scales","Frozen Eye","Lantern","Whetstone"],"potions_floor_usage":[50,54,55],"damage_taken":[{"damage":3.0,"enemies":"2 Louse","floor":1.0,"turns":2.0},{"damage":1.0,"enemies":"Cultist","floor":2.0,"turns":3.0},{"damage":0.0,"enemies":"Jaw Worm","floor":3.0,"turns":3.0},{"damage":25.0,"enemies":"Lagavulin","floor":6.0,"turns":6.0},{"damage":19.0,"enemies":"Gremlin Nob","floor":11.0,"turns":4.0},{"damage":13.0,"enemies":"3 Sentries","floor":14.0,"turns":4.0},{"damage":25.0,"enemies":"Hexaghost","floor":16.0,"turns":9.0},{"damage":4.0,"enemies":"3 Byrds","floor":18.0,"turns":4.0},{"damage":0.0,"enemies":"Chosen","floor":20.0,"turns":4.0},{"damage":6.0,"enemies":"Sentry and Sphere","floor":21.0,"turns":4.0},{"damage":24.0,"enemies":"Book of Stabbing","floor":23.0,"turns":6.0},{"damage":21.0,"enemies":"Gremlin Leader","floor":25.0,"turns":7.0},{"damage":29.0,"enemies":"Book of Stabbing","floor":27.0,"turns":5.0},{"damage":4.0,"enemies":"Snake Plant","floor":29.0,"turns":4.0},{"damage":7.0,"enemies":"Centurion and Healer","floor":30.0,"turns":4.0},{"damage":4.0,"enemies":"Sentry and Sphere","floor":31.0,"turns":5.0},{"damage":7.0,"enemies":"Collector","floor":33.0,"turns":10.0},{"damage":4.0,"enemies":"3 Shapes","floor":35.0,"turns":5.0},{"damage":31.0,"enemies":"3 Darklings","floor":36.0,"turns":7.0},{"damage":31,"enemies":"Writhing Mass","floor":38,"turns":7},{"damage":12,"enemies":"Sphere and 2 Shapes","floor":41,"turns":5},{"damage":21,"enemies":"Giant Head","floor":42,"turns":12},{"damage":11,"enemies":"3 Darklings","floor":45,"turns":4},{"damage":2,"enemies":"Maw","floor":46,"turns":7},{"damage":71,"enemies":"Nemesis","floor":48,"turns":9},{"damage":56,"enemies":"Time Eater","floor":50,"turns":8},{"damage":15,"enemies":"Shield and Spear","floor":54,"turns":8},{"damage":105,"enemies":"The Heart","floor":55,"turns":6}],"seed_played":"6971336109125592480","potions_obtained":[{"floor":11.0,"key":"Strength Potion"},{"floor":14.0,"key":"SteroidPotion"},{"floor":16.0,"key":"Explosive Potion"},{"floor":20.0,"key":"LiquidBronze"},{"floor":23.0,"key":"FearPotion"},{"floor":25.0,"key":"SneckoOil"},{"floor":33.0,"key":"Poison Potion"}],"is_trial":false,"path_per_floor":["M","M","M","?","$","E","R","$","T","R","E","R","?","E","R","B",null,"M","?","M","M","?","E","R","E","T","E","$","M","M","M","R","B",null,"M","M","$","M","?","R","M","E","T","R","M","M","R","E","R","B",null,"R","$","E","B"],"character_chosen":"DEFECT","items_purchased":["Ball Lightning","Go for the Eyes","Defragment+1","Fire Potion","Hyperbeam","Biased Cognition+1","Frozen Eye","Block Potion"],"campfire_rested":8,"item_purchase_floors":[5,8,28,28,28,37,53,53],"current_hp_per_floor":[72,71,71,71,71,46,46,46,46,46,27,51,51,38,62,37,71,67,67,67,68,68,51,75,64,64,45,45,48,48,51,75,75,80,82,58,58,34,34,58,53,42,42,66,65,82,82,31,55,34,70,82,82,82,0],"gold":35,"neow_bonus":"TEN_PERCENT_HP_BONUS","is_prod":false,"is_daily":false,"chose_seed":false,"campfire_upgraded":2,"win_rate":0,"timestamp":1549005539,"path_taken":["M","M","M","?","$","E","R","?","T","R","E","R","?","E","R","BOSS","M","?","?","M","?","E","R","E","T","E","$","M","M","M","R","BOSS","M","?","?","M","?","R","M","E","T","R","M","M","R","E","R","BOSS","R","$","E","BOSS"],"build_version":"2019-01-23","purchased_purges":2,"victory":false,"max_hp_per_floor":[82,82,82,82,82,82,82,82,82,82,82,82,82,82,82,82,82,82,82,82,82,82,82,82,82,82,82,82,82,82,82,82,82,82,82,82,82,82,82,82,82,82,82,82,82,82,82,82,82,82,82,82,82,82,82],"card_choices":[{"not_picked":["Streamline","Barrage"],"picked":"Gash","floor":1.0},{"not_picked":["Sweeping Beam","Streamline"],"picked":"White Noise","floor":2.0},{"not_picked":["Compile Driver","Stack"],"picked":"Sunder","floor":3.0},{"not_picked":["Loop","Rebound"],"picked":"Leap","floor":6.0},{"not_picked":["Blizzard","Multi-Cast","Force Field"],"picked":"SKIP","floor":11.0},{"not_picked":["Chill","Hologram"],"picked":"Chaos","floor":14.0},{"not_picked":["Hyperbeam","Core Surge"],"picked":"Biased Cognition","floor":16.0},{"not_picked":["Redo","Beam Cell"],"picked":"Loop+1","floor":18.0},{"not_picked":["Capacitor","Beam Cell"],"picked":"Self Repair","floor":20.0},{"not_picked":["Scrape","Hologram"],"picked":"FTL","floor":21.0},{"not_picked":["FTL","BootSequence"],"picked":"Beam Cell+1","floor":23.0},{"not_picked":["Barrage","Fusion+1","Rainbow"],"picked":"SKIP","floor":25.0},{"not_picked":["Tempest","Fusion+1","Streamline"],"picked":"SKIP","floor":27.0},{"not_picked":["White Noise","Streamline"],"picked":"Steam","floor":29.0},{"not_picked":["Blizzard","Streamline"],"picked":"Gash","floor":30.0},{"not_picked":["Streamline","Stack","Hologram"],"picked":"SKIP","floor":31.0},{"not_picked":["Hyperbeam","Multi-Cast"],"picked":"Thunder Strike","floor":33.0},{"not_picked":["Sweeping Beam","White Noise"],"picked":"Auto Shields+1","floor":35.0},{"not_picked":["Steam Power","Conserve Battery+1"],"picked":"Gash","floor":36.0},{"not_picked":["Ball Lightning","FTL","Redo+1"],"picked":"SKIP","floor":38},{"not_picked":["Cold Snap","Hologram","Rebound"],"picked":"SKIP","floor":41},{"not_picked":["Auto Shields","Leap","Barrage"],"picked":"SKIP","floor":42},{"not_picked":["Blizzard+1","Auto Shields+1"],"picked":"Self Repair+1","floor":45},{"not_picked":["Go for the Eyes","Sweeping Beam"],"picked":"Seek","floor":46},{"not_picked":["Blizzard","Gash"],"picked":"Defragment+1","floor":48},{"not_picked":["Sunder","Hologram","Stack"],"picked":"SKIP","floor":54}],"player_experience":681047,"relics_obtained":[{"floor":6.0,"key":"Darkstone Periapt"},{"floor":9.0,"key":"Cables"},{"floor":11.0,"key":"Shuriken"},{"floor":14.0,"key":"Orichalcum"},{"floor":23.0,"key":"Frozen Egg 2"},{"floor":25.0,"key":"Pen Nib"},{"floor":26.0,"key":"Kunai"},{"floor":27.0,"key":"Oddly Smooth Stone"},{"floor":42,"key":"Omamori"},{"floor":42,"key":"Gremlin Horn"},{"floor":48,"key":"Bird Faced Urn"},{"floor":48,"key":"Bronze Scales"},{"floor":54,"key":"Lantern"},{"floor":54,"key":"Whetstone"}],"event_choices":[{"damage_healed":0.0,"max_hp_gain":0.0,"max_hp_loss":0.0,"gold_gain":0.0,"event_name":"Accursed Blacksmith","player_choice":"Rummage","floor":4.0,"gold_loss":0.0,"damage_taken":0.0,"relics_obtained":["WarpedTongs"],"cards_obtained":["Pain"]},{"damage_healed":0.0,"max_hp_gain":0.0,"max_hp_loss":0.0,"gold_gain":0.0,"cards_transformed":["Strike_B"],"event_name":"Transmorgrifier","player_choice":"Transformed","floor":13.0,"gold_loss":0.0,"damage_taken":0.0,"cards_obtained":["Core Surge"]},{"cards_removed":["Strike_B"],"damage_healed":0.0,"max_hp_gain":0.0,"max_hp_loss":0.0,"gold_gain":0.0,"event_name":"Purifier","player_choice":"Purged","floor":19.0,"gold_loss":0.0,"damage_taken":0.0},{"damage_healed":0.0,"max_hp_gain":0.0,"max_hp_loss":0.0,"gold_gain":0.0,"cards_transformed":["Strike_B"],"event_name":"Transmorgrifier","player_choice":"Transformed","floor":22.0,"gold_loss":0.0,"damage_taken":0.0,"cards_obtained":["Storm"]},{"damage_healed":0,"gold_gain":100,"player_choice":"Pray","damage_taken":0,"max_hp_gain":0,"max_hp_loss":0,"event_name":"Golden Shrine","floor":39,"gold_loss":0}],"is_beta":false,"boss_relics":[{"not_picked":["Runic Dome","Lizard Tail"],"picked":"FrozenCore"},{"not_picked":["Velvet Choker","Coffee Dripper"],"picked":"Black Star"}],"items_purged_floors":[5,28],"is_endless":false,"potions_floor_spawned":[11,14,16,20,21,23,25,33,36,38,41,46],"killed_by":"The Heart","ascension_level":13}