{"gold_per_floor":[99,99,99,99,99,99,99,29,29,29,29,14,14,14,14,14,14,14,14,14,14,14,14,14,14,14,14,14,14,14,14,14,14,14,14,14,14,14,14],"floor_reached":39,"playtime":2665,"items_purged":[],"score":452,"play_id":"83186303-9cd6-4450-a2c8-5b0553975b53","local_time":"20181123033930","is_ascension_mode":false,"campfire_choices":[{"data":"Dagger Spray","floor":10,"key":"SMITH"},{"floor":15,"key":"REST"},{"data":"Die Die Die","floor":23,"key":"SMITH"},{"floor":27,"key":"REST"},{"data":"Noxious Fumes","floor":29,"key":"SMITH"},{"floor":32,"key":"REST"}],"neow_cost":"NONE","seed_source_timestamp":108088145853825,"circlet_count":0,"master_deck":["Defend_G","Defend_G","Defend_G","Defend_G","Defend_G","Strike_G","Strike_G","Strike_G","Strike_G","Strike_G","Survivor","Neutralize","Flying Knee","Venomology","Neutralize","Dagger Spray+1","Riddle With Holes","Slice","Backstab","Masterful Stab","Bane","All Out Attack","Poisoned Stab","Glass Knife","Endless Agony","Cloak And Dagger","Die Die Die+1","Dagger Throw","Blade Dance","Riddle With Holes+1","Dagger Throw+1","Noxious Fumes+1","Infinite Blades+1","Dodge and Roll","Die Die Die","Dagger Spray+1","Endless Agony","Acrobatics","Dodge and Roll"],"relics":["Ectoplasm","Orichalcum","Strawberry","Bronze Scales","Sozu","Snake Skull","Ornamental Fan","Mummified Hand","Kunai","Lantern","Black Star","Calipers"],"potions_floor_usage":[5,16,30,37,37],"damage_taken":[{"damage":0,"enemies":"Cultist","floor":1,"turns":4},{"damage":2,"enemies":"Small Slimes","floor":3,"turns":2},{"damage":0,"enemies":"2 Louse","floor":4,"turns":3},{"damage":0,"enemies":"Large Slime","floor":5,"turns":3},{"damage":1,"enemies":"3 Sentries","floor":6,"turns":5},{"damage":7,"enemies":"Blue Slaver","floor":7,"turns":3},{"damage":8,"enemies":"3 Sentries","floor":11,"turns":4},{"damage":2,"enemies":"Looter","floor":12,"turns":2},{"damage":0,"enemies":"Large Slime","floor":13,"turns":3},{"damage":8,"enemies":"Red Slaver","floor":14,"turns":2},{"damage":9,"enemies":"Hexaghost","floor":16,"turns":8},{"damage":4,"enemies":"Spheric Guardian","floor":18,"turns":3},{"damage":4,"enemies":"Chosen","floor":19,"turns":3},{"damage":9,"enemies":"Snake Plant","floor":22,"turns":3},{"damage":8,"enemies":"Gremlin Leader","floor":24,"turns":6},{"damage":13,"enemies":"Shelled Parasite and Fungi","floor":28,"turns":2},{"damage":2,"enemies":"Slavers","floor":30,"turns":3},{"damage":6,"enemies":"Chosen and Byrds","floor":31,"turns":3},{"damage":52,"enemies":"Champ","floor":33,"turns":13},{"damage":20,"enemies":"3 Darklings","floor":35,"turns":3},{"damage":13,"enemies":"Orb Walker","floor":36,"turns":3},{"damage":38,"enemies":"2 Orb Walkers","floor":37,"turns":6},{"damage":0,"enemies":"Sphere and 2 Shapes","floor":38,"turns":3},{"damage":25,"enemies":"Maw","floor":39,"turns":6}],"seed_played":"5210912122927005700","potions_obtained":[{"floor":3,"key":"Swift Potion"},{"floor":6,"key":"GhostInAJar"},{"floor":13,"key":"Fire Potion"},{"floor":16,"key":"Block Potion"}],"is_trial":false,"path_per_floor":["M","?","M","M","M","E","M","$","T","R","?","M","M","M","R","B",null,"M","M","?","?","M","R","E","T","T","R","M","R","E","M","R","B",null,"M","M","?","M","M"],"character_chosen":"THE_SILENT","items_purchased":["All Out Attack"],"campfire_rested":3,"item_purchase_floors":[8],"current_hp_per_floor":[70,70,68,68,68,67,60,60,67,67,59,57,57,49,72,63,77,73,69,69,69,60,60,52,52,52,75,62,62,60,54,77,25,77,57,44,15,15,0],"gold":14,"neow_bonus":"BOSS_RELIC","is_prod":false,"is_daily":false,"chose_seed":false,"campfire_upgraded":3,"win_rate":0.0,"timestamp":1542962370,"path_taken":["M","?","M","?","M","E","M","$","T","R","?","M","M","M","R","BOSS","M","M","?","?","M","R","E","?","T","R","M","R","E","M","R","BOSS","M","M","?","M","M"],"build_version":"2018-11-15","purchased_purges":0,"victory":false,"max_hp_per_floor":[70,70,70,70,70,70,70,70,77,77,77,77,77,77,77,77,77,77,77,77,77,77,77,77,77,77,77,77,77,77,77,77,77,77,77,77,77,77,77],"card_choices":[{"not_picked":["PiercingWail","Escape Plan"],"picked":"Flying Knee","floor":1},{"not_picked":["Acrobatics","Dagger Throw"],"picked":"Riddle With Holes","floor":3},{"not_picked":["Tactician","PiercingWail"],"picked":"Slice","floor":4},{"not_picked":["Cloak And Dagger","Outmaneuver"],"picked":"Backstab","floor":5},{"not_picked":["Calculated Gamble","Cloak And Dagger"],"picked":"Masterful Stab","floor":6},{"not_picked":["Accuracy","Dagger Throw"],"picked":"Bane","floor":7},{"not_picked":["Skewer","Finisher"],"picked":"Poisoned Stab","floor":11},{"not_picked":["Blade Dance","Backflip"],"picked":"Glass Knife","floor":12},{"not_picked":["Flechettes","Deadly Poison"],"picked":"Endless Agony","floor":13},{"not_picked":["Flying Knee","Prepared"],"picked":"Cloak And Dagger","floor":14},{"not_picked":["A Thousand Cuts","Envenom"],"picked":"Die Die Die","floor":16},{"not_picked":["Quick Slash","Cloak And Dagger"],"picked":"Dagger Throw","floor":18},{"not_picked":["PiercingWail","Burst"],"picked":"Blade Dance","floor":19},{"not_picked":["Tactician+1","Expertise+1"],"picked":"Riddle With Holes+1","floor":22},{"not_picked":["Finisher","Leg Sweep"],"picked":"Dagger Throw+1","floor":24},{"not_picked":["Blade Dance","Deflect"],"picked":"Noxious Fumes","floor":28},{"not_picked":["Sucker Punch","Dagger Throw"],"picked":"Infinite Blades+1","floor":30},{"not_picked":["Underhanded Strike","Dash"],"picked":"Dodge and Roll","floor":31},{"not_picked":["Glass Knife","Unload"],"picked":"Die Die Die","floor":33},{"not_picked":["Deadly Poison+1","Slice"],"picked":"Dagger Spray+1","floor":35},{"not_picked":["Noxious Fumes","Prepared+1"],"picked":"Endless Agony","floor":36},{"not_picked":["Underhanded Strike+1","Caltrops"],"picked":"Acrobatics","floor":37},{"not_picked":["Dagger Throw","Finisher"],"picked":"Dodge and Roll","floor":38}],"player_experience":28847,"relics_obtained":[{"floor":6,"key":"Orichalcum"},{"floor":9,"key":"Strawberry"},{"floor":11,"key":"Bronze Scales"},{"floor":24,"key":"Ornamental Fan"},{"floor":25,"key":"Mummified Hand"},{"floor":26,"key":"Kunai"},{"floor":30,"key":"Lantern"},{"floor":37,"key":"Calipers"}],"event_choices":[{"damage_healed":0,"gold_gain":0,"player_choice":"3 cards matched","damage_taken":0,"max_hp_gain":0,"max_hp_loss":0,"event_name":"Match and Keep!","floor":2,"gold_loss":0,"cards_obtained":["Venomology","Neutralize","Dagger Spray"]},{"damage_healed":0,"gold_gain":0,"player_choice":"Searched \u00271\u0027 times","damage_taken":0,"max_hp_gain":0,"max_hp_loss":0,"event_name":"Dead Adventurer","floor":11,"gold_loss":0},{"damage_healed":0,"gold_gain":0,"player_choice":"Ignored","damage_taken":0,"max_hp_gain":0,"max_hp_loss":0,"event_name":"Ghosts","floor":20,"gold_loss":0},{"damage_healed":0,"gold_gain":0,"player_choice":"Opened","damage_taken":0,"relics_obtained":["Snake Skull"],"max_hp_gain":0,"max_hp_loss":0,"event_name":"The Mausoleum","floor":21,"gold_loss":0},{"damage_healed":0,"gold_gain":0,"player_choice":"Fight","damage_taken":0,"max_hp_gain":0,"max_hp_loss":0,"event_name":"Mysterious Sphere","floor":37,"gold_loss":0}],"is_beta":false,"boss_relics":[{"not_picked":["HoveringKite","Runic Dome"],"picked":"Sozu"},{"not_picked":["Lizard Tail","Velvet Choker"],"picked":"Black Star"}],"items_purged_floors":[],"is_endless":false,"potions_floor_spawned":[3,6,12,13,16,24,28,30,35],"killed_by":"Maw","ascension_level":0}