{"gold_per_floor":[115,133,133,24,36,63,63,73,73,73,148,148,181,181,181,181],"floor_reached":16,"playtime":514,"items_purged":[],"score":173,"play_id":"7dc892a0-50f0-4898-b0db-93ae346d9729","local_time":"20190128223027","is_ascension_mode":true,"campfire_choices":[{"floor":7,"key":"REST"},{"floor":12,"key":"REST"},{"data":"Blur","floor":15,"key":"SMITH"}],"neow_cost":"NONE","seed_source_timestamp":12442084621552,"circlet_count":0,"master_deck":["AscendersBane","Defend_G","Defend_G","Defend_G","Defend_G","Defend_G","Strike_G","Strike_G","Strike_G","Strike_G","Strike_G+1","Survivor+1","Neutralize","Dagger Spray","Escape Plan","Deadly Poison","After Image+1","Blur+1","Poisoned Stab","Parasite"],"relics":["Ring of the Snake","NeowsBlessing","Ginger","Frozen Egg 2","Dead Branch","Bag of Marbles","Ancient Tea Set"],"potions_floor_usage":[13,13],"damage_taken":[{"damage":0,"enemies":"2 Louse","floor":1,"turns":1},{"damage":0,"enemies":"Cultist","floor":2,"turns":1},{"damage":0,"enemies":"Jaw Worm","floor":5,"turns":1},{"damage":27,"enemies":"3 Sentries","floor":6,"turns":10},{"damage":0,"enemies":"2 Fungi Beasts","floor":8,"turns":3},{"damage":46,"enemies":"Gremlin Nob","floor":13,"turns":6},{"damage":24,"enemies":"Hexaghost","floor":16,"turns":9}],"seed_played":"-4244126169853654582","potions_obtained":[{"floor":8,"key":"EntropicBrew"},{"floor":13,"key":"LiquidBronze"}],"is_trial":false,"path_per_floor":["M","M","?","?","M","E","R","M","T","T","?","R","E","?","R","B"],"character_chosen":"THE_SILENT","items_purchased":[],"campfire_rested":2,"item_purchase_floors":[],"current_hp_per_floor":[63,63,49,49,49,22,43,43,43,43,32,53,7,24,24,0],"gold":181,"neow_bonus":"THREE_ENEMY_KILL","is_prod":false,"is_daily":false,"chose_seed":false,"campfire_upgraded":1,"win_rate":0,"timestamp":1548736227,"path_taken":["M","M","?","?","?","E","R","M","T","?","?","R","E","?","R","BOSS"],"build_version":"2019-01-23","purchased_purges":0,"victory":false,"max_hp_per_floor":[70,70,70,70,70,70,70,70,70,70,70,70,70,70,70,70],"card_choices":[{"not_picked":["Quick Slash","Poisoned Stab"],"picked":"Dagger Spray","floor":1},{"not_picked":["Tactician","Slice"],"picked":"Escape Plan","floor":2},{"not_picked":["Endless Agony","Expertise"],"picked":"Deadly Poison","floor":5},{"not_picked":["Terror","Backflip"],"picked":"After Image","floor":6},{"not_picked":["Dash","Bane"],"picked":"Blur","floor":8},{"not_picked":["Deflect","Predator"],"picked":"Poisoned Stab","floor":13}],"player_experience":498974,"relics_obtained":[{"floor":6,"key":"Frozen Egg 2"},{"floor":9,"key":"Dead Branch"},{"floor":10,"key":"Bag of Marbles"},{"floor":13,"key":"Ancient Tea Set"}],"event_choices":[{"damage_healed":0,"gold_gain":0,"player_choice":"Entered Light","damage_taken":14,"max_hp_gain":0,"max_hp_loss":0,"event_name":"Shining Light","floor":3,"gold_loss":0,"cards_upgraded":["Strike_G","Survivor"]},{"damage_healed":0,"gold_gain":0,"player_choice":"Paid Gold","damage_taken":0,"relics_obtained":["Ginger"],"max_hp_gain":0,"max_hp_loss":0,"event_name":"WeMeetAgain","floor":4,"gold_loss":109},{"damage_healed":0,"gold_gain":75,"player_choice":"Gather Gold","damage_taken":11,"max_hp_gain":0,"max_hp_loss":0,"event_name":"World of Goop","floor":11,"gold_loss":0},{"damage_healed":17,"gold_gain":0,"player_choice":"Healed and dodged fight","damage_taken":0,"max_hp_gain":0,"max_hp_loss":0,"event_name":"Mushrooms","floor":14,"gold_loss":0,"cards_obtained":["Parasite"]}],"is_beta":false,"boss_relics":[],"items_purged_floors":[],"is_endless":false,"potions_floor_spawned":[8,13],"killed_by":"Hexaghost","ascension_level":12}