{"gold_per_floor":[113,113,123,133,153,153,184,184,184,184,213,388,419,112,112,213,213,230,330,349,35,35,35,66,76,76,76,76,13,29,39,39,138,138,151,151,151,70,85,85,110,71,71,81,81,100,116,151,151,151],"floor_reached":51,"playtime":1691,"items_purged":["Doubt","Strike_B","Strike_B"],"score":854,"play_id":"51a94776-44c2-4fa8-8122-5e6ce24eba9c","local_time":"20190115201330","is_ascension_mode":true,"campfire_choices":[{"data":"Darkness","floor":6,"key":"SMITH"},{"data":"Machine Learning","floor":8,"key":"SMITH"},{"data":"Static Discharge","floor":10,"key":"SMITH"},{"data":"Zap","floor":15,"key":"SMITH"},{"floor":23,"key":"REST"},{"floor":27,"key":"REST"},{"data":"White Noise","floor":32,"key":"SMITH"},{"floor":40,"key":"REST"},{"floor":45,"key":"REST"},{"floor":49,"key":"REST"}],"neow_cost":"NONE","seed_source_timestamp":36228465567520,"circlet_count":0,"master_deck":["Strike_B","Defend_B","Defend_B","Defend_B","Zap+1","Dualcast","Static Discharge+1","Darkness+1","Machine Learning+1","Electrodynamics+1","White Noise+1","Defragment+1","Doom and Gloom+1","Storm+1","Capacitor+1","Buffer+1","Madness","Madness","Deep Breath","Loop+1","Capacitor+1","Coolheaded+1"],"relics":["Cracked Core","NeowsBlessing","Bottled Lightning","Dodecahedron","Frozen Egg 2","Mummified Hand","Bag of Preparation","Inserter","Turnip","Singing Bowl","Membership Card","FossilizedHelix","Matryoshka","Fusion Hammer","Lantern","Ancient Tea Set","Pear","Mango"],"potions_floor_usage":[16,19,19,33,33,44,50,50],"damage_taken":[{"damage":0,"enemies":"2 Louse","floor":1,"turns":1},{"damage":0,"enemies":"Cultist","floor":3,"turns":1},{"damage":0,"enemies":"Jaw Worm","floor":4,"turns":1},{"damage":0,"enemies":"3 Louse","floor":5,"turns":3},{"damage":8,"enemies":"Lagavulin","floor":7,"turns":5},{"damage":8,"enemies":"Gremlin Nob","floor":11,"turns":3},{"damage":21,"enemies":"3 Sentries","floor":13,"turns":4},{"damage":15,"enemies":"Slime Boss","floor":16,"turns":4},{"damage":0,"enemies":"Spheric Guardian","floor":18,"turns":3},{"damage":25,"enemies":"Colosseum Slavers","floor":19,"turns":2},{"damage":15,"enemies":"Colosseum Nobs","floor":19,"turns":3},{"damage":10,"enemies":"2 Thieves","floor":20,"turns":2},{"damage":20,"enemies":"Book of Stabbing","floor":24,"turns":3},{"damage":14,"enemies":"Snake Plant","floor":25,"turns":2},{"damage":0,"enemies":"Centurion and Healer","floor":30,"turns":2},{"damage":15,"enemies":"Shelled Parasite and Fungi","floor":31,"turns":3},{"damage":28,"enemies":"Champ","floor":33,"turns":6},{"damage":7,"enemies":"3 Darklings","floor":35,"turns":2},{"damage":0,"enemies":"3 Shapes","floor":39,"turns":2},{"damage":0,"enemies":"Giant Head","floor":41,"turns":6},{"damage":0,"enemies":"Jaw Worm Horde","floor":44,"turns":1},{"damage":0,"enemies":"Spire Growth","floor":46,"turns":4},{"damage":3,"enemies":"4 Shapes","floor":47,"turns":3},{"damage":50,"enemies":"Nemesis","floor":48,"turns":5},{"damage":94,"enemies":"Awakened One","floor":50,"turns":7}],"seed_played":"-8451654106195622205","potions_obtained":[{"floor":1,"key":"Energy Potion"},{"floor":11,"key":"Poison Potion"},{"floor":16,"key":"Regen Potion"},{"floor":19,"key":"Explosive Potion"},{"floor":31,"key":"Poison Potion"},{"floor":33,"key":"Dexterity Potion"},{"floor":35,"key":"Explosive Potion"},{"floor":41,"key":"Ancient Potion"},{"floor":47,"key":"Energy Potion"}],"is_trial":false,"path_per_floor":["M","?","M","M","M","R","E","R","T","R","E","?","E","$","R","B",null,"M","?","M","$","?","R","E","M","T","R","?","$","M","M","R","B",null,"M","?","?","$","M","R","E","$","T","M","R","M","M","E","R","B",null],"character_chosen":"DEFECT","items_purchased":["Defragment+1","Bag of Preparation","Capacitor+1","Membership Card","Deep Breath","Loop+1","Capacitor+1"],"campfire_rested":5,"item_purchase_floors":[14,14,21,21,38,38,42],"current_hp_per_floor":[75,75,75,75,75,75,67,67,67,67,59,59,38,38,38,23,75,75,44,36,36,36,59,41,29,29,53,53,53,55,42,42,14,85,80,80,69,69,71,89,91,91,101,101,101,103,102,68,104,10],"gold":151,"neow_bonus":"THREE_ENEMY_KILL","is_prod":false,"is_daily":false,"chose_seed":false,"campfire_upgraded":5,"win_rate":0,"timestamp":1547543610,"path_taken":["M","?","?","?","M","R","E","R","T","R","E","?","E","$","R","BOSS","M","?","M","$","?","R","E","M","T","R","?","?","?","?","R","BOSS","M","?","?","$","M","R","E","?","T","M","R","M","M","E","R","BOSS"],"build_version":"2018-11-15","purchased_purges":3,"victory":true,"max_hp_per_floor":[75,75,75,75,75,75,75,75,75,75,75,75,75,75,75,75,75,75,75,77,77,77,77,79,81,81,81,81,81,83,85,85,85,85,87,87,87,87,89,89,91,91,101,101,101,103,105,121,121,121],"card_choices":[{"not_picked":["Undo","Go for the Eyes"],"picked":"Static Discharge","floor":1},{"not_picked":["Rip and Tear","Go for the Eyes","Skim"],"picked":"SKIP","floor":3},{"not_picked":["Force Field","Streamline"],"picked":"Darkness","floor":4},{"not_picked":["Tempest","Glacier","Consume"],"picked":"SKIP","floor":5},{"not_picked":["Lockon","Rebound"],"picked":"Machine Learning","floor":7},{"not_picked":["Force Field","FTL"],"picked":"Electrodynamics","floor":11},{"not_picked":["Beam Cell","Barrage"],"picked":"White Noise","floor":13},{"not_picked":["Steam","Gash+1"],"picked":"Doom and Gloom+1","floor":18},{"not_picked":["Aggregate+1","Stack+1"],"picked":"Storm+1","floor":19},{"not_picked":["Consume","Reinforced Body","Blizzard"],"picked":"Singing Bowl","floor":20},{"not_picked":["Compile Driver+1","Reinforced Body+1","Stack"],"picked":"Singing Bowl","floor":24},{"not_picked":["Redo","Steam","Turbo"],"picked":"Singing Bowl","floor":25},{"not_picked":["Multi-Cast","Streamline","Barrage"],"picked":"Singing Bowl","floor":30},{"not_picked":["Stack","Hologram","Compile Driver"],"picked":"Singing Bowl","floor":31},{"not_picked":["Rainbow","Amplify"],"picked":"Buffer+1","floor":33},{"not_picked":["Scrape+1","Ball Lightning+1","Fusion"],"picked":"Singing Bowl","floor":35},{"not_picked":["Barrage+1","Cold Snap","Recycle+1"],"picked":"Singing Bowl","floor":39},{"not_picked":["Compile Driver","Recycle+1","Steam Power+1"],"picked":"Singing Bowl","floor":41},{"not_picked":["Aggregate+1","Turbo+1"],"picked":"Coolheaded+1","floor":44},{"not_picked":["Beam Cell","Leap+1","Barrage+1"],"picked":"Singing Bowl","floor":46},{"not_picked":["Conserve Battery","Ball Lightning","Beam Cell"],"picked":"Singing Bowl","floor":47},{"not_picked":["Fission","Reprogram","Chill"],"picked":"Singing Bowl","floor":48}],"player_experience":1091837,"relics_obtained":[{"floor":7,"key":"Bottled Lightning"},{"floor":9,"key":"Dodecahedron"},{"floor":11,"key":"Frozen Egg 2"},{"floor":13,"key":"Mummified Hand"},{"floor":19,"key":"Turnip"},{"floor":19,"key":"Singing Bowl"},{"floor":24,"key":"FossilizedHelix"},{"floor":26,"key":"Matryoshka"},{"floor":41,"key":"Lantern"},{"floor":43,"key":"Ancient Tea Set"},{"floor":43,"key":"Pear"},{"floor":48,"key":"Mango"}],"event_choices":[{"cards_removed":["Strike_B"],"damage_healed":0,"gold_gain":0,"player_choice":"Offered Basic","damage_taken":0,"max_hp_gain":0,"max_hp_loss":0,"event_name":"Bonfire Elementals","floor":2,"gold_loss":0},{"damage_healed":0,"gold_gain":175,"player_choice":"AGREE","damage_taken":0,"max_hp_gain":0,"max_hp_loss":0,"event_name":"Liars Game","floor":12,"gold_loss":0,"cards_obtained":["Doubt"]},{"damage_healed":0,"gold_gain":0,"player_choice":"Fight","damage_taken":0,"max_hp_gain":0,"max_hp_loss":0,"event_name":"Colosseum","floor":19,"gold_loss":0},{"damage_healed":0,"gold_gain":0,"player_choice":"Fought Nobs","damage_taken":0,"max_hp_gain":0,"max_hp_loss":0,"event_name":"Colosseum","floor":19,"gold_loss":0},{"damage_healed":0,"gold_gain":0,"player_choice":"Ignored","damage_taken":0,"max_hp_gain":0,"max_hp_loss":0,"event_name":"Vampires","floor":22,"gold_loss":0},{"damage_healed":0,"gold_gain":0,"player_choice":"Ignored","damage_taken":0,"max_hp_gain":0,"max_hp_loss":0,"event_name":"Ghosts","floor":28,"gold_loss":0},{"cards_removed":["Defend_B"],"damage_healed":0,"gold_gain":0,"player_choice":"Removed Skill","damage_taken":0,"max_hp_gain":0,"max_hp_loss":0,"event_name":"Falling","floor":36,"gold_loss":0},{"damage_healed":0,"gold_gain":0,"player_choice":"Embrace Madness","damage_taken":11,"max_hp_gain":0,"max_hp_loss":0,"event_name":"Winding Halls","floor":37,"gold_loss":0,"cards_obtained":["Madness","Madness"]}],"is_beta":true,"boss_relics":[{"not_picked":["Busted Crown","Runic Dome"],"picked":"Inserter"},{"not_picked":["Pandora\u0027s Box","Coffee Dripper"],"picked":"Fusion Hammer"}],"items_purged_floors":[14,21,29],"is_endless":false,"potions_floor_spawned":[1,11,16,19,19,31,33,35,41,47],"ascension_level":1}