{"gold_per_floor":[114,124,124,142,156,181,181,213,213,213,259,259,293,307,307,384,384,400,413,432,129,109,109,122,122,122,141,141,64,64,96,96,96],"floor_reached":33,"playtime":1548,"items_purged":["Strike_B"],"score":527,"play_id":"ec21222f-6c9c-4367-8870-6822c46b0074","local_time":"20181126085859","is_ascension_mode":true,"campfire_choices":[{"floor":7,"key":"REST"},{"data":"Streamline","floor":12,"key":"SMITH"},{"data":"Zap","floor":15,"key":"SMITH"},{"data":"Strike_B","floor":23,"key":"PURGE"},{"data":"Seek","floor":25,"key":"SMITH"},{"data":"Beam Cell","floor":28,"key":"SMITH"},{"floor":32,"key":"REST"}],"neow_cost":"NONE","seed_source_timestamp":917783112707498,"circlet_count":0,"master_deck":["AscendersBane","Strike_B","Strike_B","Defend_B","Defend_B","Defend_B","Defend_B","Zap+1","Dualcast","Streamline+1","Conserve Battery","Ball Lightning","Fission+1","Auto Shields","Leap","Darkness","Seek+1","Sweeping Beam","Hologram","Beam Cell+1","Reboot","Defragment","Hologram+1"],"relics":["Cracked Core","CultistMask","Kunai","Meat on the Bone","Gambling Chip","Lantern","Peace Pipe","Cursed Key","Runic Capacitor","Toxic Egg 2"],"potions_floor_usage":[8,33],"damage_taken":[{"damage":0,"enemies":"Cultist","floor":1,"turns":3},{"damage":7,"enemies":"Jaw Worm","floor":2,"turns":2},{"damage":2,"enemies":"Small Slimes","floor":4,"turns":3},{"damage":8,"enemies":"Blue Slaver","floor":5,"turns":3},{"damage":28,"enemies":"Lagavulin","floor":6,"turns":5},{"damage":24,"enemies":"Gremlin Nob","floor":8,"turns":4},{"damage":4,"enemies":"3 Sentries","floor":13,"turns":7},{"damage":0,"enemies":"Lots of Slimes","floor":14,"turns":4},{"damage":35,"enemies":"The Guardian","floor":16,"turns":10},{"damage":5,"enemies":"Spheric Guardian","floor":18,"turns":4},{"damage":19,"enemies":"3 Byrds","floor":19,"turns":4},{"damage":2,"enemies":"Snecko","floor":20,"turns":4},{"damage":0,"enemies":"Centurion and Healer","floor":24,"turns":5},{"damage":24,"enemies":"Cultist and Chosen","floor":27,"turns":5},{"damage":28,"enemies":"Slavers","floor":31,"turns":6},{"damage":54,"enemies":"Collector","floor":33,"turns":7}],"seed_played":"2549215802115735121","potions_obtained":[{"floor":4,"key":"GamblersBrew"},{"floor":5,"key":"Dexterity Potion"},{"floor":8,"key":"FearPotion"}],"is_trial":false,"path_per_floor":["M","M","?","M","M","E","R","E","T","?","T","R","E","M","R","B",null,"M","M","M","$","?","R","M","R","T","M","R","$","?","E","R","B"],"character_chosen":"DEFECT","items_purchased":["Runic Capacitor","Defragment"],"campfire_rested":2,"item_purchase_floors":[21,29],"current_hp_per_floor":[71,64,64,62,54,26,49,25,25,25,25,25,33,45,45,22,64,59,40,50,50,50,50,50,50,50,38,38,38,38,22,45,0],"gold":96,"neow_bonus":"TEN_PERCENT_HP_BONUS","is_prod":false,"is_daily":false,"chose_seed":false,"campfire_upgraded":4,"win_rate":0,"timestamp":1543251539,"path_taken":["M","?","?","?","M","E","R","E","T","?","?","R","E","M","R","BOSS","M","M","M","$","?","R","M","R","T","?","R","?","?","E","R","BOSS"],"build_version":"2018-11-15","purchased_purges":1,"victory":false,"max_hp_per_floor":[78,78,78,78,78,78,78,78,78,78,78,78,78,78,78,78,78,78,78,78,78,78,78,78,78,78,78,78,78,78,78,78,78],"card_choices":[{"not_picked":["Coolheaded","Darkness"],"picked":"Streamline","floor":1},{"not_picked":["Double Energy","Steam"],"picked":"Conserve Battery","floor":2},{"not_picked":["Heatsinks","Turbo"],"picked":"Ball Lightning","floor":4},{"not_picked":["Static Discharge","Steam Power","Meteor Strike"],"picked":"SKIP","floor":5},{"not_picked":["All For One","Hello World"],"picked":"Fission","floor":6},{"not_picked":["Go for the Eyes","Consume"],"picked":"Auto Shields","floor":8},{"not_picked":["Scrape","Hello World"],"picked":"Leap","floor":13},{"not_picked":["Turbo","Steam"],"picked":"Darkness","floor":14},{"not_picked":["Multi-Cast","Fission"],"picked":"Seek","floor":16},{"not_picked":["Streamline","Rebound"],"picked":"Sweeping Beam","floor":18},{"not_picked":["Sweeping Beam","Tempest"],"picked":"Hologram","floor":19},{"not_picked":["Ball Lightning+1","BootSequence"],"picked":"Beam Cell","floor":20},{"not_picked":["Turbo","Auto Shields","Rebound"],"picked":"SKIP","floor":24},{"not_picked":["Gash","Steam Power"],"picked":"Reboot","floor":27},{"not_picked":["Compile Driver","Machine Learning"],"picked":"Hologram","floor":31}],"player_experience":1364895,"relics_obtained":[{"floor":6,"key":"Kunai"},{"floor":8,"key":"Meat on the Bone"},{"floor":9,"key":"Gambling Chip"},{"floor":11,"key":"Lantern"},{"floor":13,"key":"Peace Pipe"},{"floor":31,"key":"Toxic Egg 2"}],"event_choices":[{"damage_healed":0,"gold_gain":0,"player_choice":"Trade","damage_taken":0,"relics_obtained":["CultistMask"],"max_hp_gain":0,"max_hp_loss":0,"event_name":"FaceTrader","floor":3,"gold_loss":0},{"damage_healed":0,"gold_gain":0,"player_choice":"Grow","damage_taken":0,"max_hp_gain":0,"max_hp_loss":0,"event_name":"Living Wall","floor":10,"gold_loss":0,"cards_upgraded":["Fission"]},{"damage_healed":0,"gold_gain":0,"player_choice":"Bought 1 Potion","damage_taken":0,"max_hp_gain":0,"max_hp_loss":0,"event_name":"The Woman in Blue","floor":22,"gold_loss":0},{"damage_healed":0,"gold_gain":0,"player_choice":"Ignored","damage_taken":0,"max_hp_gain":0,"max_hp_loss":0,"event_name":"Ghosts","floor":30,"gold_loss":0}],"is_beta":false,"boss_relics":[{"not_picked":["Orrery","Runic Pyramid"],"picked":"Cursed Key"}],"items_purged_floors":[21],"is_endless":false,"potions_floor_spawned":[4,5,8,13,27,31],"killed_by":"Collector","ascension_level":17}