{"gold_per_floor":[113,113,38,38,57,85,85,85,108,121,152,167,167,183,183,262,262],"floor_reached":17,"playtime":484,"items_purged":["Strike_B"],"score":361,"play_id":"22cad26c-83cb-4302-8699-75b4f6c97a0c","local_time":"20181011002708","is_ascension_mode":true,"campfire_choices":[{"data":"Zap","floor":7,"key":"SMITH"},{"data":"Sunder","floor":15,"key":"SMITH"}],"neow_cost":"NONE","seed_source_timestamp":253316467116680,"circlet_count":0,"master_deck":["Strike_B","Strike_B","Defend_B","Defend_B+1","Defend_B","Zap+1","Dualcast","AscendersBane","Go for the Eyes+1","BootSequence","Conserve Battery","FTL","Self Repair","Sunder+1","Reboot"],"relics":["Cracked Core","NeowsBlessing","Gremlin Horn","Smiling Mask","Omamori","Runic Dome"],"potions_floor_usage":[11],"damage_taken":[{"damage":0,"enemies":"Jaw Worm","floor":1,"turns":1},{"damage":0,"enemies":"2 Louse","floor":5,"turns":1},{"damage":0,"enemies":"3 Sentries","floor":6,"turns":1},{"damage":0,"enemies":"Cultist","floor":10,"turns":3},{"damage":24,"enemies":"Gremlin Nob","floor":11,"turns":4},{"damage":17,"enemies":"Gremlin Gang","floor":12,"turns":5},{"damage":1,"enemies":"Blue Slaver","floor":14,"turns":4},{"damage":19,"enemies":"The Guardian","floor":16,"turns":14}],"seed_played":"-8926124194548096061","potions_obtained":[{"floor":5,"key":"FearPotion"},{"floor":6,"key":"Weak Potion"},{"floor":12,"key":"SteroidPotion"}],"is_trial":false,"path_per_floor":["M","?","$","?","M","E","R","?","T","M","E","M","?","M","R","B"],"character_chosen":"DEFECT","items_purchased":[],"campfire_rested":0,"item_purchase_floors":[],"current_hp_per_floor":[64,43,43,43,43,43,43,66,66,66,49,39,39,45,45,33,33],"gold":262,"neow_bonus":"THREE_ENEMY_KILL","is_prod":false,"is_daily":false,"chose_seed":false,"campfire_upgraded":2,"win_rate":0,"timestamp":1539242828,"path_taken":["M","?","$","?","M","E","R","?","T","M","E","M","?","M","R","BOSS"],"build_version":"2018-10-10","purchased_purges":1,"victory":false,"max_hp_per_floor":[71,71,71,71,71,71,71,71,71,71,71,71,71,71,71,71,71],"card_choices":[{"not_picked":["Leap","Rip and Tear"],"picked":"Go for the Eyes","floor":1},{"not_picked":["Heatsinks","Force Field"],"picked":"Conserve Battery","floor":5},{"not_picked":["Beam Cell","Heatsinks"],"picked":"FTL","floor":6},{"not_picked":["Genetic Algorithm","Barrage"],"picked":"Self Repair","floor":10},{"not_picked":["Leap","Sweeping Beam","Gash"],"picked":"SKIP","floor":11},{"not_picked":["Barrage","Melter","Turbo"],"picked":"SKIP","floor":12},{"not_picked":["Conserve Battery","Core Surge"],"picked":"Sunder","floor":14},{"not_picked":["Core Surge","Multi-Cast"],"picked":"Reboot","floor":16}],"player_experience":880513,"relics_obtained":[{"floor":6,"key":"Gremlin Horn"},{"floor":9,"key":"Smiling Mask"},{"floor":11,"key":"Omamori"}],"event_choices":[{"event_name":"Shining Light","player_choice":"Entered Light","floor":2,"damage_taken":0},{"event_name":"Transmorgrifier","player_choice":"Transform","floor":4,"damage_taken":0},{"event_name":"Big Fish","player_choice":"Banana","floor":8,"damage_taken":0},{"event_name":"Bonfire Elementals","player_choice":"BASIC","floor":13,"damage_taken":0}],"is_beta":true,"boss_relics":[{"not_picked":["Velvet Choker","Black Star"],"picked":"Runic Dome"}],"items_purged_floors":[3],"is_endless":false,"potions_floor_spawned":[5,6,12,16],"ascension_level":18}