{"gold_per_floor":[115,115,190,204,204,204,234,234,259,290,303,303,28,61,61,157,157,169,169,181,181,181,181,211,211,259,282,282,299,18,18,18,117,117,136,136,136],"floor_reached":37,"playtime":1680,"items_purged":["Strike_B"],"score":419,"play_id":"6e3acc34-679c-4eff-b692-162dcefda7e4","local_time":"20190121202524","is_ascension_mode":true,"campfire_choices":[{"data":"White Noise","floor":6,"key":"SMITH"},{"floor":12,"key":"REST"},{"data":"Static Discharge","floor":15,"key":"SMITH"},{"data":"Echo Form","floor":23,"key":"SMITH"},{"data":"Streamline","floor":25,"key":"SMITH"},{"data":"Go for the Eyes","floor":28,"key":"SMITH"},{"data":"FTL","floor":32,"key":"SMITH"}],"neow_cost":"NONE","seed_source_timestamp":209630111057094,"circlet_count":0,"master_deck":["Strike_B","Defend_B","Defend_B","Defend_B+1","Defend_B","Zap+1","Dualcast+1","White Noise+1","Self Repair","Go for the Eyes+1","FTL+1","Static Discharge+1","Echo Form+1","Conserve Battery+1","Streamline+1","Hologram+1","Mayhem","Ball Lightning","Seek","Defragment"],"relics":["Cracked Core","Omamori","War Paint","Ornamental Fan","Happy Flower","Boot","Bag of Marbles","Mummified Hand","Pen Nib","Empty Cage","Gambling Chip","Meat on the Bone","Blood Vial","Regal Pillow","Cursed Key"],"potions_floor_usage":[16,16,24,37],"damage_taken":[{"damage":3,"enemies":"Jaw Worm","floor":1,"turns":3},{"damage":0,"enemies":"Small Slimes","floor":4,"turns":2},{"damage":35,"enemies":"Lagavulin","floor":7,"turns":9},{"damage":30,"enemies":"3 Sentries","floor":10,"turns":7},{"damage":0,"enemies":"Cultist","floor":11,"turns":3},{"damage":12,"enemies":"Lagavulin","floor":14,"turns":5},{"damage":13,"enemies":"Hexaghost","floor":16,"turns":7},{"damage":10,"enemies":"Shell Parasite","floor":18,"turns":4},{"damage":20,"enemies":"Spheric Guardian","floor":20,"turns":4},{"damage":25,"enemies":"Gremlin Leader","floor":24,"turns":7},{"damage":15,"enemies":"Centurion and Healer","floor":29,"turns":4},{"damage":23,"enemies":"Champ","floor":33,"turns":7},{"damage":17,"enemies":"3 Darklings","floor":35,"turns":4},{"damage":85,"enemies":"Time Eater","floor":37,"turns":8}],"seed_played":"4660578655108308548","potions_obtained":[{"floor":4,"key":"FocusPotion"},{"floor":7,"key":"Dexterity Potion"},{"floor":16,"key":"Dexterity Potion"},{"floor":20,"key":"Block Potion"}],"is_trial":false,"path_per_floor":["M","?","?","M","T","R","E","?","T","E","M","R","$","E","R","B",null,"M","?","M","T","$","R","E","R","T","T","R","M","$","?","R","B",null,"M","?","B"],"character_chosen":"DEFECT","items_purchased":["Mummified Hand","FTL","Mayhem","Ball Lightning"],"campfire_rested":1,"item_purchase_floors":[13,13,30,30],"current_hp_per_floor":[72,72,61,61,61,61,33,33,33,10,17,39,39,27,27,21,75,72,72,59,59,59,59,41,41,41,41,41,47,47,47,47,45,75,72,72,0],"gold":136,"neow_bonus":"RANDOM_COMMON_RELIC","is_prod":false,"is_daily":false,"chose_seed":false,"campfire_upgraded":6,"win_rate":0,"timestamp":1548062724,"path_taken":["M","?","?","M","?","R","E","?","T","E","M","R","$","E","R","BOSS","M","?","M","?","?","R","E","R","T","?","R","?","$","?","R","BOSS","M","?","BOSS"],"build_version":"2018-11-15","purchased_purges":1,"victory":false,"max_hp_per_floor":[75,75,75,75,75,75,75,75,75,75,75,75,75,75,75,75,75,75,75,75,75,75,75,75,75,75,75,75,75,75,75,75,75,75,75,75,75],"card_choices":[{"not_picked":["Compile Driver","Leap"],"picked":"White Noise","floor":1},{"not_picked":["Barrage","Leap"],"picked":"Self Repair","floor":4},{"not_picked":["Rip and Tear","Tempest"],"picked":"Go for the Eyes","floor":7},{"not_picked":["Darkness","Melter","Compile Driver"],"picked":"SKIP","floor":10},{"not_picked":["Reprogram","Barrage","Leap"],"picked":"SKIP","floor":11},{"not_picked":["Leap","Streamline"],"picked":"Static Discharge","floor":14},{"not_picked":["Multi-Cast","Core Surge"],"picked":"Echo Form","floor":16},{"not_picked":["Hologram+1","Streamline","Turbo"],"picked":"SKIP","floor":18},{"not_picked":["Fusion","Lockon"],"picked":"Conserve Battery+1","floor":20},{"not_picked":["Redo+1","Multi-Cast"],"picked":"Streamline","floor":24},{"not_picked":["Stack","BootSequence+1"],"picked":"Hologram+1","floor":29},{"not_picked":["Biased Cognition","Reboot"],"picked":"Seek","floor":33},{"not_picked":["Barrage","Rebound+1"],"picked":"Defragment","floor":35}],"player_experience":1147449,"relics_obtained":[{"floor":5,"key":"Ornamental Fan"},{"floor":7,"key":"Happy Flower"},{"floor":9,"key":"Boot"},{"floor":10,"key":"Bag of Marbles"},{"floor":14,"key":"Pen Nib"},{"floor":21,"key":"Gambling Chip"},{"floor":24,"key":"Meat on the Bone"},{"floor":26,"key":"Blood Vial"},{"floor":27,"key":"Regal Pillow"}],"event_choices":[{"damage_healed":0,"gold_gain":0,"player_choice":"Box","damage_taken":0,"relics_obtained":["War Paint"],"max_hp_gain":0,"max_hp_loss":0,"event_name":"Big Fish","floor":2,"gold_loss":0,"cards_obtained":["Regret"]},{"damage_healed":0,"gold_gain":75,"player_choice":"Gather Gold","damage_taken":11,"max_hp_gain":0,"max_hp_loss":0,"event_name":"World of Goop","floor":3,"gold_loss":0},{"damage_healed":0,"gold_gain":0,"player_choice":"Grow","damage_taken":0,"max_hp_gain":0,"max_hp_loss":0,"event_name":"Living Wall","floor":8,"gold_loss":0,"cards_upgraded":["Zap"]},{"damage_healed":0,"gold_gain":0,"player_choice":"Ignored","damage_taken":0,"max_hp_gain":0,"max_hp_loss":0,"event_name":"Ghosts","floor":19,"gold_loss":0},{"damage_healed":0,"gold_gain":0,"player_choice":"Ignored","damage_taken":0,"max_hp_gain":0,"max_hp_loss":0,"event_name":"Vampires","floor":31,"gold_loss":0},{"damage_healed":0,"gold_gain":0,"player_choice":"Took Portal","damage_taken":0,"max_hp_gain":0,"max_hp_loss":0,"event_name":"SecretPortal","floor":36,"gold_loss":0}],"is_beta":true,"boss_relics":[{"not_picked":["Coffee Dripper","Runic Dome"],"picked":"Empty Cage"},{"not_picked":["Pandora\u0027s Box","Nuclear Battery"],"picked":"Cursed Key"}],"items_purged_floors":[30],"is_endless":false,"potions_floor_spawned":[4,7,16,20],"killed_by":"Time Eater","ascension_level":1}