{"path_per_floor":["M","M","?","M","M","R","M","R","T","R","$","R","M","$","R"],"character_chosen":"THE_SILENT","items_purchased":["Cloak And Dagger"],"gold_per_floor":[16,28,28,44,61,61,79,79,130,130,7,7,24,24,24,24],"floor_reached":16,"campfire_rested":0,"playtime":756,"item_purchase_floors":[],"current_hp_per_floor":[63,63,56,56,55,55,55,55,55,55,55,55,53,53,53,0],"items_purged":["Strike_G"],"gold":24,"score":152,"play_id":"9c344bc0-5e7c-4a6a-b66e-bc8dfe145011","local_time":"20180607122937","is_prod":false,"is_daily":false,"chose_seed":false,"is_ascension_mode":true,"campfire_upgraded":5,"win_rate":0,"timestamp":1528399777,"campfire_choices":[{"data":"Night Terror","floor":6.0,"key":"SMITH"},{"data":"Neutralize","floor":8.0,"key":"SMITH"},{"data":"Backstab","floor":10.0,"key":"SMITH"},{"data":"Cloak And Dagger","floor":12.0,"key":"SMITH"},{"data":"Blur","floor":15,"key":"SMITH"}],"path_taken":["M","M","?","M","M","R","M","R","T","R","$","R","M","?","R","BOSS"],"build_version":"2018-05-31","seed_source_timestamp":1464874069830983,"purchased_purges":1,"victory":false,"master_deck":["Defend_G","Defend_G","Defend_G","Defend_G","Defend_G","Strike_G","Strike_G","Strike_G","Strike_G","Survivor","Neutralize+1","AscendersBane","Night Terror+1","Backstab+1","Escape Plan","Acrobatics","Backstab","Cloak And Dagger+1","Blur+1"],"max_hp_per_floor":[70,70,70,70,70,70,70,70,70,70,70,70,70,70,70,70],"relics":["Ring of the Snake","Meat on the Bone","Bag of Marbles"],"card_choices":[{"not_picked":["Tactician","Venomology"],"picked":"Night Terror","floor":0.0},{"not_picked":["Deadly Poison","Deflect"],"picked":"Backstab","floor":1.0},{"not_picked":["Choke","Quick Slash"],"picked":"Escape Plan","floor":2.0},{"not_picked":["Concentrate","Accuracy","Outmaneuver"],"picked":"SKIP","floor":4.0},{"not_picked":["Underhanded Strike","Deflect"],"picked":"Acrobatics","floor":5.0},{"not_picked":["Slice","Sucker Punch"],"picked":"Backstab","floor":7.0},{"not_picked":["Finisher","Poisoned Stab"],"picked":"Blur","floor":13}],"player_experience":819096,"potions_floor_usage":[16],"damage_taken":[{"damage":0.0,"enemies":"Jaw Worm","floor":1.0,"turns":6.0},{"damage":0.0,"enemies":"2 Louse","floor":2.0,"turns":3.0},{"damage":0.0,"enemies":"Small Slimes","floor":4.0,"turns":3.0},{"damage":1.0,"enemies":"2 Fungi Beasts","floor":5.0,"turns":4.0},{"damage":0.0,"enemies":"Large Slime","floor":7.0,"turns":7.0},{"damage":2,"enemies":"Exordium Thugs","floor":13,"turns":2},{"damage":55,"enemies":"Hexaghost","floor":16,"turns":16}],"relics_obtained":[{"floor":9.0,"key":"Bag of Marbles"}],"event_choices":[{"event_name":"Scrap Ooze","player_choice":"success","floor":3.0,"damage_taken":7.0}],"boss_relics":[],"items_purged_floors":[],"potions_floor_spawned":[1,7],"seed_played":"2269180915287628458","killed_by":"Hexaghost","ascension_level":13,"potions_obtained":[{"floor":1.0,"key":"SpeedPotion"},{"floor":7.0,"key":"Weak Potion"}],"is_trial":false}