{"path_per_floor":["M","M","$","M","M","E","R","E","T","R","E","M","?","E","R","B",null,"M","M","M","$","M","E","M","R","T","?","E","?","$","E","R","B",null,"M","?","$","M","?","R","M","?","T","M","E","R","E","?","R","B"],"character_chosen":"IRONCLAD","items_purchased":["Mind Blast","Ornamental Fan","Flex","War Paint","Heavy Blade"],"gold_per_floor":[111,123,16,30,47,80,80,108,191,191,226,239,239,269,269,365,365,383,393,412,46,66,97,117,117,117,217,245,245,49,75,75,175,175,190,0,0,11,11,11,23,23,70,80,114,114,147,193,193,193],"floor_reached":51,"campfire_rested":1,"playtime":2207,"item_purchase_floors":[3,21,21,30,30],"current_hp_per_floor":[83,86,86,85,80,82,82,77,77,77,86,95,95,95,95,35,104,96,97,88,88,71,76,78,78,78,78,89,89,89,82,110,92,110,110,110,110,110,110,110,112,112,112,108,102,102,106,104,104,40],"items_purged":["Combust+1"],"gold":193,"score":1036,"play_id":"f973bc2d-0175-4365-a979-b6f2dd693057","local_time":"20180520132053","is_prod":false,"is_daily":false,"chose_seed":false,"is_ascension_mode":true,"campfire_upgraded":7,"timestamp":1526815253,"campfire_choices":[{"data":"Mind Blast","floor":7,"key":"SMITH"},{"data":"Inflame","floor":10,"key":"SMITH"},{"data":"Inflame","floor":15,"key":"SMITH"},{"data":"Armaments","floor":25,"key":"SMITH"},{"floor":32,"key":"REST"},{"data":"Heavy Blade","floor":40,"key":"SMITH"},{"data":"Infernal Blade","floor":46,"key":"SMITH"},{"data":"Heavy Blade","floor":49,"key":"SMITH"}],"path_taken":["M","M","$","M","M","E","R","E","T","R","E","M","?","E","R","BOSS","M","M","M","$","M","E","M","R","T","?","E","?","$","E","R","BOSS","M","?","$","M","?","R","M","?","T","M","E","R","E","?","R","BOSS"],"build_version":"2018-05-18","seed_source_timestamp":3739341169391,"purchased_purges":1,"victory":true,"master_deck":["Strike_R+1","Strike_R+1","Strike_R+1","Strike_R+1","Defend_R+1","Defend_R+1","Bash","Feed","Perfected Strike","Iron Wave","Mind Blast+1","Inflame+1","Clash","Clash","Inflame+1","Twin Strike","Offering+1","Power Through+1","Metallicize+1","Clash","Armaments+1","Flex+1","Rage+1","Heavy Blade+1","Pommel Strike+1","Pommel Strike","Heavy Blade+1","Exhume","Twin Strike","Pommel Strike+1","Mind Blast+1","Heavy Blade+1","Infernal Blade+1","Heavy Blade+1"],"max_hp_per_floor":[83,86,86,89,92,95,95,98,98,98,101,104,104,104,104,104,104,107,107,107,107,107,110,110,110,110,110,110,110,110,110,110,110,110,110,110,110,110,110,110,113,113,113,113,113,113,113,113,113,113],"relics":["Burning Blood","Oddly Smooth Stone","Bottled Tornado","Tiny Chest","Vajra","Juzu Bracelet","Astrolabe","Ornamental Fan","Shuriken","Lantern","Happy Flower","War Paint","Blood Vial","Velvet Choker","Red Mask","Bronze Scales","Toolbox","Bag of Marbles","Ice Cream"],"card_choices":[{"not_picked":["Warcry","Metallicize"],"picked":"Perfected Strike","floor":1},{"not_picked":["Bloodletting","Entrench"],"picked":"Iron Wave","floor":2},{"not_picked":["Cleave","Iron Wave"],"picked":"Inflame","floor":4},{"not_picked":["Body Slam","Anger"],"picked":"Clash","floor":5},{"not_picked":["Pommel Strike","Searing Blow"],"picked":"Clash","floor":6},{"not_picked":["Burning Pact","Havoc"],"picked":"Inflame","floor":8},{"not_picked":["Pommel Strike","Rupture"],"picked":"Twin Strike","floor":11},{"not_picked":["Bludgeon","Thunderclap","Havoc"],"picked":"SKIP","floor":12},{"not_picked":["Demon Form","Dropkick","Disarm"],"picked":"SKIP","floor":14},{"not_picked":["Reaper","Bludgeon"],"picked":"Offering","floor":16},{"not_picked":["Pommel Strike","Armaments"],"picked":"Clash","floor":18},{"not_picked":["Body Slam","Whirlwind","Iron Wave"],"picked":"SKIP","floor":19},{"not_picked":["Inflame","Sword Boomerang"],"picked":"Armaments","floor":20},{"not_picked":["Havoc+1","Thunderclap"],"picked":"Rage+1","floor":22},{"not_picked":["Sever Soul+1","Inflame"],"picked":"Heavy Blade","floor":23},{"not_picked":["Headbutt","Sword Boomerang"],"picked":"Pommel Strike+1","floor":24},{"not_picked":["Fire Breathing","Shrug It Off"],"picked":"Pommel Strike","floor":28},{"not_picked":["Rampage","Demon Form","Anger"],"picked":"SKIP","floor":31},{"not_picked":["Bludgeon","Immolate"],"picked":"Exhume","floor":33},{"not_picked":["Sentinel","Cleave"],"picked":"Twin Strike","floor":35},{"not_picked":["Reckless Charge","Anger"],"picked":"Pommel Strike+1","floor":38},{"not_picked":["Shrug It Off","Body Slam","Warcry+1"],"picked":"SKIP","floor":41},{"not_picked":["Metallicize","Flame Barrier"],"picked":"Heavy Blade+1","floor":44},{"not_picked":["Iron Wave+1","Sever Soul+1"],"picked":"Infernal Blade","floor":45},{"not_picked":["Warcry+1","Headbutt+1","Bloodletting"],"picked":"SKIP","floor":47},{"not_picked":["Pommel Strike+1","Evolve"],"picked":"Heavy Blade+1","floor":48}],"player_experience":112159,"potions_floor_usage":[6,28],"damage_taken":[{"damage":0,"enemies":"2 Louse","floor":1,"turns":3},{"damage":1,"enemies":"Cultist","floor":2,"turns":3},{"damage":10,"enemies":"Small Slimes","floor":4,"turns":2},{"damage":14,"enemies":"Blue Slaver","floor":5,"turns":3},{"damage":22,"enemies":"3 Sentries","floor":6,"turns":7},{"damage":14,"enemies":"Gremlin Nob","floor":8,"turns":3},{"damage":0,"enemies":"3 Sentries","floor":11,"turns":4},{"damage":0,"enemies":"Gremlin Gang","floor":12,"turns":2},{"damage":6,"enemies":"Gremlin Nob","floor":14,"turns":3},{"damage":66,"enemies":"Hexaghost","floor":16,"turns":6},{"damage":17,"enemies":"3 Byrds","floor":18,"turns":5},{"damage":5,"enemies":"Chosen","floor":19,"turns":3},{"damage":15,"enemies":"Snecko","floor":20,"turns":4},{"damage":23,"enemies":"Snake Plant","floor":22,"turns":4},{"damage":4,"enemies":"Book of Stabbing","floor":23,"turns":3},{"damage":4,"enemies":"3 Cultists","floor":24,"turns":5},{"damage":4,"enemies":"Gremlin Leader","floor":28,"turns":4},{"damage":13,"enemies":"Slavers","floor":31,"turns":3},{"damage":24,"enemies":"Collector","floor":33,"turns":6},{"damage":2,"enemies":"Orb Walker","floor":35,"turns":2},{"damage":4,"enemies":"3 Darklings","floor":38,"turns":5},{"damage":7,"enemies":"Flame Bruiser 2 Orb","floor":41,"turns":3},{"damage":11,"enemies":"Maw","floor":44,"turns":5},{"damage":14,"enemies":"Nemesis","floor":45,"turns":3},{"damage":4,"enemies":"Giant Head","floor":47,"turns":5},{"damage":10,"enemies":"Mysterious Sphere","floor":48,"turns":2},{"damage":72,"enemies":"Time Eater","floor":50,"turns":7}],"relics_obtained":[{"floor":6,"key":"Oddly Smooth Stone"},{"floor":8,"key":"Bottled Tornado"},{"floor":9,"key":"Tiny Chest"},{"floor":11,"key":"Vajra"},{"floor":14,"key":"Juzu Bracelet"},{"floor":23,"key":"Shuriken"},{"floor":26,"key":"Lantern"},{"floor":28,"key":"Happy Flower"},{"floor":31,"key":"Blood Vial"},{"floor":43,"key":"Bronze Scales"},{"floor":45,"key":"Toolbox"},{"floor":47,"key":"Bag of Marbles"},{"floor":48,"key":"Ice Cream"}],"event_choices":[{"event_name":"The Woman in Blue","player_choice":"Bought 0 Potions","floor":13,"damage_taken":0},{"event_name":"Golden Shrine","player_choice":"Pray","floor":27,"damage_taken":0},{"event_name":"Back to Basics","player_choice":"Simplicity","floor":29,"damage_taken":0},{"event_name":"Tomb of Lord Red Mask","player_choice":"Paid","floor":36,"damage_taken":0},{"event_name":"The Lab","player_choice":"Got Potions","floor":39,"damage_taken":0},{"event_name":"Duplicator","player_choice":"One dupe","floor":42,"damage_taken":0},{"event_name":"Mysterious Sphere","player_choice":"Fight","floor":48,"damage_taken":0}],"boss_relics":[{"not_picked":["White Beast Statue","Calling Bell"],"picked":"Astrolabe"},{"not_picked":["Tiny House","Philosopher\u0027s Stone"],"picked":"Velvet Choker"}],"items_purged_floors":[21],"potions_floor_spawned":[4,6,8,11,14,18,28,33,35,41],"seed_played":"-2589062403335024175","ascension_level":1,"potions_obtained":[{"floor":4,"key":"Regen Potion"},{"floor":6,"key":"BloodPotion"},{"floor":8,"key":"Regen Potion"},{"floor":11,"key":"Energy Potion"},{"floor":28,"key":"GamblersBrew"},{"floor":39,"key":"SteroidPotion"}],"is_trial":false}