{"path_per_floor":["M","M","M","M","$","R","E","R","T","R","E","?","E","$","R","B",null,"M","?","M","T","?","E","R","M","T","M","R","E","?","$","R"],"character_chosen":"IRONCLAD","items_purchased":["Power Through","Clash","Strawberry","Mind Blast"],"gold_per_floor":[118,129,143,155,45,45,79,79,79,79,113,78,110,10,10,106,106,121,121,140,185,185,216,216,236,287,301,301,333,333,32,32,32],"floor_reached":33,"campfire_rested":4,"playtime":1317,"current_hp_per_floor":[80,78,78,68,68,68,40,64,64,64,43,63,42,42,66,27,80,76,76,69,69,69,56,56,49,49,49,73,44,29,36,63,0],"items_purged":["Strike_R","Defend_R"],"gold":32,"score":301,"play_id":"2f59bd65-ac81-42ea-9a12-93f0369b1684","local_time":"20180507224625","is_prod":false,"is_daily":false,"chose_seed":false,"is_ascension_mode":false,"campfire_upgraded":3,"timestamp":1525725985,"path_taken":["M","M","?","?","?","R","E","R","T","R","E","?","E","$","R","BOSS","M","?","M","?","?","E","R","M","T","M","R","E","?","$","R","BOSS"],"build_version":"2018-05-03","seed_source_timestamp":9483954731757,"purchased_purges":2,"victory":false,"master_deck":["Strike_R","Strike_R","Strike_R+1","Defend_R","Defend_R","Defend_R","Bash","Warcry+1","Flex+1","Inflame+1","Carnage+1","Power Through","Ghostly Armor","Iron Wave","Iron Wave","Demon Form","Wild Strike+1","Shrug It Off+1","Infernal Blade+1","Warcry","Shockwave","Flex","Clash+1","Wild Strike+1","Clash","Mind Blast"],"max_hp_per_floor":[80,80,80,80,80,80,80,80,80,80,80,80,80,80,80,80,80,80,80,80,80,80,80,80,80,80,80,80,80,85,92,92,92],"relics":["Burning Blood","Vajra","Prayer Wheel","Kunai","Whetstone","Sozu","Juzu Bracelet","Happy Flower","Orichalcum","Bronze Scales","Strawberry"],"card_choices":[{"not_picked":["Intimidate","Bloodletting"],"picked":"Warcry","floor":1},{"not_picked":["Headbutt","Armaments"],"picked":"Flex","floor":2},{"not_picked":["Anger","Clothesline"],"picked":"Inflame","floor":3},{"not_picked":["True Grit","Headbutt"],"picked":"Carnage","floor":4},{"not_picked":["Dual Wield","Rage"],"picked":"Ghostly Armor","floor":7},{"not_picked":["Twin Strike","Berserk"],"picked":"Iron Wave","floor":11},{"not_picked":["Anger","Twin Strike"],"picked":"Iron Wave","floor":13},{"not_picked":["Barricade","Brutality"],"picked":"Demon Form","floor":16},{"not_picked":["Rupture","Reckless Charge"],"picked":"Wild Strike","floor":18},{"not_picked":["Anger","Thunderclap"],"picked":"Shrug It Off","floor":20},{"not_picked":["Armaments","Dropkick"],"picked":"Infernal Blade","floor":21},{"not_picked":["Corruption","Armaments"],"picked":"Warcry","floor":23},{"not_picked":["Clothesline","Shrug It Off"],"picked":"Shockwave","floor":25},{"not_picked":["Shrug It Off","Power Through"],"picked":"Flex","floor":26},{"not_picked":["Thunderclap","Flame Barrier"],"picked":"Clash","floor":27},{"not_picked":["Warcry","Heavy Blade"],"picked":"Wild Strike","floor":29}],"player_experience":55901,"potions_floor_usage":[3],"damage_taken":[{"damage":1,"enemies":"Cultist","floor":1,"turns":3},{"damage":8,"enemies":"2 Louse","floor":2,"turns":4},{"damage":6,"enemies":"Jaw Worm","floor":3,"turns":4},{"damage":16,"enemies":"Blue Slaver","floor":4,"turns":4},{"damage":34,"enemies":"Gremlin Nob","floor":7,"turns":5},{"damage":27,"enemies":"3 Sentries","floor":11,"turns":7},{"damage":27,"enemies":"Gremlin Nob","floor":13,"turns":5},{"damage":45,"enemies":"The Guardian","floor":16,"turns":8},{"damage":10,"enemies":"Spheric Guardian","floor":18,"turns":4},{"damage":13,"enemies":"Chosen","floor":20,"turns":4},{"damage":19,"enemies":"Book of Stabbing","floor":23,"turns":5},{"damage":13,"enemies":"3 Cultists","floor":25,"turns":3},{"damage":6,"enemies":"Cultist and Chosen","floor":27,"turns":5},{"damage":35,"enemies":"Slavers","floor":29,"turns":6},{"damage":71,"enemies":"Champ","floor":33,"turns":8}],"event_choices":[{"event_name":"The Cleric","player_choice":"Healed","floor":12,"damage_taken":0},{"event_name":"Purifier","player_choice":"One Purge","floor":19,"damage_taken":0},{"event_name":"The Woman in Blue","player_choice":"Bought 0 Potions","floor":22,"damage_taken":0},{"event_name":"Forgotten Altar","player_choice":"Shed Blood","floor":30,"damage_taken":0}],"boss_relics":[{"not_picked":["Eternal Feather","White Beast Statue"],"picked":"Sozu"}],"potions_floor_spawned":[1,2,16,18,20,23,27,29],"seed_played":"-4024748029591670020","killed_by":"Champ","ascension_level":0,"is_trial":false}