{"path_per_floor":["M","?","M","$","M","R","E","R","T","?","R","E","$","E","R","B",null,"M","?","$","M","$","R","E","?","T","?","M","E","R","M","R"],"character_chosen":"IRONCLAD","items_purchased":["Inflame","Trip+1","Shrug It Off+1","Flame Barrier+1","Shrug It Off+1","Flex+1"],"gold_per_floor":[112,212,226,70,85,85,113,113,113,78,78,111,18,45,45,150,150,164,164,78,95,22,22,51,51,51,51,66,101,101,121,121,121],"floor_reached":33,"campfire_rested":2,"playtime":1569,"item_purchase_floors":[4,13,20,20,22,22],"current_hp_per_floor":[46,46,52,52,58,58,48,48,48,68,68,59,59,57,80,75,80,80,72,72,52,52,76,73,60,60,60,59,53,53,61,61,0],"items_purged":["Defend_R"],"gold":121,"score":354,"play_id":"af8982dc-0041-4d01-b1b2-eab09d3f4423","local_time":"20180520162601","is_prod":false,"is_daily":false,"chose_seed":false,"is_ascension_mode":true,"campfire_upgraded":5,"timestamp":1526826361,"campfire_choices":[{"data":"Shrug It Off","floor":6,"key":"SMITH"},{"data":"Uppercut","floor":8,"key":"SMITH"},{"data":"Inflame","floor":11,"key":"SMITH"},{"floor":15,"key":"REST"},{"floor":23,"key":"REST"},{"data":"Pommel Strike","floor":30,"key":"SMITH"},{"data":"Inflame","floor":32,"key":"SMITH"}],"path_taken":["M","?","M","$","M","R","E","R","T","?","R","E","$","E","R","BOSS","M","?","$","M","$","R","E","?","T","?","M","E","R","M","R","BOSS"],"build_version":"2018-05-18","seed_source_timestamp":15500069877921,"purchased_purges":1,"victory":false,"master_deck":["Defend_R","Defend_R","Defend_R","Bash","Shrug It Off+1","Clash","Inflame+1","Power Through","Uppercut+1","Shockwave+1","Trip+1","Thunderclap","Feed","Flex+1","Inflame+1","Pommel Strike+1","Clash","Shockwave+1","Clash","Shrug It Off+1","Flame Barrier+1","Flex+1","Shrug It Off+1","Flex+1","Clothesline+1","Bite","Bite","Bite","Bite","Bite","Double Tap+1","Evolve+1","Limit Break+1"],"max_hp_per_floor":[80,80,80,80,80,80,80,80,80,80,80,80,80,80,80,80,80,80,80,80,83,83,83,86,60,60,60,60,60,60,63,63,63],"relics":["Burning Blood","Thread and Needle","Toxic Egg 2","Paper Frog","Anchor","Torii","Orrery","Juzu Bracelet","Matryoshka","Charon\u0027s Ashes"],"card_choices":[{"not_picked":["Intimidate","Pommel Strike"],"picked":"Shrug It Off","floor":1},{"not_picked":["Clothesline","Anger"],"picked":"Clash","floor":3},{"not_picked":["Intimidate","Heavy Blade"],"picked":"Power Through","floor":5},{"not_picked":["Sword Boomerang","Wild Strike"],"picked":"Uppercut","floor":7},{"not_picked":["Corruption","Limit Break+1"],"picked":"Shockwave+1","floor":12},{"not_picked":["Cleave","Rupture"],"picked":"Thunderclap","floor":14},{"not_picked":["Berserk","Fiend Fire"],"picked":"Feed","floor":16},{"not_picked":["Power Through+1","Twin Strike"],"picked":"Flex+1","floor":17},{"not_picked":["Clash","Corruption"],"picked":"Inflame","floor":17},{"not_picked":["Whirlwind","Havoc+1"],"picked":"Pommel Strike","floor":17},{"not_picked":["Twin Strike","Intimidate+1"],"picked":"Clash","floor":17},{"not_picked":["Rupture","Sword Boomerang"],"picked":"Shockwave+1","floor":17},{"not_picked":["Heavy Blade","Double Tap+1"],"picked":"Clash","floor":18},{"not_picked":["Clash","Uppercut"],"picked":"Flex+1","floor":21},{"not_picked":["Sentinel+1","Sword Boomerang"],"picked":"Clothesline+1","floor":24},{"not_picked":["Sever Soul+1","Sentinel+1","Wild Strike"],"picked":"SKIP","floor":28},{"not_picked":["True Grit+1","Heavy Blade"],"picked":"Evolve+1","floor":29},{"not_picked":["Cleave","Flex+1"],"picked":"Limit Break+1","floor":31}],"player_experience":117990,"potions_floor_usage":[16,16,24,29,29],"damage_taken":[{"damage":0,"enemies":"2 Louse","floor":1,"turns":3},{"damage":0,"enemies":"Cultist","floor":3,"turns":5},{"damage":0,"enemies":"Jaw Worm","floor":5,"turns":3},{"damage":16,"enemies":"Lagavulin","floor":7,"turns":8},{"damage":15,"enemies":"Gremlin Nob","floor":12,"turns":4},{"damage":8,"enemies":"Lagavulin","floor":14,"turns":5},{"damage":11,"enemies":"Hexaghost","floor":16,"turns":10},{"damage":0,"enemies":"Shell Parasite","floor":18,"turns":5},{"damage":29,"enemies":"3 Byrds","floor":21,"turns":6},{"damage":12,"enemies":"Slavers","floor":24,"turns":7},{"damage":11,"enemies":"3 Cultists","floor":28,"turns":6},{"damage":27,"enemies":"Gremlin Leader","floor":29,"turns":8},{"damage":7,"enemies":"Snecko","floor":31,"turns":6},{"damage":83,"enemies":"Automaton","floor":33,"turns":8}],"relics_obtained":[{"floor":7,"key":"Toxic Egg 2"},{"floor":9,"key":"Paper Frog"},{"floor":12,"key":"Anchor"},{"floor":14,"key":"Torii"},{"floor":24,"key":"Juzu Bracelet"},{"floor":26,"key":"Matryoshka"},{"floor":29,"key":"Charon\u0027s Ashes"}],"event_choices":[{"event_name":"Golden Shrine","player_choice":"Pray","floor":2,"damage_taken":0},{"event_name":"The Cleric","player_choice":"Healed","floor":10,"damage_taken":0},{"event_name":"Wheel of Change","player_choice":"Damage","floor":19,"damage_taken":0},{"event_name":"Vampires","player_choice":"Became a vampire","floor":25,"damage_taken":0},{"event_name":"Match and Keep!","player_choice":"1 cards matched","floor":27,"damage_taken":0}],"boss_relics":[{"not_picked":["Runic Cube","Runic Pyramid"],"picked":"Orrery"}],"items_purged_floors":[4],"potions_floor_spawned":[3,7,14,21,28],"seed_played":"-7604681090538383636","killed_by":"Automaton","ascension_level":2,"potions_obtained":[{"floor":3,"key":"Weak Potion"},{"floor":7,"key":"Fire Potion"},{"floor":14,"key":"BloodPotion"},{"floor":21,"key":"SkillPotion"},{"floor":28,"key":"Energy Potion"}],"is_trial":false}