{"gold_per_floor":[114,134,149,149,170,170,186,186,186,222,240,205,248,262,262,262],"floor_reached":16,"playtime":891,"items_purged":[],"score":182,"play_id":"9379b101-746a-4faf-80e6-7ab726c889a1","local_time":"20190122213537","is_ascension_mode":true,"campfire_choices":[{"data":"True Grit","floor":6,"key":"SMITH"},{"floor":8,"key":"REST"},{"floor":15,"key":"REST"}],"neow_cost":"PERCENT_DAMAGE","seed_source_timestamp":69388224096301,"circlet_count":0,"master_deck":["AscendersBane","Strike_R","Strike_R","Strike_R","Strike_R","Strike_R","Defend_R","Defend_R","Defend_R","Defend_R","Bash","Spot Weakness","True Grit+1","Injury","Pommel Strike","Clothesline","Anger","Clothesline","Immolate","Headbutt"],"relics":["Burning Blood","Bird Faced Urn","Golden Idol","Blood Vial","Juzu Bracelet","Gremlin Horn"],"potions_floor_usage":[10,10,13],"damage_taken":[{"damage":6,"enemies":"Cultist","floor":1,"turns":3},{"damage":8,"enemies":"2 Louse","floor":2,"turns":3},{"damage":7,"enemies":"Small Slimes","floor":3,"turns":4},{"damage":25,"enemies":"Exordium Thugs","floor":5,"turns":7},{"damage":23,"enemies":"Lots of Slimes","floor":7,"turns":8},{"damage":32,"enemies":"3 Sentries","floor":10,"turns":10},{"damage":9,"enemies":"3 Louse","floor":11,"turns":5},{"damage":16,"enemies":"Gremlin Nob","floor":13,"turns":4},{"damage":3,"enemies":"Looter","floor":14,"turns":3},{"damage":57,"enemies":"Slime Boss","floor":16,"turns":9}],"seed_played":"-4613113429107724365","potions_obtained":[{"floor":1,"key":"Swift Potion"},{"floor":3,"key":"SteroidPotion"},{"floor":11,"key":"SteroidPotion"}],"is_trial":false,"path_per_floor":["M","M","M","?","M","R","M","R","T","E","M","?","E","M","R","B"],"character_chosen":"IRONCLAD","items_purchased":[],"campfire_rested":2,"item_purchase_floors":[],"current_hp_per_floor":[51,49,48,48,29,29,12,36,36,12,11,31,23,28,52,0],"gold":262,"neow_bonus":"ONE_RARE_RELIC","is_prod":false,"is_daily":false,"chose_seed":false,"campfire_upgraded":1,"win_rate":0,"timestamp":1548210937,"path_taken":["M","M","?","?","M","R","M","R","T","E","M","?","E","M","R","BOSS"],"build_version":"2019-01-17v2","purchased_purges":0,"victory":false,"max_hp_per_floor":[80,80,80,80,80,80,80,80,80,80,80,80,80,80,80,80],"card_choices":[{"not_picked":["Power Through","Inflame"],"picked":"Spot Weakness","floor":1},{"not_picked":["Thunderclap","Dropkick","Evolve"],"picked":"SKIP","floor":2},{"not_picked":["Combust","Thunderclap"],"picked":"True Grit","floor":3},{"not_picked":["Sword Boomerang","Body Slam"],"picked":"Pommel Strike","floor":5},{"not_picked":["Warcry","Entrench"],"picked":"Clothesline","floor":7},{"not_picked":["Impervious","Blood for Blood"],"picked":"Anger","floor":10},{"not_picked":["Pommel Strike","Thunderclap"],"picked":"Clothesline","floor":11},{"not_picked":["Shrug It Off","Reckless Charge"],"picked":"Immolate","floor":13},{"not_picked":["Rupture","Sword Boomerang"],"picked":"Headbutt","floor":14}],"player_experience":570515,"relics_obtained":[{"floor":9,"key":"Blood Vial"},{"floor":10,"key":"Juzu Bracelet"},{"floor":13,"key":"Gremlin Horn"}],"event_choices":[{"damage_healed":0,"gold_gain":0,"player_choice":"Take Wound","damage_taken":0,"relics_obtained":["Golden Idol"],"max_hp_gain":0,"max_hp_loss":0,"event_name":"Golden Idol","floor":4,"gold_loss":0,"cards_obtained":["Injury"]},{"damage_healed":20,"gold_gain":0,"player_choice":"Healed","damage_taken":0,"max_hp_gain":0,"max_hp_loss":0,"event_name":"The Cleric","floor":12,"gold_loss":35}],"is_beta":false,"boss_relics":[],"items_purged_floors":[],"is_endless":false,"potions_floor_spawned":[1,3,11],"killed_by":"Slime Boss","ascension_level":12}