{"gold_per_floor":[113,127,48,68,34,66,66,86,86,105,105,124,151,171,171,271,271,260,12,31,46,46,46,77,94,117,117,117,117,127,155,155,155],"floor_reached":33,"playtime":2883,"items_purged":[],"score":299,"play_id":"41f6759b-73c3-4791-9e73-47a79d4d5ddd","local_time":"20181127230717","is_ascension_mode":false,"campfire_choices":[{"data":"Loop","floor":7,"key":"SMITH"},{"floor":15,"key":"REST"},{"floor":23,"key":"REST"},{"floor":27,"key":"REST"},{"floor":32,"key":"REST"}],"neow_cost":"NONE","seed_source_timestamp":310793148240030,"circlet_count":0,"master_deck":["Strike_B","Strike_B","Strike_B","Strike_B","Defend_B","Defend_B","Defend_B","Defend_B","Zap","Dualcast","Self Repair","Coolheaded","Loop+1","Glacier","White Noise","Rip and Tear","White Noise","Sweeping Beam","Hello World","Doom and Gloom","Chaos","Electrodynamics","Stack","Genetic Algorithm","Leap","Defragment+1","Ball Lightning","Decay","White Noise+1","Loop+1"],"relics":["Cracked Core","FossilizedHelix","Darkstone Periapt","The Courier","Runic Pyramid","Ice Cream","Toxic Egg 2","Orichalcum","Juzu Bracelet"],"potions_floor_usage":[21,24],"damage_taken":[{"damage":0,"enemies":"Cultist","floor":1,"turns":3},{"damage":3,"enemies":"Jaw Worm","floor":2,"turns":4},{"damage":3,"enemies":"2 Louse","floor":4,"turns":4},{"damage":33,"enemies":"Lagavulin","floor":6,"turns":10},{"damage":0,"enemies":"Looter","floor":8,"turns":3},{"damage":0,"enemies":"Blue Slaver","floor":10,"turns":5},{"damage":5,"enemies":"Exordium Thugs","floor":12,"turns":3},{"damage":38,"enemies":"Gremlin Nob","floor":13,"turns":6},{"damage":0,"enemies":"Large Slime","floor":14,"turns":6},{"damage":43,"enemies":"The Guardian","floor":16,"turns":11},{"damage":14,"enemies":"2 Thieves","floor":18,"turns":5},{"damage":17,"enemies":"Shell Parasite","floor":20,"turns":6},{"damage":44,"enemies":"Shelled Parasite and Fungi","floor":21,"turns":4},{"damage":18,"enemies":"Gremlin Leader","floor":24,"turns":6},{"damage":29,"enemies":"Centurion and Healer","floor":25,"turns":6},{"damage":0,"enemies":"Cultist and Chosen","floor":30,"turns":4},{"damage":27,"enemies":"Book of Stabbing","floor":31,"turns":5},{"damage":98,"enemies":"Automaton","floor":33,"turns":10}],"seed_played":"-469137018065325307","potions_obtained":[{"floor":1,"key":"FearPotion"},{"floor":4,"key":"Ancient Potion"},{"floor":10,"key":"Explosive Potion"},{"floor":20,"key":"Block Potion"},{"floor":24,"key":"SteroidPotion"},{"floor":31,"key":"Strength Potion"}],"is_trial":false,"path_per_floor":["M","M","$","M","$","E","R","M","T","M","?","M","E","M","R","B",null,"M","$","M","M","?","R","E","M","T","R","?","?","M","E","R","B"],"character_chosen":"DEFECT","items_purchased":["Loop","White Noise","Ice Cream"],"campfire_rested":4,"item_purchase_floors":[3,5,19],"current_hp_per_floor":[82,82,82,82,82,56,56,56,56,63,63,65,34,41,65,29,82,75,75,58,21,21,45,34,12,12,36,42,71,78,58,84,0],"gold":155,"neow_bonus":"TEN_PERCENT_HP_BONUS","is_prod":false,"is_daily":false,"chose_seed":false,"campfire_upgraded":1,"win_rate":0.0,"timestamp":1543378037,"path_taken":["M","M","?","M","$","E","R","M","T","M","?","M","E","M","R","BOSS","M","$","?","M","?","R","E","M","T","R","?","?","M","E","R","BOSS"],"build_version":"2018-11-15","purchased_purges":0,"victory":false,"max_hp_per_floor":[82,82,82,82,82,82,82,82,82,82,82,82,82,82,82,82,82,82,82,82,82,82,82,82,82,82,82,88,88,88,88,88,88],"card_choices":[{"not_picked":["Go for the Eyes","Melter"],"picked":"Self Repair","floor":1},{"not_picked":["Stack","Leap"],"picked":"Coolheaded","floor":2},{"not_picked":["Streamline","Stack"],"picked":"Glacier","floor":4},{"not_picked":["Compile Driver","Stack"],"picked":"Rip and Tear","floor":6},{"not_picked":["Skim","Lockon"],"picked":"White Noise","floor":8},{"not_picked":["Force Field","Aggregate"],"picked":"Sweeping Beam","floor":10},{"not_picked":["Compile Driver","Go for the Eyes"],"picked":"Hello World","floor":12},{"not_picked":["Coolheaded","Steam"],"picked":"Doom and Gloom","floor":13},{"not_picked":["Compile Driver","Redo"],"picked":"Chaos","floor":14},{"not_picked":["Biased Cognition","Creative AI"],"picked":"Electrodynamics","floor":16},{"not_picked":["Glacier","Go for the Eyes"],"picked":"Stack","floor":18},{"not_picked":["Redo+1","Compile Driver+1"],"picked":"Genetic Algorithm","floor":20},{"not_picked":["Compile Driver","Beam Cell"],"picked":"Leap","floor":21},{"not_picked":["Go for the Eyes","White Noise"],"picked":"Defragment+1","floor":24},{"not_picked":["Lockon","Sweeping Beam"],"picked":"Ball Lightning","floor":25},{"not_picked":["Coolheaded+1","Lockon"],"picked":"White Noise+1","floor":30},{"not_picked":["Leap+1","Stack+1"],"picked":"Loop+1","floor":31}],"player_experience":114615,"relics_obtained":[{"floor":6,"key":"FossilizedHelix"},{"floor":9,"key":"Darkstone Periapt"},{"floor":13,"key":"The Courier"},{"floor":24,"key":"Toxic Egg 2"},{"floor":26,"key":"Orichalcum"},{"floor":31,"key":"Juzu Bracelet"}],"event_choices":[{"damage_healed":0,"gold_gain":0,"player_choice":"Bought 0 Potions","damage_taken":0,"max_hp_gain":0,"max_hp_loss":0,"event_name":"The Woman in Blue","floor":11,"gold_loss":0},{"damage_healed":0,"gold_gain":0,"player_choice":"Ignored","damage_taken":0,"max_hp_gain":0,"max_hp_loss":0,"event_name":"Vampires","floor":22,"gold_loss":0},{"damage_healed":0,"gold_gain":0,"player_choice":"Smashed Altar","damage_taken":0,"max_hp_gain":0,"max_hp_loss":0,"event_name":"Forgotten Altar","floor":28,"gold_loss":0,"cards_obtained":["Decay"]},{"damage_healed":29,"gold_gain":0,"player_choice":"Heal","damage_taken":0,"max_hp_gain":0,"max_hp_loss":0,"event_name":"The Library","floor":29,"gold_loss":0}],"is_beta":false,"boss_relics":[{"not_picked":["Ectoplasm","White Beast Statue"],"picked":"Runic Pyramid"}],"items_purged_floors":[],"is_endless":false,"potions_floor_spawned":[1,4,10,12,13,16,20,24,31],"killed_by":"Automaton","ascension_level":0}