{"gold_per_floor":[113,73,83,33,8,8,8,8,8,20,20,20,34,34,34,139,139,157,82,94,119,119,145,160,160,187,204,233,253,253,253,253,357,357,368,590,190,190,206,206,206,106,132,132,158,206,237,310,310,310],"floor_reached":50,"playtime":4505,"items_purged":["Strike_B+1","Defend_B"],"score":572,"play_id":"f64defd2-009d-4455-8d84-c67ccb47c5b2","local_time":"20180703193840","is_ascension_mode":false,"campfire_choices":[{"data":"Steam","floor":6,"key":"SMITH"},{"data":"Dualcast","floor":8,"key":"SMITH"},{"data":"Chill","floor":12,"key":"SMITH"},{"data":"Gash","floor":15,"key":"SMITH"},{"data":"All For One","floor":25,"key":"SMITH"},{"data":"Electrodynamics","floor":32,"key":"SMITH"},{"data":"Redo","floor":40,"key":"SMITH"},{"data":"Madness","floor":44,"key":"SMITH"},{"data":"Madness","floor":49,"key":"SMITH"}],"neow_cost":"NONE","seed_source_timestamp":560312215661792,"circlet_count":0,"master_deck":["Strike_B+1","Defend_B","Defend_B","Defend_B","Zap+1","Dualcast+1","Steam+1","Gash+1","Steam","Chill+1","All For One+1","Electrodynamics+1","Gash","Redo+1","Flash of Steel","Master of Strategy","Redo+1","Madness+1","Madness+1","Go for the Eyes","BootSequence+1"],"relics":["Cracked Core","Bronze Scales","Letter Opener","Whetstone","Anchor","Runic Pyramid","Red Mask","Meat on the Bone","Pen Nib","Vajra","Coffee Dripper","Juzu Bracelet","Ancient Tea Set","Mango","Toxic Egg 2","Molten Egg 2"],"potions_floor_usage":[16,24,27,33,33,33,33,46,47,47],"damage_taken":[{"damage":6,"enemies":"Cultist","floor":1,"turns":3},{"damage":3,"enemies":"2 Louse","floor":3,"turns":2},{"damage":0,"enemies":"Small Slimes","floor":10,"turns":3},{"damage":0,"enemies":"Exordium Thugs","floor":13,"turns":3},{"damage":35,"enemies":"Slime Boss","floor":16,"turns":10},{"damage":3,"enemies":"Chosen","floor":18,"turns":5},{"damage":0,"enemies":"2 Thieves","floor":20,"turns":3},{"damage":24,"floor":21,"turns":5},{"damage":5,"enemies":"Slavers","floor":23,"turns":5},{"damage":4,"enemies":"Snecko","floor":24,"turns":5},{"damage":0,"enemies":"Snake Plant","floor":27,"turns":3},{"damage":25,"enemies":"Gremlin Leader","floor":28,"turns":6},{"damage":0,"enemies":"Sentry and Sphere","floor":29,"turns":3},{"damage":63,"enemies":"Collector","floor":33,"turns":8},{"damage":0,"enemies":"3 Darklings","floor":35,"turns":3},{"damage":0,"enemies":"3 Shapes","floor":39,"turns":2},{"damage":0,"enemies":"2 Orb Walkers","floor":45,"turns":3},{"damage":0,"floor":46,"turns":4},{"damage":21,"enemies":"Nemesis","floor":47,"turns":5},{"damage":65,"enemies":"Time Eater","floor":50,"turns":8}],"seed_played":"-3711974367868227392","potions_obtained":[{"floor":2,"key":"Weak Potion"},{"floor":2,"key":"EntropicBrew"},{"floor":2,"key":"SkillPotion"},{"floor":10,"key":"Swift Potion"},{"floor":16,"key":"FairyPotion"},{"floor":23,"key":"PowerPotion"},{"floor":24,"key":"Regen Potion"},{"floor":29,"key":"Explosive Potion"},{"floor":33,"key":"Block Potion"},{"floor":35,"key":"Fire Potion"},{"floor":45,"key":"Weak Potion"}],"is_trial":false,"path_per_floor":["M","?","M","?","$","R","?","R","T","M","T","R","M","?","R","B",null,"M","?","M","?","?","E","M","R","T","M","E","M","?","?","R","B",null,"M","?","$","?","M","R","?","$","T","R","E","?","E","T","R"],"character_chosen":"DEFECT","items_purchased":["Steam","Flash of Steel","Master of Strategy","Redo"],"campfire_rested":0,"item_purchase_floors":[5,37,37,37],"current_hp_per_floor":[69,69,66,66,66,66,66,66,66,66,66,66,66,59,59,24,75,72,72,72,48,48,43,39,39,39,48,35,47,47,47,47,19,75,75,75,75,75,75,75,66,66,66,66,66,80,59,59,59,0],"gold":310,"neow_bonus":"RANDOM_COMMON_RELIC","is_prod":false,"is_daily":false,"chose_seed":false,"campfire_upgraded":9,"win_rate":0,"timestamp":1530610720,"path_taken":["M","?","M","?","$","R","?","R","T","?","?","R","M","?","R","BOSS","M","?","M","?","?","E","?","R","T","M","E","M","?","?","R","BOSS","M","?","$","?","M","R","?","$","T","R","E","?","E","?","R","BOSS"],"build_version":"2018-06-28","purchased_purges":2,"victory":false,"max_hp_per_floor":[75,75,75,75,75,75,75,75,75,75,75,75,75,75,75,75,75,75,75,75,75,75,75,75,75,75,75,75,75,75,75,75,75,75,75,75,75,75,75,75,75,75,75,75,75,89,89,89,89,89],"card_choices":[{"not_picked":["Leap","Ball Lightning"],"picked":"Steam","floor":1},{"not_picked":["Beam Cell","Blizzard"],"picked":"Gash","floor":3},{"not_picked":["Defragment","Rebound"],"picked":"Chill","floor":10},{"not_picked":["Blizzard","Hello World","Sunder"],"picked":"SKIP","floor":13},{"not_picked":["Echo Form","Multi-Cast"],"picked":"All For One","floor":16},{"not_picked":["Streamline","Turbo","Consume+1"],"picked":"SKIP","floor":18},{"not_picked":["Hologram","Cold Snap","Rebound"],"picked":"SKIP","floor":20},{"not_picked":["Hello World+1","Turbo+1","Undo"],"picked":"SKIP","floor":23},{"not_picked":["Rebound+1","Leap"],"picked":"Sweeping Beam+1","floor":24},{"not_picked":["Static Discharge","Streamline+1","Leap"],"picked":"SKIP","floor":27},{"not_picked":["Reinforced Body+1","Ball Lightning"],"picked":"Electrodynamics","floor":28},{"not_picked":["Turbo+1","Lockon","Sunder"],"picked":"SKIP","floor":29},{"not_picked":["BootSequence+1","Doom and Gloom+1"],"picked":"Redo+1","floor":35},{"not_picked":["Stack","Hologram","Sweeping Beam"],"picked":"SKIP","floor":39},{"not_picked":["Glacier","Barrage","Coolheaded"],"picked":"SKIP","floor":45},{"not_picked":["Static Discharge+1","Leap+1"],"picked":"Go for the Eyes","floor":46},{"not_picked":["Ball Lightning","Stack"],"picked":"BootSequence+1","floor":47}],"player_experience":463326,"relics_obtained":[{"floor":9,"key":"Letter Opener"},{"floor":11,"key":"Whetstone"},{"floor":21,"key":"Red Mask"},{"floor":23,"key":"Meat on the Bone"},{"floor":26,"key":"Pen Nib"},{"floor":28,"key":"Vajra"},{"floor":43,"key":"Juzu Bracelet"},{"floor":45,"key":"Ancient Tea Set"},{"floor":46,"key":"Mango"},{"floor":47,"key":"Toxic Egg 2"},{"floor":48,"key":"Molten Egg 2"}],"event_choices":[{"event_name":"The Woman in Blue","player_choice":"Bought 3 Potions","floor":2,"damage_taken":0},{"event_name":"The Cleric","player_choice":"Card Removal","floor":4,"damage_taken":0},{"event_name":"Living Wall","player_choice":"Grow","floor":7,"damage_taken":0},{"event_name":"Scrap Ooze","player_choice":"success","floor":14,"damage_taken":7},{"event_name":"Beggar","player_choice":"Gave Gold","floor":19,"damage_taken":0},{"event_name":"Masked Bandits","player_choice":"Fought over 94 gold","floor":21,"damage_taken":0},{"event_name":"Drug Dealer","player_choice":"Ignored","floor":22,"damage_taken":0},{"event_name":"The Lab","player_choice":"Got Potions","floor":30,"damage_taken":0},{"event_name":"The Library","player_choice":"Read","floor":31,"damage_taken":0},{"event_name":"Tomb of Lord Red Mask","player_choice":"Wore Mask","floor":36,"damage_taken":0},{"event_name":"Falling","player_choice":"Removed Attack","floor":38,"damage_taken":0},{"event_name":"Winding Halls","player_choice":"Embrace Madness","floor":41,"damage_taken":0},{"event_name":"Mysterious Sphere","player_choice":"Fight","floor":46,"damage_taken":0}],"boss_relics":[{"not_picked":["Sozu","Lizard Tail"],"picked":"Runic Pyramid"},{"not_picked":["Philosopher\u0027s Stone","Fusion Hammer"],"picked":"Coffee Dripper"}],"items_purged_floors":[37,42],"is_endless":false,"potions_floor_spawned":[10,16,20,23,24,29,33,35,45],"killed_by":"Time Eater","ascension_level":0}