{"gold_per_floor":[118,132,142,17,17,17,50,65,65,82,82,7,7,25,25,103,103,122,133,133],"floor_reached":20,"playtime":3362,"items_purged":["Writhe"],"score":334,"play_id":"0f2a32e2-f173-45e9-863e-a7ac74113802","local_time":"20181213104021","is_ascension_mode":true,"campfire_choices":[{"data":"Bludgeon","floor":6,"key":"SMITH"},{"floor":11,"key":"REST"},{"data":"Uppercut","floor":15,"key":"SMITH"}],"neow_cost":"NONE","seed_source_timestamp":99507910919437,"circlet_count":0,"master_deck":["AscendersBane","Strike_R","Strike_R","Defend_R","Defend_R","Defend_R","Defend_R","Bash","Bludgeon+1","Armaments","Corruption","Dual Wield","True Grit","Uppercut+1","Disarm","Entrench","Reaper","Evolve","Shrug It Off","Body Slam","Double Tap","Shrug It Off+1","Second Wind+1","Iron Wave+1","Pommel Strike","Battle Trance","Warcry","Shrug It Off"],"relics":["Burning Blood","Prayer Wheel","Pear","Astrolabe"],"potions_floor_usage":[20,20],"damage_taken":[{"damage":1,"enemies":"Cultist","floor":1,"turns":3},{"damage":9,"enemies":"Jaw Worm","floor":2,"turns":3},{"damage":6,"enemies":"2 Louse","floor":3,"turns":3},{"damage":52,"enemies":"3 Sentries","floor":7,"turns":11},{"damage":5,"enemies":"Red Slaver","floor":8,"turns":3},{"damage":25,"enemies":"Large Slime","floor":10,"turns":7},{"damage":9,"enemies":"2 Fungi Beasts","floor":14,"turns":5},{"damage":42,"enemies":"The Guardian","floor":16,"turns":15},{"damage":39,"enemies":"Shell Parasite","floor":18,"turns":8},{"damage":17,"enemies":"3 Byrds","floor":19,"turns":8},{"damage":45,"enemies":"Cultist and Chosen","floor":20,"turns":7}],"seed_played":"-8335009674669621146","potions_obtained":[{"floor":3,"key":"Swift Potion"},{"floor":8,"key":"Ancient Potion"},{"floor":10,"key":"SkillPotion"},{"floor":14,"key":"Fire Potion"}],"is_trial":false,"path_per_floor":["M","M","M","$","?","R","E","M","T","M","R","$","?","M","R","B",null,"M","M","M"],"character_chosen":"IRONCLAD","items_purchased":["True Grit","Uppercut"],"campfire_rested":1,"item_purchase_floors":[4,4],"current_hp_per_floor":[73,70,70,70,70,70,24,25,35,22,47,47,85,85,85,53,77,44,47,8],"gold":133,"neow_bonus":"ONE_RANDOM_RARE_CARD","is_prod":false,"is_daily":false,"chose_seed":false,"campfire_upgraded":2,"win_rate":0,"timestamp":1544726421,"path_taken":["M","M","M","$","?","R","E","M","T","?","R","$","?","M","R","BOSS","M","M","?"],"build_version":"2018-12-06","purchased_purges":1,"victory":false,"max_hp_per_floor":[75,75,75,75,75,75,75,75,85,85,85,85,85,85,85,85,85,85,85,85],"card_choices":[{"not_picked":["Entrench","Body Slam"],"picked":"Armaments","floor":1},{"not_picked":["Armaments","Wild Strike"],"picked":"Corruption","floor":2},{"not_picked":["Sever Soul","Clothesline"],"picked":"Dual Wield","floor":3},{"not_picked":["Clothesline","Searing Blow"],"picked":"Disarm","floor":7},{"not_picked":["Pommel Strike","Anger"],"picked":"Entrench","floor":8},{"not_picked":["Hemokinesis","Anger"],"picked":"Reaper","floor":8},{"not_picked":["Rupture","Rampage"],"picked":"Evolve","floor":10},{"not_picked":["Spot Weakness","Clash"],"picked":"Shrug It Off","floor":10},{"not_picked":["Wild Strike","Dropkick"],"picked":"Body Slam","floor":14},{"not_picked":["Dropkick","Headbutt","Corruption"],"picked":"SKIP","floor":14},{"not_picked":["Barricade","Bludgeon"],"picked":"Double Tap","floor":16},{"not_picked":["Searing Blow","Iron Wave"],"picked":"Pommel Strike","floor":18},{"not_picked":["Infernal Blade","Heavy Blade"],"picked":"Battle Trance","floor":18},{"not_picked":["Iron Wave","Flex"],"picked":"Warcry","floor":19},{"not_picked":["Warcry","Hemokinesis"],"picked":"Shrug It Off","floor":19}],"player_experience":1561221,"relics_obtained":[{"floor":7,"key":"Prayer Wheel"},{"floor":9,"key":"Pear"}],"event_choices":[{"damage_healed":0,"gold_gain":0,"player_choice":"1 cards matched","damage_taken":0,"max_hp_gain":0,"max_hp_loss":0,"event_name":"Match and Keep!","floor":5,"gold_loss":0,"cards_obtained":["Writhe"]},{"damage_healed":38,"gold_gain":0,"player_choice":"Full Heal","damage_taken":0,"max_hp_gain":0,"max_hp_loss":0,"event_name":"Wheel of Change","floor":13,"gold_loss":0}],"is_beta":false,"boss_relics":[{"not_picked":["Philosopher\u0027s Stone","Black Blood"],"picked":"Astrolabe"}],"items_purged_floors":[12],"is_endless":false,"potions_floor_spawned":[3,8,10,14],"killed_by":"Cultist and Chosen","ascension_level":18}