{"path_per_floor":["M","M","M","M","$","R","E","R","T","?","E","$","M","M","R","B",null,"M","?","M","M","$","E","?","R","T","M","R","?","M"],"character_chosen":"IRONCLAD","items_purchased":[],"gold_per_floor":[116,133,145,165,90,90,116,116,141,141,170,70,87,97,97,192,192,207,207,224,244,119,149,49,49,117,132,132,132,151],"floor_reached":31,"campfire_rested":2,"playtime":2004,"current_hp_per_floor":[80,76,76,72,72,72,24,24,24,80,64,64,70,76,76,40,80,53,38,18,12,12,7,7,32,32,9,34,34,21],"items_purged":["Defend_R","Juggernaut","Bludgeon"],"gold":151,"score":267,"play_id":"b50d3202-de59-4164-915b-5d74185a9fdc","is_prod":false,"is_daily":false,"is_ascension_mode":false,"campfire_upgraded":3,"path_taken":["M","M","M","M","$","R","E","R","T","?","E","?","M","M","R","BOSS","M","?","M","M","$","E","?","R","T","M","R","?","?","E"],"build_version":"2018-02-15-PROD1","purchased_purges":3,"victory":false,"master_deck":["Strike_R","Strike_R","Strike_R","Strike_R","Strike_R+1","Defend_R","Defend_R","Defend_R","Bash+1","Seeing Red","Rampage","Armaments+1","Shockwave","Warcry+1","Body Slam","Perfected Strike+1","Berserk+1","Burning Pact+1","Twin Strike","Spot Weakness","Inflame","J.A.X.","Iron Wave","Warcry"],"max_hp_per_floor":[80,80,80,80,80,80,80,80,80,80,80,80,80,80,80,80,80,80,85,85,85,85,85,85,85,85,85,85,85,85],"relics":["Burning Blood","Charon\u0027s Ashes","Bag of Preparation","Dodecahedron","Lizard Tail","Whetstone","Kunai"],"card_choices":[{"not_picked":["Anger","Perfected Strike"],"picked":"Seeing Red"},{"not_picked":["Heavy Blade","Reckless Charge"],"picked":"Rampage"},{"not_picked":["Shrug It Off","Pommel Strike"],"picked":"Armaments"},{"not_picked":["Thunderclap","Flame Barrier"],"picked":"Shockwave"},{"not_picked":["Clothesline","Disarm"],"picked":"Warcry"},{"not_picked":["Armaments","Shrug It Off"],"picked":"Bludgeon"},{"not_picked":["Anger","Heavy Blade"],"picked":"Body Slam"},{"not_picked":["Pommel Strike","True Grit"],"picked":"Perfected Strike"},{"not_picked":["Offering","Bludgeon"],"picked":"Berserk"},{"not_picked":["Flex","Body Slam"],"picked":"Burning Pact"},{"not_picked":["Dual Wield","Sword Boomerang"],"picked":"Twin Strike"},{"not_picked":["Clothesline","Thunderclap"],"picked":"Spot Weakness"},{"not_picked":["Sever Soul","Offering"],"picked":"Inflame"},{"not_picked":["Shockwave","Second Wind"],"picked":"Iron Wave"},{"not_picked":["Body Slam","Heavy Blade"],"picked":"Warcry"}],"player_experience":17427,"potions_floor_usage":[14,21,23,23,27,31,31],"damage_taken":[{"damage":5,"enemies":"Small Slimes","floor":1,"turns":4},{"damage":10,"enemies":"Cultist","floor":2,"turns":4},{"damage":6,"enemies":"Jaw Worm","floor":3,"turns":4},{"damage":10,"enemies":"Looter","floor":4,"turns":4},{"damage":54,"enemies":"Gremlin Nob","floor":7,"turns":5},{"damage":22,"enemies":"3 Sentries","floor":11,"turns":5},{"damage":0,"enemies":"Blue Slaver","floor":13,"turns":2},{"damage":0,"enemies":"2 Fungi Beasts","floor":14,"turns":3},{"damage":42,"enemies":"The Guardian","floor":16,"turns":7},{"damage":33,"enemies":"Shell Parasite","floor":18,"turns":5},{"damage":26,"enemies":"3 Byrds","floor":20,"turns":5},{"damage":12,"enemies":"3 Cultists","floor":21,"turns":3},{"damage":70,"enemies":"Book of Stabbing","floor":23,"turns":6},{"damage":29,"enemies":"Snake Plant","floor":27,"turns":3},{"damage":19,"enemies":"Centurion and Healer","floor":30,"turns":5},{"damage":22,"enemies":"Gremlin Leader","floor":31,"turns":4}],"event_choices":[{"event_name":"Wheel of Change","player_choice":"Full Heal","floor":10,"damage_taken":0},{"event_name":"Forgotten Altar","player_choice":"Shed Blood","floor":19,"damage_taken":0},{"event_name":"Drug Dealer","player_choice":"Got JAXXED","floor":24,"damage_taken":0},{"event_name":"Upgrade Shrine","player_choice":"Upgraded","floor":29,"damage_taken":0}],"boss_relics":[{"not_picked":["Astrolabe","Mark of Pain"],"picked":"Lizard Tail"}],"potions_floor_spawned":[1,3,7,11,13,20,23,27,30],"seed_played":"-8437496879557706007","killed_by":"Gremlin Leader","ascension_level":0,"is_trial":false}