{"gold_per_floor":[113,63,63,80,92,92,124,124,149,149,159,159,18,45,45,124,124,137,157,167,167,177,177,206,206,206,236,236,236],"floor_reached":29,"playtime":1048,"items_purged":["Strike_R"],"score":477,"play_id":"7157f5e0-637f-4fff-98db-5072f2dcd804","local_time":"20190103154021","is_ascension_mode":true,"campfire_choices":[{"data":"Bludgeon","floor":6.0,"key":"SMITH"},{"data":"Rampage","floor":8.0,"key":"SMITH"},{"data":"Bash","floor":10.0,"key":"SMITH"},{"data":"Iron Wave","floor":12.0,"key":"SMITH"},{"data":"Metallicize","floor":15.0,"key":"SMITH"},{"data":"Immolate","floor":23,"key":"SMITH"},{"data":"Inflame","floor":25,"key":"SMITH"},{"floor":28,"key":"REST"}],"neow_cost":"NONE","seed_source_timestamp":1149978800396348,"circlet_count":0,"master_deck":["AscendersBane","Strike_R","Strike_R","Strike_R","Defend_R","Defend_R","Defend_R","Defend_R","Bash+1","Sword Boomerang","Bludgeon+1","Seeing Red","Corruption","Rampage+1","Iron Wave+1","Inflame+1","Shrug It Off","Metallicize+1","Immolate+1","Thunderclap","Sentinel","Impervious"],"special_seed":0,"relics":["Burning Blood","Smiling Mask","Pen Nib","Anchor","Magic Flower","Cursed Key","Red Mask","Gremlin Horn"],"potions_floor_usage":[16,19,27,29],"damage_taken":[{"damage":7.0,"enemies":"Small Slimes","floor":1.0,"turns":3.0},{"damage":1.0,"enemies":"Cultist","floor":4.0,"turns":3.0},{"damage":12.0,"enemies":"2 Louse","floor":5.0,"turns":3.0},{"damage":8.0,"enemies":"Gremlin Nob","floor":7.0,"turns":3.0},{"damage":11.0,"enemies":"2 Fungi Beasts","floor":11.0,"turns":3.0},{"damage":21.0,"enemies":"3 Sentries","floor":14.0,"turns":5.0},{"damage":27,"enemies":"Hexaghost","floor":16,"turns":9},{"damage":17,"enemies":"Spheric Guardian","floor":18,"turns":4},{"damage":7,"enemies":"Shell Parasite","floor":19,"turns":3},{"damage":17,"enemies":"Centurion and Healer","floor":20,"turns":7},{"damage":18,"enemies":"Snecko","floor":22,"turns":6},{"damage":7,"enemies":"Masked Bandits","floor":24,"turns":3},{"damage":26,"enemies":"Slavers","floor":27,"turns":3},{"damage":55,"enemies":"Book of Stabbing","floor":29,"turns":5}],"seed_played":"-5085406233127239094","potions_obtained":[{"floor":1.0,"key":"GamblersBrew"},{"floor":5.0,"key":"SteroidPotion"},{"floor":11.0,"key":"Dexterity Potion"},{"floor":18,"key":"AttackPotion"},{"floor":20,"key":"SteroidPotion"}],"is_trial":false,"path_per_floor":["M","$","?","M","M","R","E","R","T","R","M","R","$","E","R","B",null,"M","M","M","?","M","R","?","R","T","E","R","E"],"character_chosen":"IRONCLAD","items_purchased":["Inflame","Shrug It Off"],"campfire_rested":1,"item_purchase_floors":[13,13],"current_hp_per_floor":[67,67,67,72,66,66,64,64,64,64,59,59,59,44,44,26,63,55,57,49,49,40,40,42,42,42,25,47,0],"gold":236,"neow_bonus":"RANDOM_COMMON_RELIC","is_prod":false,"is_daily":false,"chose_seed":false,"campfire_upgraded":7,"win_rate":0,"timestamp":1546558821,"path_taken":["M","$","?","M","?","R","E","R","T","R","M","R","$","E","R","BOSS","M","M","M","?","M","R","?","R","T","E","R","E"],"build_version":"2018-12-20","purchased_purges":1,"victory":false,"max_hp_per_floor":[75,75,75,75,75,75,75,75,75,75,75,75,75,75,75,75,75,75,75,75,75,75,75,75,75,75,75,75,75],"card_choices":[{"not_picked":["Dual Wield","Warcry"],"picked":"Sword Boomerang","floor":1.0},{"not_picked":["Clash","Heavy Blade","Seeing Red"],"picked":"SKIP","floor":4.0},{"not_picked":["Clash","Heavy Blade"],"picked":"Seeing Red","floor":4.0},{"not_picked":["Anger","Wild Strike"],"picked":"Corruption","floor":5.0},{"not_picked":["Anger","Pummel"],"picked":"Rampage","floor":7.0},{"not_picked":["Corruption","Headbutt"],"picked":"Iron Wave","floor":11.0},{"not_picked":["Twin Strike","Seeing Red"],"picked":"Metallicize","floor":14.0},{"not_picked":["Brutality","Fiend Fire"],"picked":"Immolate","floor":16},{"not_picked":["Sword Boomerang","Havoc"],"picked":"Thunderclap","floor":18},{"not_picked":["Heavy Blade+1","Twin Strike"],"picked":"Sentinel","floor":19},{"not_picked":["Headbutt","Clash"],"picked":"Impervious","floor":20},{"not_picked":["Bloodletting","Twin Strike","Blood for Blood"],"picked":"SKIP","floor":22},{"not_picked":["Dropkick","Pommel Strike","Second Wind"],"picked":"SKIP","floor":27}],"player_experience":1647234,"relics_obtained":[{"floor":7.0,"key":"Pen Nib"},{"floor":9.0,"key":"Anchor"},{"floor":14.0,"key":"Magic Flower"},{"floor":24,"key":"Red Mask"},{"floor":27,"key":"Gremlin Horn"}],"event_choices":[{"damage_healed":0.0,"max_hp_gain":0.0,"max_hp_loss":0.0,"gold_gain":0.0,"cards_transformed":["Strike_R"],"event_name":"Transmorgrifier","player_choice":"Transformed","floor":3.0,"gold_loss":0.0,"damage_taken":0.0,"cards_obtained":["Bludgeon"]},{"damage_healed":0,"gold_gain":0,"player_choice":"Ignored","damage_taken":0,"max_hp_gain":0,"max_hp_loss":0,"event_name":"Beggar","floor":21,"gold_loss":0},{"damage_healed":0,"gold_gain":0,"player_choice":"Fought Bandits","damage_taken":0,"max_hp_gain":0,"max_hp_loss":0,"event_name":"Masked Bandits","floor":24,"gold_loss":0}],"is_beta":false,"boss_relics":[{"not_picked":["Ectoplasm","Fusion Hammer"],"picked":"Cursed Key"}],"items_purged_floors":[2],"is_endless":false,"potions_floor_spawned":[1,5,11,18,20,24],"killed_by":"Book of Stabbing","ascension_level":18}