{"gold_per_floor":[112,72,86,86,100,100,128,128,154,15,44,70,82,109,121,235,247,277,289,301],"floor_reached":20,"playtime":1619,"items_purged":[],"score":253,"play_id":"3e71ec50-7cdf-4577-aa5a-e96412e18ccd","local_time":"20190207112829","is_ascension_mode":true,"campfire_choices":[{"data":"Warcry","floor":6,"key":"SMITH"},{"data":"Battle Trance","floor":8,"key":"SMITH"},{"data":"Rampage","floor":13,"key":"SMITH"},{"floor":15,"key":"REST"}],"neow_cost":"NONE","seed_source_timestamp":512848880646538,"circlet_count":0,"master_deck":["Bash+1","Battle Trance+1","Carnage+1","Whirlwind","Warcry+1","Reaper","Limit Break","Headbutt","Rampage+1","Anger","Double Tap","Pommel Strike","Armaments","Pommel Strike","Dark Embrace","True Grit","Disarm","Rage","Uppercut","Clash","Ghostly","Ghostly","Ghostly","Ghostly","Ghostly"],"relics":["Burning Blood","Whetstone","MawBank","Pandora\u0027s Box"],"potions_floor_usage":[11,16,16,16],"damage_taken":[{"damage":4,"enemies":"2 Louse","floor":1,"turns":4},{"damage":1,"enemies":"Cultist","floor":3,"turns":3},{"damage":7,"enemies":"Jaw Worm","floor":5,"turns":3},{"damage":25,"enemies":"3 Sentries","floor":7,"turns":7},{"damage":30,"enemies":"Lagavulin","floor":11,"turns":5},{"damage":11,"enemies":"Looter","floor":12,"turns":2},{"damage":14,"enemies":"Exordium Wildlife","floor":14,"turns":3},{"damage":60,"enemies":"The Guardian","floor":16,"turns":15},{"damage":22,"enemies":"Shell Parasite","floor":18,"turns":4},{"damage":40,"enemies":"3 Byrds","floor":20,"turns":6}],"seed_played":"5409954726179654540","potions_obtained":[{"floor":2,"key":"GamblersBrew"},{"floor":2,"key":"SpeedPotion"},{"floor":2,"key":"SkillPotion"},{"floor":3,"key":"Swift Potion"},{"floor":7,"key":"SteroidPotion"},{"floor":11,"key":"AttackPotion"},{"floor":16,"key":"Explosive Potion"}],"is_trial":false,"path_per_floor":["M","?","M","?","M","R","E","R","T","$","E","M","R","M","R","B",null,"M","?","M"],"character_chosen":"IRONCLAD","items_purchased":["Limit Break"],"campfire_rested":1,"item_purchase_floors":[10],"current_hp_per_floor":[80,80,80,80,79,79,60,60,60,60,50,45,45,41,65,11,63,47,40,0],"gold":301,"neow_bonus":"TRANSFORM_CARD","is_prod":false,"is_daily":false,"chose_seed":false,"campfire_upgraded":3,"win_rate":0,"timestamp":1549535309,"path_taken":["M","?","?","?","?","R","E","R","T","$","E","M","R","M","R","BOSS","M","?","M"],"build_version":"2019-01-23","purchased_purges":0,"victory":false,"max_hp_per_floor":[80,80,80,80,80,80,80,80,80,80,80,80,80,80,80,80,80,80,40,40],"card_choices":[{"not_picked":["Flex","Body Slam"],"picked":"Carnage","floor":1},{"not_picked":["Rampage","True Grit"],"picked":"Whirlwind","floor":3},{"not_picked":["Whirlwind","Armaments"],"picked":"Warcry","floor":5},{"not_picked":["Infernal Blade","Rampage"],"picked":"Reaper","floor":7},{"not_picked":["Havoc","Wild Strike"],"picked":"Headbutt","floor":11},{"not_picked":["Pummel","Clothesline"],"picked":"Rampage","floor":12},{"not_picked":["Thunderclap","Twin Strike"],"picked":"Anger","floor":14},{"not_picked":["Fiend Fire","Juggernaut"],"picked":"Double Tap","floor":16},{"not_picked":["Heavy Blade","Pommel Strike"],"picked":"Clash","floor":18}],"player_experience":585054,"relics_obtained":[{"floor":7,"key":"Whetstone"},{"floor":11,"key":"MawBank"}],"event_choices":[{"damage_healed":0,"gold_gain":0,"player_choice":"Bought 3 Potions","damage_taken":0,"max_hp_gain":0,"max_hp_loss":0,"event_name":"The Woman in Blue","floor":2,"gold_loss":0},{"damage_healed":0,"gold_gain":0,"player_choice":"Forge","damage_taken":0,"max_hp_gain":0,"max_hp_loss":0,"event_name":"Accursed Blacksmith","floor":4,"gold_loss":0,"cards_upgraded":["Bash"]},{"damage_healed":0,"gold_gain":0,"player_choice":"Became a Ghost","damage_taken":0,"max_hp_gain":0,"max_hp_loss":40,"event_name":"Ghosts","floor":19,"gold_loss":0,"cards_obtained":["Ghostly","Ghostly","Ghostly","Ghostly","Ghostly"]}],"is_beta":false,"boss_relics":[{"not_picked":["Snecko Eye","Orrery"],"picked":"Pandora\u0027s Box"}],"items_purged_floors":[],"is_endless":false,"potions_floor_spawned":[3,7,11,14,16],"killed_by":"3 Byrds","ascension_level":5}