{"path_per_floor":["M","?","$","M","?","E","$","R","T","R","M","M","M","M","R","B",null,"M","M","?","?","M"],"character_chosen":"DEFECT","items_purchased":["Sunder"],"gold_per_floor":[113,113,38,52,52,92,57,57,137,137,162,185,205,221,221,349,349,368,386,386,386,406,406],"floor_reached":23,"campfire_rested":2,"playtime":878,"item_purchase_floors":[7],"current_hp_per_floor":[66,66,66,65,50,17,17,39,39,61,61,60,60,47,47,27,75,68,35,35,35,21,0],"items_purged":["Injury"],"gold":406,"score":222,"play_id":"76ee0830-2a30-4abc-8224-feaa2fd110e3","local_time":"20180611225148","is_prod":false,"is_daily":false,"chose_seed":false,"is_ascension_mode":true,"campfire_upgraded":1,"win_rate":0,"timestamp":1528775508,"campfire_choices":[{"floor":8,"key":"REST"},{"floor":10,"key":"REST"},{"data":"Sunder","floor":15,"key":"SMITH"}],"path_taken":["M","?","?","?","?","E","$","R","T","R","M","?","M","M","R","BOSS","M","M","?","?","M","E"],"build_version":"2018-06-07v3","seed_source_timestamp":131142320953706,"purchased_purges":1,"victory":false,"master_deck":["Strike_B+1","Strike_B","Strike_B","Strike_B+1","Defend_B","Defend_B","Defend_B","Defend_B","Zap","Beam Cell","Conserve Battery","Sunder+1","Recycle","Undo","Beam Cell","Self Repair","Electrodynamics+1","Double Energy+1","Rainbow+1","Ball Lightning","Sunder","Writhe","Storm+1"],"max_hp_per_floor":[75,75,75,75,75,75,75,75,75,75,75,75,75,75,75,75,75,75,75,75,75,75,75],"relics":["Cracked Core","Golden Idol","Kunai","Centennial Puzzle","Astrolabe","Singing Bowl"],"card_choices":[{"not_picked":["Hologram","Chaos"],"picked":"Beam Cell","floor":1},{"not_picked":["BootSequence","Leap"],"picked":"Conserve Battery","floor":4},{"not_picked":["Turbo","Steam"],"picked":"Barrage","floor":6},{"not_picked":["Fission","Beam Cell"],"picked":"Recycle","floor":11},{"not_picked":["Steam","Gash"],"picked":"Undo","floor":12},{"not_picked":["Cold Snap","Reinforced Body"],"picked":"Beam Cell","floor":13},{"not_picked":["Melter","White Noise"],"picked":"Self Repair","floor":14},{"not_picked":["Core Surge","Multi-Cast"],"picked":"Thunder Strike","floor":16},{"not_picked":["Cold Snap","Turbo"],"picked":"Ball Lightning","floor":18},{"not_picked":["Streamline","Core Surge"],"picked":"Sunder","floor":19},{"not_picked":["Turbo","Stack"],"picked":"Storm+1","floor":22}],"player_experience":269917,"potions_floor_usage":[6,16,23,23],"damage_taken":[{"damage":9,"enemies":"Jaw Worm","floor":1,"turns":3},{"damage":1,"enemies":"Cultist","floor":4,"turns":3},{"damage":33,"enemies":"Gremlin Nob","floor":6,"turns":4},{"damage":0,"enemies":"Small Slimes","floor":11,"turns":3},{"damage":1,"enemies":"Blue Slaver","floor":12,"turns":2},{"damage":0,"enemies":"2 Fungi Beasts","floor":13,"turns":4},{"damage":13,"enemies":"Exordium Thugs","floor":14,"turns":3},{"damage":27,"enemies":"Slime Boss","floor":16,"turns":9},{"damage":14,"enemies":"Shell Parasite","floor":18,"turns":3},{"damage":33,"enemies":"Chosen","floor":19,"turns":5},{"damage":21,"enemies":"3 Cultists","floor":22,"turns":4},{"damage":21,"enemies":"Book of Stabbing","floor":23,"turns":3}],"relics_obtained":[{"floor":6,"key":"Kunai"},{"floor":9,"key":"Centennial Puzzle"}],"event_choices":[{"event_name":"Golden Idol","player_choice":"Take Wound","floor":2,"damage_taken":0},{"event_name":"Shining Light","player_choice":"Entered Light","floor":5,"damage_taken":0},{"event_name":"Vampires","player_choice":"Ignored","floor":20,"damage_taken":0},{"event_name":"The Mausoleum","player_choice":"Yes","floor":21,"damage_taken":0}],"boss_relics":[{"not_picked":["Runic Dome","Busted Crown"],"picked":"Astrolabe"}],"items_purged_floors":[3],"potions_floor_spawned":[4,11,13,16,19,22],"seed_played":"3542811739848166224","killed_by":"Book of Stabbing","ascension_level":3,"potions_obtained":[{"floor":4,"key":"GamblersBrew"},{"floor":11,"key":"FearPotion"},{"floor":13,"key":"Energy Potion"},{"floor":16,"key":"LiquidBronze"},{"floor":19,"key":"FocusPotion"},{"floor":22,"key":"Swift Potion"}],"is_trial":false}