{"gold_per_floor":[110,110,110,129,129,154,154,180,180,27,27,55,55,55,55,159,159,176,176,176,195,209,209],"floor_reached":23,"playtime":711,"items_purged":[],"score":319,"play_id":"d744287b-e051-4a3c-9092-9067c390e486","local_time":"20190111142744","is_ascension_mode":true,"campfire_choices":[{"data":"Fission","floor":7,"key":"SMITH"},{"floor":11,"key":"REST"},{"data":"Lockon","floor":15,"key":"SMITH"}],"neow_cost":"NONE","seed_source_timestamp":66012374263999,"circlet_count":0,"master_deck":["Strike_B+1","Defend_B+1","Defend_B+1","Defend_B","Defend_B","Dualcast+1","Gash","FTL","Fission+1","Gash","Electrodynamics","Lockon+1","Loop","Buffer","Sweeping Beam+1","Hello World","Chaos","Necronomicurse","Fusion+1","Ball Lightning"],"relics":["Cracked Core","NeowsBlessing","Darkstone Periapt","Odd Mushroom","Kunai","Oddly Smooth Stone","War Paint","Black Star","Necronomicon"],"potions_floor_usage":[22],"damage_taken":[{"damage":0,"enemies":"Small Slimes","floor":1,"turns":1},{"damage":0,"enemies":"2 Louse","floor":4,"turns":1},{"damage":0,"enemies":"Gremlin Nob","floor":6,"turns":1},{"damage":14,"enemies":"The Mushroom Lair","floor":8,"turns":5},{"damage":20,"enemies":"Lagavulin","floor":12,"turns":6},{"damage":35,"enemies":"Hexaghost","floor":16,"turns":9},{"damage":2,"enemies":"Spheric Guardian","floor":18,"turns":3},{"damage":6,"enemies":"Chosen","floor":21,"turns":3},{"damage":21,"enemies":"Snake Plant","floor":22,"turns":5},{"damage":26,"enemies":"Slavers","floor":23,"turns":2}],"seed_played":"-1727729613280346041","potions_obtained":[{"floor":8,"key":"Ancient Potion"},{"floor":21,"key":"Fire Potion"}],"is_trial":false,"path_per_floor":["M","?","?","M","?","E","R","?","T","$","R","E","?","T","R","B",null,"M","?","?","M","M","E"],"character_chosen":"DEFECT","items_purchased":["Electrodynamics"],"campfire_rested":1,"item_purchase_floors":[10],"current_hp_per_floor":[68,61,66,66,50,50,50,36,36,36,60,40,40,40,40,5,61,59,59,49,43,22,0],"gold":209,"neow_bonus":"THREE_ENEMY_KILL","is_prod":false,"is_daily":false,"chose_seed":false,"campfire_upgraded":2,"win_rate":0,"timestamp":1547238464,"path_taken":["M","?","?","M","?","E","R","?","T","?","R","E","?","?","R","BOSS","M","?","?","M","?","E"],"build_version":"2019-01-10","purchased_purges":0,"victory":false,"max_hp_per_floor":[75,75,80,80,80,80,80,80,80,80,80,80,80,80,80,80,80,80,80,86,86,86,86],"card_choices":[{"not_picked":["Go for the Eyes","Sweeping Beam"],"picked":"Gash","floor":1},{"not_picked":["Compile Driver","Streamline"],"picked":"FTL","floor":4},{"not_picked":["Conserve Battery","Go for the Eyes"],"picked":"Fission","floor":6},{"not_picked":["Sweeping Beam","Ball Lightning"],"picked":"Gash","floor":8},{"not_picked":["Steam","Stack"],"picked":"Lockon","floor":12},{"not_picked":["Multi-Cast","Core Surge"],"picked":"Buffer","floor":16},{"not_picked":["Turbo","Double Energy"],"picked":"Sweeping Beam+1","floor":18},{"not_picked":["Hello World","Self Repair"],"picked":"Fusion+1","floor":21},{"not_picked":["Stack","Rebound"],"picked":"Ball Lightning","floor":22}],"player_experience":429839,"relics_obtained":[{"floor":6,"key":"Darkstone Periapt"},{"floor":8,"key":"Odd Mushroom"},{"floor":9,"key":"Kunai"},{"floor":12,"key":"Oddly Smooth Stone"},{"floor":14,"key":"War Paint"},{"floor":20,"key":"Necronomicon"}],"event_choices":[{"cards_removed":["Zap"],"damage_healed":0,"gold_gain":0,"player_choice":"Card Removal","damage_taken":7,"max_hp_gain":0,"max_hp_loss":0,"event_name":"Golden Wing","floor":2,"gold_loss":0},{"damage_healed":0,"gold_gain":0,"player_choice":"Donut","damage_taken":0,"max_hp_gain":5,"max_hp_loss":0,"event_name":"Big Fish","floor":3,"gold_loss":0},{"damage_healed":0,"gold_gain":0,"player_choice":"Entered Light","damage_taken":16,"max_hp_gain":0,"max_hp_loss":0,"event_name":"Shining Light","floor":5,"gold_loss":0,"cards_upgraded":["Defend_B","Strike_B"]},{"damage_healed":0,"gold_gain":0,"player_choice":"Fought Mushrooms","damage_taken":0,"max_hp_gain":0,"max_hp_loss":0,"event_name":"Mushrooms","floor":8,"gold_loss":0},{"damage_healed":0,"gold_gain":0,"cards_transformed":["Strike_B"],"player_choice":"Change","damage_taken":0,"max_hp_gain":0,"max_hp_loss":0,"event_name":"Living Wall","floor":13,"gold_loss":0,"cards_obtained":["Loop"]},{"damage_healed":0,"gold_gain":0,"cards_transformed":["Strike_B","Strike_B"],"player_choice":"Became Test Subject","damage_taken":0,"max_hp_gain":0,"max_hp_loss":0,"event_name":"Drug Dealer","floor":19,"gold_loss":0,"cards_obtained":["Hello World","Chaos"]},{"damage_healed":0,"gold_gain":0,"player_choice":"Obtained Book","damage_taken":16,"max_hp_gain":0,"max_hp_loss":0,"event_name":"Cursed Tome","floor":20,"gold_loss":0}],"is_beta":false,"boss_relics":[{"not_picked":["Coffee Dripper","Eternal Feather"],"picked":"Black Star"}],"items_purged_floors":[],"is_endless":false,"potions_floor_spawned":[8,21],"killed_by":"Slavers","ascension_level":9}