{"gold_per_floor":[119,138,138,138,154,183,183,196,223,238,147,227,227,255,255,358,358,358],"floor_reached":18,"playtime":595,"items_purged":[],"score":230,"play_id":"821c8004-9c2d-4a33-a8d4-fb75ebcee72a","local_time":"20181216193034","is_ascension_mode":true,"campfire_choices":[{"data":"Perfected Strike","floor":7,"key":"SMITH"},{"floor":15,"key":"REST"}],"neow_cost":"NONE","seed_source_timestamp":2577968701923681,"circlet_count":0,"master_deck":["Strike_R","Strike_R","Strike_R","Strike_R+1","Strike_R","Defend_R","Defend_R","Defend_R","Defend_R","Bash+1","Perfected Strike","Dropkick+1","Perfected Strike+1","Headbutt","Rage","Headbutt","Enlightenment","Perfected Strike","Demon Form"],"relics":["Burning Blood","NeowsBlessing","Art of War","Ancient Tea Set","The Courier","Blood Vial","Philosopher\u0027s Stone"],"potions_floor_usage":[16,16,16],"damage_taken":[{"damage":0,"enemies":"2 Louse","floor":1,"turns":1},{"damage":0,"enemies":"Jaw Worm","floor":2,"turns":1},{"damage":0,"enemies":"Small Slimes","floor":5,"turns":1},{"damage":35,"enemies":"3 Sentries","floor":6,"turns":7},{"damage":6,"enemies":"Looter","floor":8,"turns":2},{"damage":11,"enemies":"Blue Slaver","floor":10,"turns":3},{"damage":18,"enemies":"Gremlin Nob","floor":14,"turns":3},{"damage":37,"enemies":"Slime Boss","floor":16,"turns":11},{"damage":67,"enemies":"3 Byrds","floor":18,"turns":5}],"seed_played":"3449506279272404262","potions_obtained":[{"floor":2,"key":"GamblersBrew"},{"floor":5,"key":"Explosive Potion"},{"floor":14,"key":"Dexterity Potion"}],"is_trial":false,"path_per_floor":["M","M","?","?","M","E","R","M","T","M","$","?","T","E","R","B",null,"M"],"character_chosen":"IRONCLAD","items_purchased":["Enlightenment"],"campfire_rested":1,"item_purchase_floors":[11],"current_hp_per_floor":[78,80,80,64,70,41,41,41,41,36,36,36,36,24,48,19,65,0],"gold":358,"neow_bonus":"THREE_ENEMY_KILL","is_prod":false,"is_daily":false,"chose_seed":false,"campfire_upgraded":1,"win_rate":0,"timestamp":1545010234,"path_taken":["M","M","?","?","?","E","R","M","T","M","$","?","?","E","R","BOSS","M"],"build_version":"2018-12-13","purchased_purges":0,"victory":false,"max_hp_per_floor":[80,80,80,80,80,80,80,80,80,80,80,80,80,80,80,80,80,80],"card_choices":[{"not_picked":["Flex","Shockwave"],"picked":"Perfected Strike","floor":1},{"not_picked":["Twin Strike","Sentinel"],"picked":"Dropkick","floor":2},{"not_picked":["Cleave","Clash"],"picked":"Perfected Strike","floor":5},{"not_picked":["Hemokinesis","Shrug It Off"],"picked":"Headbutt","floor":6},{"not_picked":["Armaments","True Grit"],"picked":"Rage","floor":8},{"not_picked":["Pummel","Combust"],"picked":"Headbutt","floor":10},{"not_picked":["Exhume","Thunderclap"],"picked":"Perfected Strike","floor":14},{"not_picked":["Barricade","Exhume"],"picked":"Demon Form","floor":16}],"player_experience":310704,"relics_obtained":[{"floor":6,"key":"Art of War"},{"floor":9,"key":"Ancient Tea Set"},{"floor":13,"key":"The Courier"},{"floor":14,"key":"Blood Vial"}],"event_choices":[{"damage_healed":0,"gold_gain":0,"player_choice":"Grow","damage_taken":0,"max_hp_gain":0,"max_hp_loss":0,"event_name":"Living Wall","floor":3,"gold_loss":0,"cards_upgraded":["Bash"]},{"damage_healed":0,"gold_gain":0,"player_choice":"Entered Light","damage_taken":16,"max_hp_gain":0,"max_hp_loss":0,"event_name":"Shining Light","floor":4,"gold_loss":0,"cards_upgraded":["Dropkick","Strike_R"]},{"damage_healed":0,"gold_gain":80,"player_choice":"Gained Gold","damage_taken":0,"max_hp_gain":0,"max_hp_loss":0,"event_name":"Golden Wing","floor":12,"gold_loss":0}],"is_beta":false,"boss_relics":[{"not_picked":["Ectoplasm","Runic Pyramid"],"picked":"Philosopher\u0027s Stone"}],"items_purged_floors":[],"is_endless":false,"potions_floor_spawned":[2,5,14],"killed_by":"3 Byrds","ascension_level":7}