{"gold_per_floor":[142,142,217,233,134,134,149,179,250,250,250,250,266,285,285,380,380,390,410,325,325,335,347,347],"floor_reached":24,"playtime":842,"items_purged":["Strike_R"],"score":228,"play_id":"245dcab8-50f2-4e11-b0e6-f3f14ae1ac16","local_time":"20190128000024","is_ascension_mode":true,"campfire_choices":[{"data":"Inflame","floor":6,"key":"SMITH"},{"floor":10,"key":"REST"},{"data":"Sword Boomerang","floor":15,"key":"SMITH"}],"neow_cost":"NONE","seed_source_timestamp":1487881872567778,"circlet_count":0,"master_deck":["Strike_R+1","Strike_R","Strike_R","Strike_R","Defend_R","Defend_R","Defend_R","Defend_R+1","Bash+1","Inflame+1","Twin Strike","Sword Boomerang+1","Seeing Red","Barricade+1","Shrug It Off","Second Wind","Sentinel","True Grit"],"relics":["Burning Blood","Tiny Chest","Boot","Question Card","Runic Dome","Happy Flower"],"potions_floor_usage":[8,18,18,23,23],"damage_taken":[{"damage":8,"enemies":"Jaw Worm","floor":1,"turns":4},{"damage":15,"enemies":"Small Slimes","floor":4,"turns":4},{"damage":4,"enemies":"2 Louse","floor":7,"turns":3},{"damage":20,"enemies":"Lagavulin","floor":8,"turns":4},{"damage":12,"enemies":"Lots of Slimes","floor":13,"turns":4},{"damage":0,"enemies":"Large Slime","floor":14,"turns":3},{"damage":23,"enemies":"Slime Boss","floor":16,"turns":6},{"damage":6,"enemies":"3 Byrds","floor":18,"turns":5},{"damage":33,"enemies":"Shell Parasite","floor":19,"turns":4},{"damage":15,"enemies":"Chosen and Byrds","floor":22,"turns":7},{"damage":42,"enemies":"Snake Plant","floor":23,"turns":6},{"damage":27,"enemies":"Centurion and Healer","floor":24,"turns":3}],"seed_played":"779633235756061937","potions_obtained":[{"floor":1,"key":"Dexterity Potion"},{"floor":7,"key":"AttackPotion"},{"floor":13,"key":"Regen Potion"},{"floor":18,"key":"Fruit Juice"},{"floor":22,"key":"AttackPotion"}],"is_trial":false,"path_per_floor":["M","?","?","M","$","R","M","E","T","R","?","?","M","M","R","B",null,"M","M","?","?","M","M","M"],"character_chosen":"IRONCLAD","items_purchased":["Twin Strike"],"campfire_rested":1,"item_purchase_floors":[5],"current_hp_per_floor":[78,62,51,42,42,42,44,30,30,54,54,54,48,54,54,37,80,85,58,58,58,49,25,0],"gold":347,"neow_bonus":"RANDOM_COMMON_RELIC","is_prod":false,"is_daily":false,"chose_seed":false,"campfire_upgraded":2,"win_rate":0,"timestamp":1548601224,"path_taken":["M","?","?","M","?","R","?","E","T","R","?","?","M","M","R","BOSS","M","M","?","?","M","?","M"],"build_version":"2019-01-23","purchased_purges":1,"victory":false,"max_hp_per_floor":[80,80,80,80,80,80,80,80,80,80,80,80,80,80,80,80,80,85,85,85,85,85,85,85],"card_choices":[{"not_picked":["Anger","Clash"],"picked":"Inflame","floor":1},{"not_picked":["Headbutt","Clothesline","Searing Blow"],"picked":"SKIP","floor":4},{"not_picked":["Hemokinesis","Thunderclap","Sever Soul"],"picked":"SKIP","floor":7},{"not_picked":["Fire Breathing","Iron Wave","Exhume"],"picked":"SKIP","floor":8},{"not_picked":["Heavy Blade","Blood for Blood","True Grit"],"picked":"Sword Boomerang","floor":13},{"not_picked":["Havoc","Pommel Strike","Clothesline"],"picked":"Seeing Red","floor":14},{"not_picked":["Limit Break","Bludgeon","Brutality"],"picked":"Barricade","floor":16},{"not_picked":["Power Through","Wild Strike","Headbutt"],"picked":"Shrug It Off","floor":18},{"not_picked":["Wild Strike","Sword Boomerang","Havoc"],"picked":"Second Wind","floor":19},{"not_picked":["Shockwave+1","Pummel+1","Reckless Charge+1"],"picked":"Sentinel","floor":22},{"not_picked":["Armaments","Cleave","Iron Wave+1"],"picked":"True Grit","floor":23}],"player_experience":712057,"relics_obtained":[{"floor":8,"key":"Boot"},{"floor":9,"key":"Question Card"}],"event_choices":[{"damage_healed":0,"gold_gain":0,"player_choice":"Entered Light","damage_taken":16,"max_hp_gain":0,"max_hp_loss":0,"event_name":"Shining Light","floor":2,"gold_loss":0,"cards_upgraded":["Defend_R","Strike_R"]},{"damage_healed":0,"gold_gain":75,"player_choice":"Gather Gold","damage_taken":11,"max_hp_gain":0,"max_hp_loss":0,"event_name":"World of Goop","floor":3,"gold_loss":0},{"damage_healed":0,"gold_gain":0,"player_choice":"Ignored","damage_taken":0,"max_hp_gain":0,"max_hp_loss":0,"event_name":"Golden Idol","floor":11,"gold_loss":0},{"damage_healed":0,"gold_gain":0,"player_choice":"Grow","damage_taken":0,"max_hp_gain":0,"max_hp_loss":0,"event_name":"Living Wall","floor":12,"gold_loss":0,"cards_upgraded":["Bash"]},{"damage_healed":0,"gold_gain":0,"player_choice":"Obtained Relic","damage_taken":0,"relics_obtained":["Happy Flower"],"max_hp_gain":0,"max_hp_loss":0,"event_name":"Addict","floor":20,"gold_loss":85},{"damage_healed":0,"gold_gain":0,"player_choice":"Forge","damage_taken":0,"max_hp_gain":0,"max_hp_loss":0,"event_name":"Accursed Blacksmith","floor":21,"gold_loss":0,"cards_upgraded":["Barricade"]}],"is_beta":false,"boss_relics":[{"not_picked":["Empty Cage","Busted Crown"],"picked":"Runic Dome"}],"items_purged_floors":[5],"is_endless":false,"potions_floor_spawned":[1,7,13,18,22],"killed_by":"Centurion and Healer","ascension_level":3}