{"path_per_floor":["M","?","?","M","M","E","$","E","T","R","M","E","M","M","R","B",null,"M","?","?","$","M","R","M"],"character_chosen":"THE_SILENT","items_purchased":["Blood Vial","Apotheosis","EssenceOfSteel"],"gold_per_floor":[119,119,119,138,148,176,21,46,72,72,86,121,136,150,150,254,254,274,309,309,58,73,73,92,92],"floor_reached":25,"campfire_rested":3,"playtime":1460,"item_purchase_floors":[7,21,21],"current_hp_per_floor":[63,63,63,63,62,51,51,45,45,66,68,60,52,43,64,36,62,61,11,11,11,3,24,21,0],"items_purged":[],"gold":92,"score":290,"play_id":"2c74178e-9ec0-4c8a-a9bc-c30761e1b559","local_time":"20180529220815","is_prod":false,"is_daily":false,"chose_seed":false,"is_ascension_mode":true,"campfire_upgraded":0,"win_rate":0,"timestamp":1527649695,"campfire_choices":[{"floor":10,"key":"REST"},{"floor":15,"key":"REST"},{"floor":23,"key":"REST"}],"path_taken":["M","?","?","M","M","E","$","E","T","R","M","E","M","M","R","BOSS","M","?","?","?","M","R","M","E"],"build_version":"2018-05-24","seed_source_timestamp":956928971834482,"purchased_purges":0,"victory":false,"master_deck":["Defend_G","Defend_G","Defend_G","Defend_G","Defend_G","Strike_G","Strike_G","Strike_G","Strike_G","Survivor","Neutralize","Bane","Poisoned Stab+1","Bane","Bane","Footwork","Backstab","PiercingWail","Catalyst","Poisoned Stab","PiercingWail","Corpse Explosion","Leg Sweep","PiercingWail","Apotheosis","Sucker Punch","Well Laid Plans+1"],"max_hp_per_floor":[70,70,70,70,70,70,70,70,70,70,70,70,70,70,70,70,70,70,70,70,70,70,70,70,70],"relics":["Ring of the Snake","Potion Belt","Blood Vial","Art of War","Omamori","Bottled Flame","Velvet Choker","Red Mask","Frozen Egg 2"],"card_choices":[{"not_picked":["Predator","Flying Knee"],"picked":"Bane","floor":0},{"not_picked":["Choke","Deadly Poison"],"picked":"Poisoned Stab","floor":1},{"not_picked":["Malaise","Prepared"],"picked":"Bane","floor":4},{"not_picked":["Setup","Reflex"],"picked":"Footwork","floor":5},{"not_picked":["Phantasmal Killer","Underhanded Strike"],"picked":"Backstab","floor":6},{"not_picked":["Night Terror","Prepared"],"picked":"PiercingWail","floor":8},{"not_picked":["Slice","Dagger Throw"],"picked":"Catalyst","floor":11},{"not_picked":["Storm of Steel","Dagger Spray"],"picked":"Poisoned Stab","floor":12},{"not_picked":["Eviscerate","Dagger Throw"],"picked":"PiercingWail","floor":13},{"not_picked":["Concentrate","Underhanded Strike","Setup"],"picked":"SKIP","floor":14},{"not_picked":["Burst","A Thousand Cuts"],"picked":"Corpse Explosion","floor":16},{"not_picked":["Quick Slash+1","Cloak And Dagger+1"],"picked":"Leg Sweep","floor":18},{"not_picked":["Dagger Throw","Outmaneuver+1"],"picked":"PiercingWail","floor":19},{"not_picked":["Outmaneuver+1","Choke+1"],"picked":"Sucker Punch","floor":22},{"not_picked":["Distraction+1","Tactician"],"picked":"Well Laid Plans+1","floor":24}],"player_experience":207788,"potions_floor_usage":[6,8,14,16,22,22,25],"damage_taken":[{"damage":0,"enemies":"Small Slimes","floor":1,"turns":3},{"damage":0,"enemies":"Cultist","floor":4,"turns":3},{"damage":1,"enemies":"Jaw Worm","floor":5,"turns":3},{"damage":11,"enemies":"3 Sentries","floor":6,"turns":10},{"damage":8,"enemies":"Gremlin Nob","floor":8,"turns":3},{"damage":0,"enemies":"Looter","floor":11,"turns":3},{"damage":10,"enemies":"3 Sentries","floor":12,"turns":9},{"damage":10,"enemies":"Lots of Slimes","floor":13,"turns":3},{"damage":11,"enemies":"Exordium Thugs","floor":14,"turns":3},{"damage":30,"enemies":"The Guardian","floor":16,"turns":10},{"damage":3,"enemies":"Shell Parasite","floor":18,"turns":5},{"damage":52,"enemies":"Masked Bandits","floor":19,"turns":6},{"damage":10,"enemies":"Chosen","floor":22,"turns":4},{"damage":5,"enemies":"Centurion and Healer","floor":24,"turns":7},{"damage":24,"enemies":"Book of Stabbing","floor":25,"turns":5}],"relics_obtained":[{"floor":6,"key":"Potion Belt"},{"floor":8,"key":"Art of War"},{"floor":9,"key":"Omamori"},{"floor":12,"key":"Bottled Flame"},{"floor":19,"key":"Red Mask"}],"event_choices":[{"event_name":"Upgrade Shrine","player_choice":"Upgraded","floor":2,"damage_taken":0},{"event_name":"Transmorgrifier","player_choice":"Transform","floor":3,"damage_taken":0},{"event_name":"Masked Bandits","player_choice":"Fought over 274 gold","floor":19,"damage_taken":0},{"event_name":"The Mausoleum","player_choice":"Yes","floor":20,"damage_taken":0}],"boss_relics":[{"not_picked":["Pandora\u0027s Box","Calling Bell"],"picked":"Velvet Choker"}],"items_purged_floors":[],"potions_floor_spawned":[1,5,6,13,14,24],"seed_played":"-8505632881862239132","killed_by":"Book of Stabbing","ascension_level":6,"potions_obtained":[{"floor":1,"key":"Block Potion"},{"floor":5,"key":"Explosive Potion"},{"floor":6,"key":"Explosive Potion"},{"floor":13,"key":"Weak Potion"},{"floor":14,"key":"Strength Potion"},{"floor":24,"key":"Swift Potion"}],"is_trial":false}