{"gold_per_floor":[113,363,363,26,36,36,71,84,84,104,123,143,158,58,58,160,160,170,197,72,84,102,133,38,38,68,83,103,119,119,150,150,251,251,266,266,488,502,502,512,512,525,525,112,112,34,34,46,46,46],"floor_reached":50,"playtime":4810,"items_purged":["Regret","Regret","Strike_B","Strike_B"],"score":511,"play_id":"04465e2c-072d-46e9-8737-a7c039748705","local_time":"20180703182323","is_ascension_mode":false,"campfire_choices":[{"data":"Dualcast","floor":6,"key":"SMITH"},{"data":"Zap","floor":15,"key":"SMITH"},{"data":"Blizzard","floor":30,"key":"SMITH"},{"floor":32,"key":"REST"},{"data":"Rainbow","floor":41,"key":"SMITH"},{"data":"Electrodynamics","floor":45,"key":"SMITH"},{"floor":47,"key":"REST"},{"floor":49,"key":"REST"}],"neow_cost":"","seed_source_timestamp":555489607114903,"circlet_count":0,"master_deck":["Strike_B","Strike_B","Defend_B","Defend_B+1","Defend_B","Defend_B","Zap+1","Dualcast+1","Lockon","Glacier+1","Coolheaded","Hologram","Chill","Thunder Strike","Coolheaded+1","Blizzard+1","Loop+1","Reprogram","Chaos+1","Finesse","Tempest+1","Redo+1","Rainbow+1","Madness","Madness","Hologram+1","Redo+1","Electrodynamics+1","Deep Breath","Loop","Skim+1"],"relics":["Cracked Core","Matryoshka","Letter Opener","War Paint","Strawberry","Happy Flower","Lizard Tail","Red Mask","Kunai","Tiny Chest","Toolbox","Orichalcum","Sozu","Mummified Hand"],"potions_floor_usage":[12,12,16,22,23,23,42],"damage_taken":[{"damage":2,"enemies":"Small Slimes","floor":1,"turns":3},{"damage":3,"enemies":"Cultist","floor":5,"turns":3},{"damage":11,"enemies":"Lagavulin","floor":7,"turns":9},{"damage":4,"enemies":"2 Louse","floor":8,"turns":3},{"damage":2,"enemies":"Blue Slaver","floor":10,"turns":3},{"damage":9,"enemies":"Large Slime","floor":11,"turns":5},{"damage":1,"enemies":"Exordium Thugs","floor":12,"turns":4},{"damage":6,"enemies":"Blue Slaver","floor":13,"turns":3},{"damage":29,"enemies":"The Guardian","floor":16,"turns":17},{"damage":5,"enemies":"Chosen","floor":18,"turns":6},{"damage":18,"floor":19,"turns":5},{"damage":0,"enemies":"3 Byrds","floor":21,"turns":4},{"damage":1,"enemies":"Snecko","floor":22,"turns":4},{"damage":24,"enemies":"Slavers","floor":23,"turns":6},{"damage":0,"enemies":"Centurion and Healer","floor":27,"turns":4},{"damage":16,"enemies":"Snake Plant","floor":28,"turns":3},{"damage":21,"enemies":"Cultist and Chosen","floor":29,"turns":6},{"damage":14,"enemies":"Gremlin Leader","floor":31,"turns":5},{"damage":47,"enemies":"Collector","floor":33,"turns":10},{"damage":39,"enemies":"3 Shapes","floor":35,"turns":3},{"damage":1,"enemies":"Orb Walker","floor":38,"turns":3},{"damage":14,"enemies":"Sphere and 2 Shapes","floor":40,"turns":4},{"damage":7,"enemies":"3 Darklings","floor":42,"turns":3},{"damage":0,"enemies":"4 Shapes","floor":48,"turns":1},{"damage":60,"enemies":"Awakened One","floor":50,"turns":12}],"seed_played":"-210078715861444691","potions_obtained":[{"floor":1,"key":"GamblersBrew"},{"floor":7,"key":"Ancient Potion"},{"floor":11,"key":"Swift Potion"},{"floor":12,"key":"Explosive Potion"},{"floor":18,"key":"Block Potion"},{"floor":19,"key":"FocusPotion"},{"floor":22,"key":"Block Potion"},{"floor":29,"key":"Energy Potion"},{"floor":33,"key":"Energy Potion"}],"is_trial":false,"path_per_floor":["M","?","?","$","M","R","E","M","T","M","M","M","M","$","R","B",null,"M","?","$","M","M","E","$","?","T","M","M","M","R","E","R","B",null,"M","?","?","M","?","M","R","M","T","$","R","$","R","M","R"],"character_chosen":"DEFECT","items_purchased":["Letter Opener","Finesse","Electrodynamics","Deep Breath","Loop"],"campfire_rested":3,"item_purchase_floors":[4,24,44,44,46],"current_hp_per_floor":[73,73,73,73,70,70,59,55,62,60,51,50,44,44,44,15,82,77,59,59,59,58,34,34,34,34,34,18,41,41,27,51,4,82,43,33,33,32,32,18,18,11,11,11,11,11,35,35,59,0],"gold":46,"neow_bonus":"","is_prod":false,"is_daily":false,"chose_seed":false,"campfire_upgraded":5,"win_rate":0,"timestamp":1530606203,"path_taken":["M","?","?","$","M","R","E","M","T","M","?","M","M","?","R","BOSS","M","?","$","?","M","E","?","?","T","M","M","M","R","E","R","BOSS","M","?","?","?","?","?","R","M","T","$","R","?","R","M","R","BOSS"],"build_version":"2018-06-28","purchased_purges":4,"victory":false,"max_hp_per_floor":[75,75,75,75,75,75,75,75,82,82,82,82,82,82,82,82,82,82,82,82,82,82,82,82,82,82,82,82,82,82,82,82,82,82,82,82,82,82,82,82,82,82,82,82,82,82,82,82,82,82],"card_choices":[{"not_picked":["Rip and Tear","Go for the Eyes"],"picked":"Lockon","floor":1},{"not_picked":["Lockon","Redo"],"picked":"Glacier","floor":5},{"not_picked":["Doom and Gloom","Echo Form"],"picked":"Coolheaded","floor":7},{"not_picked":["Steam","Recycle","Doom and Gloom"],"picked":"SKIP","floor":8},{"not_picked":["Ball Lightning","Sunder","Cold Snap"],"picked":"SKIP","floor":10},{"not_picked":["Storm","Stack"],"picked":"Hologram","floor":11},{"not_picked":["Rebound","Loop"],"picked":"Chill","floor":12},{"not_picked":["Streamline","Go for the Eyes","Storm"],"picked":"SKIP","floor":13},{"not_picked":["Hyperbeam","Amplify"],"picked":"Thunder Strike","floor":16},{"not_picked":["Heatsinks+1","Stack"],"picked":"Coolheaded","floor":18},{"not_picked":["Melter","Stack+1"],"picked":"Blizzard","floor":19},{"not_picked":["Streamline","Compile Driver"],"picked":"Loop+1","floor":21},{"not_picked":["Streamline","Turbo"],"picked":"Reprogram","floor":22},{"not_picked":["Sweeping Beam","Buffer"],"picked":"Chaos+1","floor":23},{"not_picked":["Ball Lightning","Reinforced Body+1"],"picked":"Tempest+1","floor":27},{"not_picked":["Cold Snap","Go for the Eyes","Barrage+1"],"picked":"SKIP","floor":28},{"not_picked":["Streamline","Cold Snap"],"picked":"Redo+1","floor":29},{"not_picked":["Undo+1","Gash","Storm"],"picked":"SKIP","floor":31},{"not_picked":["Buffer","Hyperbeam"],"picked":"Rainbow","floor":33},{"not_picked":["Genetic Algorithm","Rip and Tear+1","Conserve Battery"],"picked":"SKIP","floor":35},{"not_picked":["Streamline+1","Go for the Eyes"],"picked":"Hologram+1","floor":38},{"not_picked":["Self Repair+1","Streamline"],"picked":"Redo+1","floor":40},{"not_picked":["Beam Cell","Turbo+1","Go for the Eyes+1"],"picked":"SKIP","floor":42},{"not_picked":["Barrage","Core Surge"],"picked":"Skim+1","floor":48}],"player_experience":458516,"relics_obtained":[{"floor":7,"key":"War Paint"},{"floor":9,"key":"Strawberry"},{"floor":9,"key":"Happy Flower"},{"floor":19,"key":"Red Mask"},{"floor":23,"key":"Kunai"},{"floor":26,"key":"Tiny Chest"},{"floor":26,"key":"Toolbox"},{"floor":31,"key":"Orichalcum"},{"floor":43,"key":"Mummified Hand"}],"event_choices":[{"event_name":"Golden Shrine","player_choice":"Desecrate","floor":2,"damage_taken":0},{"event_name":"Big Fish","player_choice":"Box","floor":3,"damage_taken":0},{"event_name":"Masked Bandits","player_choice":"Fought over 170 gold","floor":19,"damage_taken":0},{"event_name":"Upgrade Shrine","player_choice":"Upgraded","floor":25,"damage_taken":0},{"event_name":"Winding Halls","player_choice":"Embrace Madness","floor":36,"damage_taken":0},{"event_name":"Tomb of Lord Red Mask","player_choice":"Wore Mask","floor":37,"damage_taken":0},{"event_name":"The Lab","player_choice":"Got Potions","floor":39,"damage_taken":0}],"boss_relics":[{"not_picked":["Runic Dome","Philosopher\u0027s Stone"],"picked":"Lizard Tail"},{"not_picked":["Nuclear Battery","Eternal Feather"],"picked":"Sozu"}],"items_purged_floors":[4,14,20,44],"is_endless":false,"potions_floor_spawned":[1,7,11,12,18,19,22,29,33,42],"killed_by":"Awakened One","ascension_level":0}