{"gold_per_floor":[117,134,151,164,125,154,165,198,198,213,233,268,268,278,278,380,380,399,399,368,381,400,412,440,440,440,440],"floor_reached":27,"playtime":2106,"items_purged":[],"score":315,"play_id":"4c3339b9-40ec-4086-b9d9-87e1ee2c15de","local_time":"20181212210104","is_ascension_mode":true,"campfire_choices":[{"floor":15,"key":"REST"}],"neow_cost":"NONE","seed_source_timestamp":424044236080343,"circlet_count":0,"master_deck":["Strike_B","Strike_B","Strike_B","Defend_B","Defend_B","Defend_B","Defend_B","Zap","Dualcast","Madness","Leap","Chill","Loop","Conserve Battery","Static Discharge","Coolheaded","Cold Snap+1","Storm","Self Repair+1","Streamline+1","Lockon+1","Auto Shields","White Noise","Thunder Strike+1","Conserve Battery+1","Redo","Turbo+1","BootSequence+1","Streamline+1","Melter+1"],"relics":["Cracked Core","Molten Egg 2","Question Card","Frozen Egg 2","Cables","Velvet Choker","Pantograph"],"potions_floor_usage":[8,10,16,19,24,27,27,27],"damage_taken":[{"damage":0,"enemies":"Cultist","floor":1,"turns":2},{"damage":4,"enemies":"2 Louse","floor":2,"turns":3},{"damage":0,"enemies":"Small Slimes","floor":3,"turns":2},{"damage":3,"enemies":"Blue Slaver","floor":4,"turns":4},{"damage":13,"enemies":"3 Sentries","floor":6,"turns":10},{"damage":21,"enemies":"Large Slime","floor":7,"turns":6},{"damage":4,"enemies":"Lagavulin","floor":8,"turns":6},{"damage":0,"enemies":"Looter","floor":10,"turns":4},{"damage":7,"enemies":"Exordium Thugs","floor":11,"turns":4},{"damage":2,"enemies":"3 Sentries","floor":12,"turns":7},{"damage":21,"enemies":"Lots of Slimes","floor":14,"turns":3},{"damage":25,"enemies":"The Guardian","floor":16,"turns":8},{"damage":3,"enemies":"Chosen","floor":18,"turns":3},{"damage":19,"enemies":"2 Thieves","floor":20,"turns":5},{"damage":23,"enemies":"3 Cultists","floor":21,"turns":5},{"damage":26,"enemies":"Cultist and Chosen","floor":22,"turns":5},{"damage":25,"enemies":"Snecko","floor":23,"turns":4},{"damage":0,"enemies":"Gremlin Leader","floor":24,"turns":3},{"damage":43,"enemies":"Masked Bandits","floor":27,"turns":5}],"seed_played":"-6279607068765740899","potions_obtained":[{"floor":1,"key":"PowerPotion"},{"floor":6,"key":"Fire Potion"},{"floor":7,"key":"Block Potion"},{"floor":8,"key":"SteroidPotion"},{"floor":11,"key":"Ancient Potion"},{"floor":19,"key":"Fruit Juice"},{"floor":19,"key":"SmokeBomb"},{"floor":20,"key":"PowerPotion"},{"floor":22,"key":"EssenceOfSteel"},{"floor":24,"key":"Regen Potion"}],"is_trial":false,"path_per_floor":["M","M","M","M","$","E","M","E","T","M","M","E","?","M","R","B",null,"M","?","M","M","M","M","E","?","T","?"],"character_chosen":"DEFECT","items_purchased":["Static Discharge"],"campfire_rested":1,"item_purchase_floors":[5],"current_hp_per_floor":[75,71,71,68,68,55,34,30,30,30,33,41,41,30,52,37,75,75,80,71,58,42,17,27,27,27,0],"gold":440,"neow_bonus":"RANDOM_COLORLESS","is_prod":false,"is_daily":false,"chose_seed":false,"campfire_upgraded":0,"win_rate":0,"timestamp":1544666464,"path_taken":["M","M","M","M","$","E","M","E","T","M","M","E","?","?","R","BOSS","M","?","?","M","M","M","E","?","T","?"],"build_version":"2018-12-06","purchased_purges":0,"victory":false,"max_hp_per_floor":[75,75,75,75,75,75,75,75,75,75,75,75,75,75,75,75,75,75,80,80,80,80,80,80,80,80,80],"card_choices":[{"not_picked":["Steam Power","Gash"],"picked":"Leap","floor":1},{"not_picked":["Coolheaded","Steam"],"picked":"Chill","floor":2},{"not_picked":["Skim","Auto Shields"],"picked":"Loop","floor":3},{"not_picked":["Recycle","Reprogram"],"picked":"Conserve Battery","floor":4},{"not_picked":["Skim","Meteor Strike"],"picked":"Coolheaded","floor":6},{"not_picked":["Compile Driver+1","Go for the Eyes+1"],"picked":"Cold Snap+1","floor":7},{"not_picked":["FTL+1","Cold Snap+1"],"picked":"Storm","floor":8},{"not_picked":["Go for the Eyes+1","BootSequence","Turbo"],"picked":"Self Repair+1","floor":10},{"not_picked":["Gash+1","Rebound+1","Redo"],"picked":"Streamline+1","floor":11},{"not_picked":["Beam Cell+1","Cold Snap+1","Reboot"],"picked":"Lockon+1","floor":12},{"not_picked":["Stack","Compile Driver+1","Beam Cell+1"],"picked":"White Noise","floor":14},{"not_picked":["Rainbow","Multi-Cast","Biased Cognition+1"],"picked":"Thunder Strike+1","floor":16},{"not_picked":["Hologram","Recycle","Undo+1"],"picked":"Conserve Battery+1","floor":18},{"not_picked":["Coolheaded","Gash+1","Chaos"],"picked":"Redo","floor":20},{"not_picked":["Cold Snap+1","Skim","Steam"],"picked":"Turbo+1","floor":21},{"not_picked":["Compile Driver+1","Rip and Tear+1","Coolheaded"],"picked":"BootSequence+1","floor":22},{"not_picked":["Go for the Eyes+1","Aggregate+1","Genetic Algorithm"],"picked":"Streamline+1","floor":23},{"not_picked":["Turbo","Ball Lightning+1","Reprogram"],"picked":"Melter+1","floor":24}],"player_experience":184734,"relics_obtained":[{"floor":6,"key":"Molten Egg 2"},{"floor":8,"key":"Question Card"},{"floor":9,"key":"Frozen Egg 2"},{"floor":12,"key":"Cables"},{"floor":24,"key":"Pantograph"}],"event_choices":[{"damage_healed":0,"gold_gain":0,"cards_transformed":["Strike_B"],"player_choice":"Transformed","damage_taken":0,"max_hp_gain":0,"max_hp_loss":0,"event_name":"Transmorgrifier","floor":13,"gold_loss":0,"cards_obtained":["Auto Shields"]},{"damage_healed":0,"gold_gain":0,"player_choice":"Got Potions","damage_taken":0,"max_hp_gain":0,"max_hp_loss":0,"event_name":"Lab","floor":19,"gold_loss":0},{"damage_healed":0,"gold_gain":0,"player_choice":"Ignored","damage_taken":0,"max_hp_gain":0,"max_hp_loss":0,"event_name":"Ghosts","floor":25,"gold_loss":0},{"damage_healed":0,"gold_gain":0,"player_choice":"Fought Bandits","damage_taken":0,"max_hp_gain":0,"max_hp_loss":0,"event_name":"Masked Bandits","floor":27,"gold_loss":0}],"is_beta":false,"boss_relics":[{"not_picked":["Orrery","Sozu"],"picked":"Velvet Choker"}],"items_purged_floors":[],"is_endless":false,"potions_floor_spawned":[1,6,7,8,11,12,14,20,22,24],"killed_by":"Masked Bandits","ascension_level":2}