{"gold_per_floor":[115,290,309,309,325,325,388,388,412,446,458,478,493,18,18,118,118,138,138,157,167,167],"floor_reached":22,"playtime":1133,"items_purged":["Defend_R"],"score":273,"play_id":"770e0bc8-77f0-4360-97b2-7fe46e866d16","local_time":"20190204202034","is_ascension_mode":true,"campfire_choices":[{"data":"Armaments","floor":6,"key":"SMITH"},{"data":"Whirlwind","floor":15,"key":"SMITH"}],"neow_cost":"NONE","seed_source_timestamp":1333647403021,"circlet_count":0,"master_deck":["Strike_R","Strike_R","Strike_R","Strike_R","Strike_R","Defend_R","Defend_R+1","Defend_R+1","Bash","Armaments+1","Heavy Blade","Anger","Whirlwind+1","Inflame","Dark Shackles","Inflame","Reaper","Disarm","Anger+1"],"relics":["Burning Blood","War Paint","Bag of Marbles","Blood Vial","OrangePellets","Black Star"],"potions_floor_usage":[1,7,10,10,10,16,18,20,21,22],"damage_taken":[{"damage":12,"enemies":"Small Slimes","floor":1,"turns":3},{"damage":3,"enemies":"2 Louse","floor":3,"turns":3},{"damage":1,"enemies":"Cultist","floor":5,"turns":3},{"damage":16,"enemies":"Gremlin Nob","floor":7,"turns":3},{"damage":20,"enemies":"3 Sentries","floor":10,"turns":8},{"damage":7,"enemies":"Exordium Wildlife","floor":11,"turns":3},{"damage":0,"enemies":"Large Slime","floor":12,"turns":3},{"damage":5,"enemies":"Blue Slaver","floor":13,"turns":3},{"damage":24,"enemies":"Hexaghost","floor":16,"turns":8},{"damage":24,"enemies":"2 Thieves","floor":18,"turns":4},{"damage":18,"enemies":"Spheric Guardian","floor":20,"turns":4},{"damage":41,"enemies":"Chosen and Byrds","floor":21,"turns":6},{"damage":36,"enemies":"Masked Bandits","floor":22,"turns":3}],"seed_played":"-4396217811391931778","potions_obtained":[{"floor":0,"key":"Dexterity Potion"},{"floor":0,"key":"Swift Potion"},{"floor":0,"key":"LiquidBronze"},{"floor":1,"key":"Fire Potion"},{"floor":7,"key":"Regen Potion"},{"floor":10,"key":"EssenceOfSteel"},{"floor":16,"key":"SneckoOil"},{"floor":18,"key":"Fire Potion"},{"floor":21,"key":"FearPotion"}],"is_trial":false,"path_per_floor":["M","?","M","?","M","R","?","?","T","E","M","M","M","$","R","B",null,"M","?","M","M","?"],"character_chosen":"IRONCLAD","items_purchased":["Dark Shackles","Inflame","OrangePellets","Weak Potion"],"campfire_rested":0,"item_purchase_floors":[14,14,14,14],"current_hp_per_floor":[66,66,69,69,74,74,64,64,64,65,66,74,77,77,77,61,75,68,68,58,34,0],"gold":167,"neow_bonus":"THREE_SMALL_POTIONS","is_prod":false,"is_daily":false,"chose_seed":false,"campfire_upgraded":2,"win_rate":0,"timestamp":1549308034,"path_taken":["M","?","M","?","M","R","?","?","T","E","M","M","?","$","R","BOSS","M","?","M","M","?"],"build_version":"2019-01-23","purchased_purges":1,"victory":false,"max_hp_per_floor":[80,80,80,80,80,80,80,80,80,80,80,80,80,80,80,80,80,80,80,80,80,80],"card_choices":[{"not_picked":["Shrug It Off","Infernal Blade"],"picked":"Armaments","floor":1},{"not_picked":["Perfected Strike","Clash"],"picked":"Heavy Blade","floor":3},{"not_picked":["Shrug It Off","Juggernaut"],"picked":"Anger","floor":5},{"not_picked":["Searing Blow","Armaments"],"picked":"Whirlwind","floor":7},{"not_picked":["Pummel","Combust"],"picked":"Inflame","floor":10},{"not_picked":["Thunderclap","Heavy Blade","Havoc"],"picked":"SKIP","floor":11},{"not_picked":["Carnage","Twin Strike","Armaments"],"picked":"SKIP","floor":12},{"not_picked":["Feel No Pain","Wild Strike","Perfected Strike"],"picked":"SKIP","floor":13},{"not_picked":["Brutality","Fiend Fire"],"picked":"Reaper","floor":16},{"not_picked":["Armaments","Thunderclap+1","Havoc+1"],"picked":"SKIP","floor":18},{"not_picked":["Combust","True Grit+1"],"picked":"Disarm","floor":20},{"not_picked":["True Grit","Ghostly Armor"],"picked":"Anger+1","floor":21}],"player_experience":244821,"relics_obtained":[{"floor":7,"key":"War Paint"},{"floor":9,"key":"Bag of Marbles"},{"floor":10,"key":"Blood Vial"}],"event_choices":[{"damage_healed":0,"gold_gain":175,"player_choice":"AGREE","damage_taken":0,"max_hp_gain":0,"max_hp_loss":0,"event_name":"Liars Game","floor":2,"gold_loss":0,"cards_obtained":["Doubt"]},{"cards_removed":["Doubt"],"damage_healed":0,"gold_gain":0,"player_choice":"Forget","damage_taken":0,"max_hp_gain":0,"max_hp_loss":0,"event_name":"Living Wall","floor":4,"gold_loss":0},{"damage_healed":0,"gold_gain":30,"player_choice":"Searched \u00272\u0027 times","damage_taken":0,"max_hp_gain":0,"max_hp_loss":0,"event_name":"Dead Adventurer","floor":7,"gold_loss":0},{"damage_healed":0,"gold_gain":0,"player_choice":"0 cards matched","damage_taken":0,"max_hp_gain":0,"max_hp_loss":0,"event_name":"Match and Keep!","floor":8,"gold_loss":0,"cards_obtained":[]},{"damage_healed":0,"gold_gain":0,"player_choice":"Ignored","damage_taken":0,"max_hp_gain":0,"max_hp_loss":0,"event_name":"Ghosts","floor":19,"gold_loss":0},{"damage_healed":0,"gold_gain":0,"player_choice":"Fought Bandits","damage_taken":0,"max_hp_gain":0,"max_hp_loss":0,"event_name":"Masked Bandits","floor":22,"gold_loss":0}],"is_beta":true,"boss_relics":[{"not_picked":["Cursed Key","Eternal Feather"],"picked":"Black Star"}],"items_purged_floors":[14],"is_endless":false,"potions_floor_spawned":[1,7,10,16,18,21],"killed_by":"Masked Bandits","ascension_level":9}