{"gold_per_floor":[113,126,145,163,129,129,160,160,160,178,178,196,229,249,249,351,351,351,306,306,306,306,306],"floor_reached":23,"playtime":1676,"items_purged":[],"score":267,"play_id":"214764b3-ee4a-4de0-8642-8a1a46b49def","local_time":"20190106005655","is_ascension_mode":true,"campfire_choices":[{"data":"Sucker Punch","floor":6,"key":"SMITH"},{"floor":8,"key":"REST"},{"data":"Envenom","floor":11,"key":"SMITH"},{"floor":15,"key":"REST"}],"neow_cost":"TEN_PERCENT_HP_LOSS","seed_source_timestamp":1572092091111565,"circlet_count":0,"master_deck":["Defend_G+1","Defend_G+1","Defend_G+1","Defend_G+1","Defend_G+1","Strike_G+1","Strike_G+1","Strike_G+1","Survivor","Neutralize","Deflect","Sucker Punch","Dodge and Roll","Sucker Punch+1","Envenom+1","Flying Knee","Storm of Steel","Burst","Accuracy+1","Blade Dance","Neutralize","Footwork+1"],"special_seed":0,"relics":["Ring of the Snake","Ancient Tea Set","Letter Opener","Dead Branch","Ectoplasm"],"potions_floor_usage":[7,16,22],"damage_taken":[{"damage":1,"enemies":"Small Slimes","floor":1,"turns":4},{"damage":5,"enemies":"2 Louse","floor":2,"turns":3},{"damage":0,"enemies":"Cultist","floor":3,"turns":5},{"damage":10,"enemies":"2 Fungi Beasts","floor":4,"turns":4},{"damage":42,"enemies":"Lagavulin","floor":7,"turns":15},{"damage":0,"enemies":"Looter","floor":10,"turns":4},{"damage":1,"enemies":"Exordium Wildlife","floor":12,"turns":4},{"damage":6,"enemies":"3 Sentries","floor":13,"turns":8},{"damage":10,"enemies":"Blue Slaver","floor":14,"turns":3},{"damage":23,"enemies":"The Guardian","floor":16,"turns":9},{"damage":20,"enemies":"Spheric Guardian","floor":18,"turns":6},{"damage":0,"enemies":"2 Thieves","floor":19,"turns":4},{"damage":2,"enemies":"Shelled Parasite and Fungi","floor":22,"turns":5},{"damage":33,"enemies":"Book of Stabbing","floor":23,"turns":6}],"seed_played":"4806063621232988944","potions_obtained":[{"floor":1,"key":"Regen Potion"},{"floor":3,"key":"GhostInAJar"},{"floor":7,"key":"Swift Potion"},{"floor":12,"key":"FearPotion"},{"floor":16,"key":"Dexterity Potion"},{"floor":22,"key":"GamblersBrew"}],"is_trial":false,"path_per_floor":["M","M","M","M","?","R","E","R","T","M","R","M","E","M","R","B",null,"M","M","?","?","M","E"],"character_chosen":"THE_SILENT","items_purchased":[],"campfire_rested":2,"item_purchase_floors":[],"current_hp_per_floor":[62,57,57,47,47,47,20,38,38,38,38,37,31,21,39,16,51,31,31,31,31,29,0],"gold":306,"neow_bonus":"TRANSFORM_TWO_CARDS","is_prod":false,"is_daily":false,"chose_seed":false,"campfire_upgraded":2,"win_rate":0,"timestamp":1546754215,"path_taken":["M","M","M","M","?","R","E","R","T","M","R","M","E","M","R","BOSS","M","M","?","?","M","E"],"build_version":"2019-01-03v4","purchased_purges":0,"victory":false,"max_hp_per_floor":[63,63,63,63,63,63,63,63,63,63,63,63,63,63,63,63,63,63,63,63,63,63,63],"card_choices":[{"not_picked":["Tactician","PiercingWail"],"picked":"Dodge and Roll","floor":1},{"not_picked":["PiercingWail","Flechettes"],"picked":"Sucker Punch","floor":2},{"not_picked":["Outmaneuver","Prepared","Setup"],"picked":"SKIP","floor":3},{"not_picked":["Crippling Poison","Flechettes","Dodge and Roll"],"picked":"SKIP","floor":4},{"not_picked":["Caltrops","Flying Knee"],"picked":"Envenom","floor":7},{"not_picked":["Terror","Escape Plan"],"picked":"Flying Knee","floor":10},{"not_picked":["Dodge and Roll","Calculated Gamble","Blur"],"picked":"SKIP","floor":12},{"not_picked":["Endless Agony","Cloak And Dagger"],"picked":"Storm of Steel","floor":13},{"not_picked":["Poisoned Stab","Calculated Gamble","Deflect"],"picked":"SKIP","floor":14},{"not_picked":["Night Terror","Phantasmal Killer"],"picked":"Burst","floor":16},{"not_picked":["Dodge and Roll","Catalyst"],"picked":"Accuracy+1","floor":18},{"not_picked":["Poisoned Stab+1","Deflect","Dagger Throw"],"picked":"SKIP","floor":19},{"not_picked":["Slice","Underhanded Strike"],"picked":"Footwork+1","floor":22}],"player_experience":353325,"relics_obtained":[{"floor":7,"key":"Ancient Tea Set"},{"floor":9,"key":"Letter Opener"},{"floor":13,"key":"Dead Branch"}],"event_choices":[{"damage_healed":0,"gold_gain":0,"player_choice":"Left Gold","damage_taken":0,"max_hp_gain":0,"max_hp_loss":0,"event_name":"World of Goop","floor":5,"gold_loss":34},{"damage_healed":0,"gold_gain":0,"player_choice":"Simplicity","damage_taken":0,"max_hp_gain":0,"max_hp_loss":0,"event_name":"Back to Basics","floor":20,"gold_loss":0,"cards_upgraded":["Defend_G","Defend_G","Defend_G","Defend_G","Defend_G","Strike_G","Strike_G","Strike_G"]},{"damage_healed":0,"gold_gain":0,"player_choice":"2 cards matched","damage_taken":0,"max_hp_gain":0,"max_hp_loss":0,"event_name":"Match and Keep!","floor":21,"gold_loss":0,"cards_obtained":["Blade Dance","Neutralize"]}],"is_beta":false,"boss_relics":[{"not_picked":["Snecko Eye","Lizard Tail"],"picked":"Ectoplasm"}],"items_purged_floors":[],"is_endless":false,"potions_floor_spawned":[1,3,7,12,16,19,22],"killed_by":"Book of Stabbing","ascension_level":6}