{"gold_per_floor":[110,110,110,68,78,78,109,123,123,143,143],"floor_reached":11,"playtime":454,"items_purged":[],"score":135,"play_id":"2a01aa73-d61a-4eb3-908a-f1ca2b23f751","local_time":"20181022142933","is_ascension_mode":true,"campfire_choices":[{"data":"Dagger Spray","floor":6,"key":"SMITH"}],"neow_cost":"NONE","seed_source_timestamp":1111397582093426,"circlet_count":0,"master_deck":["Defend_G","Defend_G","Defend_G","Defend_G+1","Defend_G+1","Strike_G","Strike_G","Strike_G","Strike_G","Survivor","Neutralize+1","AscendersBane","Deflect","Caltrops","Dagger Spray+1","Poisoned Stab","Terror","Noxious Fumes"],"relics":["Ring of the Snake","War Paint","Bird Faced Urn","Ornamental Fan"],"potions_floor_usage":[7],"damage_taken":[{"damage":14,"enemies":"Small Slimes","floor":1,"turns":7},{"damage":0,"enemies":"Jaw Worm","floor":5,"turns":5},{"damage":25,"enemies":"Gremlin Nob","floor":7,"turns":6},{"damage":0,"enemies":"2 Louse","floor":8,"turns":2},{"damage":0,"enemies":"Looter","floor":10,"turns":3},{"damage":17,"enemies":"The Mushroom Lair","floor":11,"turns":2}],"seed_played":"-2980535746338031797","potions_obtained":[{"floor":5,"key":"PowerPotion"},{"floor":10,"key":"Block Potion"}],"is_trial":false,"path_per_floor":["M","?","?","$","M","R","E","M","T","M"],"character_chosen":"THE_SILENT","items_purchased":["Caltrops"],"campfire_rested":0,"item_purchase_floors":[4],"current_hp_per_floor":[45,38,33,33,33,33,8,10,10,12,0],"gold":143,"neow_bonus":"UPGRADE_CARD","is_prod":false,"is_daily":false,"chose_seed":false,"campfire_upgraded":1,"win_rate":0,"timestamp":1540243773,"path_taken":["M","?","?","$","?","R","E","M","T","M","?"],"build_version":"2018-10-18","purchased_purges":0,"victory":false,"max_hp_per_floor":[66,66,66,66,66,66,66,66,66,66,66],"card_choices":[{"not_picked":["Dagger Throw","Outmaneuver"],"picked":"Deflect","floor":1},{"not_picked":["Slice","PiercingWail"],"picked":"Dagger Spray","floor":5},{"not_picked":["Flying Knee","Quick Slash"],"picked":"Poisoned Stab","floor":7},{"not_picked":["Endless Agony","Blade Dance"],"picked":"Terror","floor":8},{"not_picked":["Adrenaline","Quick Slash"],"picked":"Noxious Fumes","floor":10}],"player_experience":1179899,"relics_obtained":[{"floor":7,"key":"Bird Faced Urn"},{"floor":9,"key":"Ornamental Fan"}],"event_choices":[{"cards_removed":["Strike_G"],"damage_healed":0,"gold_gain":0,"player_choice":"Card Removal","damage_taken":7,"max_hp_gain":0,"max_hp_loss":0,"event_name":"Golden Wing","floor":2,"gold_loss":0},{"damage_healed":0,"gold_gain":0,"player_choice":"Success","damage_taken":5,"relics_obtained":["War Paint"],"max_hp_gain":0,"max_hp_loss":0,"event_name":"Scrap Ooze","floor":3,"gold_loss":0},{"damage_healed":0,"gold_gain":0,"player_choice":"Fought Mushrooms","damage_taken":0,"max_hp_gain":0,"max_hp_loss":0,"event_name":"Mushrooms","floor":11,"gold_loss":0}],"is_beta":false,"boss_relics":[],"items_purged_floors":[],"is_endless":false,"potions_floor_spawned":[5,10],"killed_by":"The Mushroom Lair","ascension_level":17}