{"gold_per_floor":[118,132,132,142,155,187,187,220,220,237,252,252,314,314,314,416,416,429,429,429,439,439,439,439],"floor_reached":24,"playtime":1040,"items_purged":[],"score":271,"play_id":"626783f7-8a2c-4350-8460-24d4c0dee65a","local_time":"20180805223134","is_ascension_mode":true,"campfire_choices":[{"floor":7,"key":"REST"},{"floor":12,"key":"REST"},{"floor":15,"key":"REST"}],"neow_cost":"NONE","seed_source_timestamp":48938023109059,"circlet_count":0,"master_deck":["Defend_G","Defend_G","Defend_G","Defend_G","Strike_G","Strike_G+1","Survivor+1","Neutralize","Slice","Poisoned Stab","Venomology","Quick Slash","Infinite Blades","Deflect","Venomology","Dagger Throw","Die Die Die","Bouncing Flask+1","Deadly Poison+1","Blade Dance+1","Catalyst","Blade Dance+1","Necronomicurse"],"relics":["White Beast Statue","Unceasing Top","Pantograph","Smiling Mask","Letter Opener","Astrolabe","Toxic Egg 2","Necronomicon"],"potions_floor_usage":[2,5,6,6,6,6,8,8,10,11,11,11,13,13,16,16,16,16,18,18,21,23,23,23,24],"damage_taken":[{"damage":0,"enemies":"Cultist","floor":1,"turns":4},{"damage":2,"enemies":"Jaw Worm","floor":2,"turns":5},{"damage":6,"enemies":"2 Louse","floor":4,"turns":3},{"damage":6,"enemies":"Blue Slaver","floor":5,"turns":3},{"damage":8,"enemies":"Lagavulin","floor":6,"turns":6},{"damage":30,"enemies":"Gremlin Nob","floor":8,"turns":4},{"damage":4,"enemies":"Looter","floor":10,"turns":4},{"damage":8,"enemies":"2 Fungi Beasts","floor":11,"turns":4},{"damage":10,"enemies":"3 Sentries","floor":13,"turns":7},{"damage":39,"enemies":"Slime Boss","floor":16,"turns":14},{"damage":14,"enemies":"3 Byrds","floor":18,"turns":4},{"damage":20,"enemies":"2 Thieves","floor":21,"turns":4},{"damage":14,"enemies":"Slavers","floor":23,"turns":2},{"damage":13,"enemies":"Snake Plant","floor":24,"turns":3}],"seed_played":"-2680217211946660456","potions_obtained":[{"floor":1,"key":"Dexterity Potion"},{"floor":2,"key":"Dexterity Potion"},{"floor":4,"key":"AttackPotion"},{"floor":5,"key":"Swift Potion"},{"floor":6,"key":"SteroidPotion"},{"floor":8,"key":"Explosive Potion"},{"floor":10,"key":"SneckoOil"},{"floor":11,"key":"Explosive Potion"},{"floor":13,"key":"SpeedPotion"},{"floor":16,"key":"Poison Potion"},{"floor":18,"key":"EssenceOfSteel"},{"floor":21,"key":"Ancient Potion"}],"is_trial":false,"path_per_floor":["M","M","?","M","M","E","R","E","T","M","M","R","?","?","R","B",null,"M","?","T","M","?","E"],"character_chosen":"THE_SILENT","items_purchased":[],"campfire_rested":3,"item_purchase_floors":[],"current_hp_per_floor":[70,68,61,55,49,41,62,32,32,28,20,41,31,17,38,24,70,56,56,56,36,20,6,0],"gold":439,"neow_bonus":"BOSS_RELIC","is_prod":false,"is_daily":false,"chose_seed":false,"campfire_upgraded":0,"win_rate":0,"timestamp":1533501094,"path_taken":["M","M","?","M","M","E","R","E","T","M","M","R","?","?","R","BOSS","M","?","?","M","?","E","?"],"build_version":"2018-08-01","purchased_purges":0,"victory":false,"max_hp_per_floor":[70,70,70,70,70,70,70,70,70,70,70,70,70,70,70,70,70,70,70,70,70,70,70,70],"card_choices":[{"not_picked":["Sucker Punch","Blade Dance"],"picked":"Slice","floor":1},{"not_picked":["Caltrops","Prepared"],"picked":"Poisoned Stab","floor":2},{"not_picked":["Prepared","Underhanded Strike"],"picked":"Venomology","floor":4},{"not_picked":["Reflex","Dagger Throw"],"picked":"Quick Slash","floor":5},{"not_picked":["Deadly Poison","Dagger Spray","Predator"],"picked":"SKIP","floor":6},{"not_picked":["Terror","Prepared"],"picked":"Infinite Blades","floor":8},{"not_picked":["Tactician","Bouncing Flask"],"picked":"Deflect","floor":10},{"not_picked":["Blade Dance","Bane"],"picked":"Venomology","floor":11},{"not_picked":["Masterful Stab","Outmaneuver"],"picked":"Dagger Throw","floor":13},{"not_picked":["Unload","Corpse Explosion"],"picked":"Die Die Die","floor":16},{"not_picked":["Underhanded Strike","Acrobatics"],"picked":"Catalyst","floor":18},{"not_picked":["Doppelganger+1","Heel Hook"],"picked":"Blade Dance+1","floor":21}],"player_experience":378987,"relics_obtained":[{"floor":6,"key":"Unceasing Top"},{"floor":8,"key":"Pantograph"},{"floor":9,"key":"Smiling Mask"},{"floor":13,"key":"Letter Opener"},{"floor":20,"key":"Toxic Egg 2"},{"floor":22,"key":"Necronomicon"}],"event_choices":[{"event_name":"Golden Wing","player_choice":"Card Removal","floor":3,"damage_taken":0},{"event_name":"Dead Adventurer","player_choice":"Searched \u00273\u0027 times","floor":13,"damage_taken":0},{"event_name":"Shining Light","player_choice":"Entered Light","floor":14,"damage_taken":0},{"event_name":"Ghosts","player_choice":"Ignored","floor":19,"damage_taken":0},{"event_name":"Cursed Tome","player_choice":"Obtained Book","floor":22,"damage_taken":0}],"is_beta":true,"boss_relics":[{"not_picked":["Ectoplasm","Empty Cage"],"picked":"Astrolabe"}],"items_purged_floors":[],"is_endless":false,"potions_floor_spawned":[1,2,4,5,6,8,10,11,13,16,18,21,23],"killed_by":"Snake Plant","ascension_level":4}