{"gold_per_floor":[114,131,131,150,115,115,149,167,191,224,239,255,272,335,335,412,412,424,204,204,204,219,219,219,251,251,350,350,382,393,128,128,203,203,218,218,238,238,254,284,284,92,117,117,134,134,134,151,151,151],"floor_reached":51,"playtime":1987,"items_purged":["Strike_B"],"score":1222,"play_id":"2843dd71-9e87-45c0-aa35-c164dd70c9fc","local_time":"20181220155958","is_ascension_mode":true,"campfire_choices":[{"data":"Zap","floor":6.0,"key":"SMITH"},{"floor":15.0,"key":"REST"},{"data":"Defragment","floor":23.0,"key":"SMITH"},{"floor":28.0,"key":"REST"},{"data":"Capacitor","floor":32.0,"key":"SMITH"},{"floor":41.0,"key":"REST"},{"floor":44.0,"key":"RECALL"},{"floor":47,"key":"REST"},{"floor":49,"key":"REST"}],"neow_cost":"NONE","seed_source_timestamp":491027636653525,"circlet_count":0,"master_deck":["AscendersBane","Defend_B","Defend_B","Defend_B","Defend_B","Zap+1","Dualcast","Conserve Battery","Leap","Coolheaded","Defragment+1","Steam","Fission+1","Cold Snap","Chill","Electrodynamics","Capacitor+1","Thunder Strike","Chill","Hologram","Capacitor","Defragment+1","Defragment+1","Heatsinks+1","Apotheosis","Coolheaded"],"special_seed":0,"relics":["Cracked Core","NeowsBlessing","Regal Pillow","Bag of Preparation","Tiny Chest","Busted Crown","PreservedInsect","Nunchaku","Torii","Boot","DollysMirror","Fusion Hammer","Pen Nib","Bronze Scales","GremlinMask"],"potions_floor_usage":[],"damage_taken":[{"damage":0.0,"enemies":"Cultist","floor":1.0,"turns":1.0},{"damage":0.0,"enemies":"2 Louse","floor":2.0,"turns":1.0},{"damage":0.0,"enemies":"Small Slimes","floor":4.0,"turns":1.0},{"damage":15.0,"enemies":"Gremlin Nob","floor":7.0,"turns":4.0},{"damage":6.0,"enemies":"Exordium Wildlife","floor":8.0,"turns":7.0},{"damage":9.0,"enemies":"3 Sentries","floor":10.0,"turns":7.0},{"damage":0.0,"enemies":"2 Fungi Beasts","floor":11.0,"turns":3.0},{"damage":6.0,"enemies":"Blue Slaver","floor":12.0,"turns":4.0},{"damage":11.0,"enemies":"Gremlin Gang","floor":13.0,"turns":5.0},{"damage":0.0,"enemies":"Gremlin Nob","floor":14.0,"turns":4.0},{"damage":27.0,"enemies":"Slime Boss","floor":16.0,"turns":13.0},{"damage":10.0,"enemies":"Chosen","floor":18.0,"turns":6.0},{"damage":0.0,"enemies":"3 Byrds","floor":22.0,"turns":2.0},{"damage":16.0,"enemies":"Book of Stabbing","floor":25.0,"turns":5.0},{"damage":11.0,"enemies":"Slavers","floor":29.0,"turns":4.0},{"damage":0.0,"enemies":"3 Cultists","floor":30.0,"turns":4.0},{"damage":10.0,"enemies":"Champ","floor":33.0,"turns":13.0},{"damage":19.0,"enemies":"3 Darklings","floor":35.0,"turns":4.0},{"damage":0.0,"enemies":"Orb Walker","floor":37.0,"turns":5.0},{"damage":0.0,"enemies":"4 Shapes","floor":39.0,"turns":3.0},{"damage":46.0,"enemies":"Reptomancer","floor":40.0,"turns":5.0},{"damage":23,"enemies":"Transient","floor":45,"turns":5},{"damage":0,"enemies":"Maw","floor":48,"turns":6},{"damage":25,"enemies":"Time Eater","floor":50,"turns":11}],"seed_played":"5610726061578177870","potions_obtained":[{"floor":1.0,"key":"Fire Potion"},{"floor":4.0,"key":"AttackPotion"},{"floor":12.0,"key":"FocusPotion"},{"floor":13.0,"key":"PowerPotion"},{"floor":14.0,"key":"FocusPotion"},{"floor":22.0,"key":"SteroidPotion"},{"floor":25.0,"key":"Weak Potion"},{"floor":33.0,"key":"Poison Potion"},{"floor":37.0,"key":"Fire Potion"},{"floor":39.0,"key":"FairyPotion"}],"is_trial":false,"path_per_floor":["M","M","?","M","$","R","E","M","T","E","M","M","M","E","R","B",null,"M","$","?","?","M","R","?","E","T","?","R","E","M","$","R","B",null,"M","?","M","?","M","E","R","$","T","R","M","?","R","M","R","B",null],"character_chosen":"DEFECT","items_purchased":["Defragment","PreservedInsect","Capacitor","DollysMirror","Apotheosis"],"campfire_rested":5,"item_purchase_floors":[5,19,31,31,42],"current_hp_per_floor":[68,68,61,61,61,61,46,40,40,31,31,25,14,14,51,24,62,52,52,52,52,52,52,52,36,36,36,73,62,62,62,62,52,69,50,50,50,50,50,4,41,41,41,41,18,18,55,55,75,50],"gold":151,"neow_bonus":"THREE_ENEMY_KILL","is_prod":false,"is_daily":false,"chose_seed":false,"campfire_upgraded":3,"win_rate":0,"timestamp":1545346798,"path_taken":["M","?","?","M","$","R","E","M","T","E","M","M","M","E","R","BOSS","M","$","?","?","?","R","?","E","T","?","R","E","M","?","R","BOSS","M","?","M","?","M","E","R","$","T","R","?","?","R","?","R","BOSS"],"build_version":"2018-12-13","purchased_purges":1,"victory":true,"max_hp_per_floor":[75,75,75,75,75,75,75,75,75,75,75,75,75,75,75,75,75,75,75,75,75,75,75,75,75,75,75,75,75,75,75,75,75,75,75,75,75,75,75,75,75,75,75,75,75,75,75,75,75,75],"card_choices":[{"not_picked":["Chill","Heatsinks"],"picked":"Conserve Battery","floor":1.0},{"not_picked":["Redo","Rebound"],"picked":"Leap","floor":2.0},{"not_picked":["Rebound","Stack"],"picked":"Coolheaded","floor":4.0},{"not_picked":["Turbo","Compile Driver"],"picked":"Steam","floor":7.0},{"not_picked":["Ball Lightning","Steam Power","Storm"],"picked":"SKIP","floor":8.0},{"not_picked":["Melter","Recycle","Force Field"],"picked":"SKIP","floor":10.0},{"not_picked":["Force Field","Tempest"],"picked":"Fission","floor":11.0},{"not_picked":["Lockon","Beam Cell"],"picked":"Cold Snap","floor":12.0},{"not_picked":["Ball Lightning","Redo","Steam"],"picked":"SKIP","floor":13.0},{"not_picked":["Sweeping Beam","Undo"],"picked":"Chill","floor":14.0},{"not_picked":["Thunder Strike","Fission"],"picked":"Electrodynamics","floor":16.0},{"not_picked":[],"picked":"Capacitor","floor":18.0},{"not_picked":["Streamline"],"picked":"SKIP","floor":22.0},{"not_picked":["Reprogram"],"picked":"SKIP","floor":25.0},{"not_picked":["Go for the Eyes"],"picked":"SKIP","floor":29.0},{"not_picked":[],"picked":"Hologram","floor":30.0},{"not_picked":["Conserve Battery"],"picked":"SKIP","floor":35.0},{"not_picked":["Go for the Eyes+1"],"picked":"SKIP","floor":37.0},{"not_picked":["Sweeping Beam"],"picked":"SKIP","floor":39.0},{"not_picked":[],"picked":"Heatsinks+1","floor":40.0},{"not_picked":[],"picked":"Coolheaded","floor":45},{"not_picked":["Steam Power"],"picked":"SKIP","floor":48}],"player_experience":719517,"relics_obtained":[{"floor":7.0,"key":"Regal Pillow"},{"floor":10.0,"key":"Bag of Preparation"},{"floor":14.0,"key":"Tiny Chest"},{"floor":25.0,"key":"Nunchaku"},{"floor":26.0,"key":"Torii"},{"floor":29.0,"key":"Boot"},{"floor":40.0,"key":"Pen Nib"},{"floor":43.0,"key":"Bronze Scales"}],"event_choices":[{"cards_removed":["Strike_B"],"damage_healed":0.0,"max_hp_gain":0.0,"max_hp_loss":0.0,"gold_gain":0.0,"event_name":"Golden Wing","player_choice":"Card Removal","floor":3.0,"gold_loss":0.0,"damage_taken":7.0},{"damage_healed":0.0,"max_hp_gain":0.0,"max_hp_loss":0.0,"gold_gain":0.0,"cards_transformed":["Strike_B","Strike_B"],"event_name":"Drug Dealer","player_choice":"Became Test Subject","floor":20.0,"gold_loss":0.0,"damage_taken":0.0,"cards_obtained":["Thunder Strike","Chill"]},{"damage_healed":0.0,"max_hp_gain":0.0,"max_hp_loss":0.0,"gold_gain":0.0,"event_name":"Accursed Blacksmith","player_choice":"Forge","floor":21.0,"gold_loss":0.0,"damage_taken":0.0,"cards_upgraded":["Fission"]},{"damage_healed":0.0,"max_hp_gain":0.0,"max_hp_loss":0.0,"gold_gain":0.0,"event_name":"Vampires","player_choice":"Ignored","floor":24.0,"gold_loss":0.0,"damage_taken":0.0},{"damage_healed":0.0,"max_hp_gain":0.0,"max_hp_loss":0.0,"gold_gain":99.0,"event_name":"Nest","player_choice":"Stole From Cult","floor":27.0,"gold_loss":0.0,"damage_taken":0.0},{"damage_healed":0.0,"max_hp_gain":0.0,"max_hp_loss":0.0,"gold_gain":0.0,"event_name":"SensoryStone","player_choice":"Memory 1","floor":36.0,"gold_loss":0.0,"damage_taken":0.0},{"damage_healed":0.0,"max_hp_gain":0.0,"max_hp_loss":0.0,"gold_gain":0.0,"event_name":"Duplicator","player_choice":"Copied","floor":38.0,"gold_loss":0.0,"damage_taken":0.0,"cards_obtained":["Defragment"]},{"damage_healed":0,"gold_gain":0,"player_choice":"Trade","damage_taken":0,"relics_obtained":["GremlinMask"],"max_hp_gain":0,"max_hp_loss":0,"event_name":"FaceTrader","floor":46,"gold_loss":0}],"is_beta":false,"boss_relics":[{"not_picked":["Ectoplasm","Coffee Dripper"],"picked":"Busted Crown"},{"not_picked":["Inserter","Orrery"],"picked":"Fusion Hammer"}],"items_purged_floors":[19],"is_endless":false,"potions_floor_spawned":[1,4,12,13,14,22,25,33,37,39],"ascension_level":13}