{"gold_per_floor":[119,132,92,92,92,123,143,158,158,193,193,212,212,236,236,236],"floor_reached":16,"playtime":2116,"items_purged":[],"score":112,"play_id":"21db6869-882d-44f0-a239-46eac1f83de9","local_time":"20180916211157","is_ascension_mode":false,"campfire_choices":[{"floor":13,"key":"REST"},{"floor":15,"key":"REST"}],"neow_cost":"","seed_source_timestamp":265221547377784,"circlet_count":0,"master_deck":["Defend_G","Defend_G","Defend_G+1","Defend_G","Defend_G","Strike_G+1","Strike_G","Strike_G","Strike_G","Strike_G","Survivor","Neutralize","Poisoned Stab","PiercingWail","Choke","Venomology","All Out Attack","Quick Slash","Dagger Throw","Acrobatics","Leg Sweep","Backflip"],"relics":["Ring of the Snake","Golden Idol","Anchor","Pantograph","Incense Burner"],"potions_floor_usage":[10,14,14,16,16,16,16],"damage_taken":[{"damage":0,"enemies":"Cultist","floor":1,"turns":4},{"damage":0,"enemies":"Small Slimes","floor":2,"turns":3},{"damage":37,"enemies":"3 Sentries","floor":6,"turns":10},{"damage":0,"enemies":"Jaw Worm","floor":7,"turns":5},{"damage":2,"enemies":"3 Louse","floor":8,"turns":4},{"damage":12,"enemies":"Gremlin Nob","floor":10,"turns":4},{"damage":0,"enemies":"2 Fungi Beasts","floor":12,"turns":2},{"damage":0,"enemies":"Blue Slaver","floor":14,"turns":4},{"damage":68,"enemies":"Slime Boss","floor":16,"turns":20}],"seed_played":"8356858564764180752","potions_obtained":[{"floor":1,"key":"EssenceOfSteel"},{"floor":6,"key":"Weak Potion"},{"floor":7,"key":"SpeedPotion"},{"floor":12,"key":"SpeedPotion"},{"floor":14,"key":"Ancient Potion"}],"is_trial":false,"path_per_floor":["M","M","$","?","?","E","M","M","T","E","?","M","R","M","R"],"character_chosen":"THE_SILENT","items_purchased":["Choke"],"campfire_rested":2,"item_purchase_floors":[3],"current_hp_per_floor":[70,70,70,56,56,19,19,17,17,5,5,5,24,24,43,0],"gold":236,"neow_bonus":"","is_prod":false,"is_daily":false,"chose_seed":false,"campfire_upgraded":0,"win_rate":0.0,"timestamp":1537150317,"path_taken":["M","?","$","?","?","E","?","M","T","E","?","M","R","M","R","BOSS"],"build_version":"2018-09-06","purchased_purges":0,"victory":false,"max_hp_per_floor":[70,70,70,70,65,65,65,65,65,65,65,65,65,65,65,65],"card_choices":[{"not_picked":["Heel Hook","Dagger Throw"],"picked":"Poisoned Stab","floor":1},{"not_picked":["Crippling Poison","Blade Dance"],"picked":"PiercingWail","floor":2},{"not_picked":["All Out Attack","Dagger Throw"],"picked":"Venomology","floor":6},{"not_picked":["Deadly Poison","Poisoned Stab"],"picked":"All Out Attack","floor":7},{"not_picked":["Deadly Poison","Poisoned Stab"],"picked":"Quick Slash","floor":8},{"not_picked":["Sucker Punch","Doppelganger"],"picked":"Dagger Throw","floor":10},{"not_picked":["Dagger Spray","Expertise"],"picked":"Leg Sweep","floor":12},{"not_picked":["Outmaneuver","PiercingWail"],"picked":"Backflip","floor":14}],"player_experience":4846,"relics_obtained":[{"floor":6,"key":"Anchor"},{"floor":9,"key":"Pantograph"},{"floor":10,"key":"Incense Burner"}],"event_choices":[{"event_name":"Shining Light","player_choice":"Entered Light","floor":4,"damage_taken":0},{"event_name":"Golden Idol","player_choice":"Lose Max HP","floor":5,"damage_taken":0},{"event_name":"Match and Keep!","player_choice":"1 cards matched","floor":11,"damage_taken":0}],"is_beta":false,"boss_relics":[],"items_purged_floors":[],"is_endless":false,"potions_floor_spawned":[1,6,7,12,14],"killed_by":"Slime Boss","ascension_level":0}