{"gold_per_floor":[116,116,116,86,106,106,140,156,156,156,23,38,72,97,97,190,190,206,229,229,244,258,258,258,292,292,192,206,206,227,246,246,246],"floor_reached":33,"playtime":1005,"items_purged":["Strike_R","Parasite"],"score":502,"play_id":"2b617250-2f58-47ef-98a4-3ea64c40015d","local_time":"20180925075451","is_ascension_mode":true,"campfire_choices":[{"data":"Carnage","floor":6,"key":"SMITH"},{"data":"Bash","floor":10,"key":"SMITH"},{"data":"Evolve","floor":15,"key":"SMITH"},{"floor":23,"key":"REST"},{"data":"True Grit","floor":32,"key":"SMITH"}],"neow_cost":"NONE","seed_source_timestamp":106301395376231,"circlet_count":0,"master_deck":["Strike_R+1","Strike_R+1","Strike_R+1","Strike_R+1","Defend_R+1","Defend_R+1","Defend_R+1","Bash+1","AscendersBane","Exhume","Power Through","Carnage+1","Inflame","Iron Wave","True Grit+1","Shrug It Off","Uppercut","Evolve+1","Juggernaut","Shrug It Off","Ghostly Armor","Battle Trance","Inflame"],"relics":["Burning Blood","Golden Idol","StoneCalendar","Sundial","Unceasing Top","Cursed Key","Omamori","Vajra","Question Card"],"potions_floor_usage":[7,13,16,16,25,31,33],"damage_taken":[{"damage":8,"enemies":"Jaw Worm","floor":1,"turns":5},{"damage":5,"enemies":"Cultist","floor":5,"turns":4},{"damage":15,"enemies":"Lagavulin","floor":7,"turns":5},{"damage":3,"enemies":"2 Louse","floor":8,"turns":2},{"damage":0,"enemies":"Looter","floor":12,"turns":2},{"damage":3,"enemies":"Gremlin Nob","floor":13,"turns":4},{"damage":0,"enemies":"3 Louse","floor":14,"turns":4},{"damage":27,"enemies":"Slime Boss","floor":16,"turns":7},{"damage":30,"enemies":"2 Thieves","floor":18,"turns":5},{"damage":13,"enemies":"Shell Parasite","floor":19,"turns":6},{"damage":17,"enemies":"Centurion and Healer","floor":21,"turns":7},{"damage":0,"enemies":"Snecko","floor":22,"turns":4},{"damage":25,"enemies":"Book of Stabbing","floor":25,"turns":5},{"damage":22,"enemies":"Sentry and Sphere","floor":28,"turns":4},{"damage":0,"enemies":"Centurion and Healer","floor":30,"turns":7},{"damage":21,"enemies":"Snake Plant","floor":31,"turns":3},{"damage":31,"enemies":"Champ","floor":33,"turns":2}],"seed_played":"-4969585320602209177","potions_obtained":[{"floor":1,"key":"BloodPotion"},{"floor":4,"key":"Fire Potion"},{"floor":4,"key":"Dexterity Potion"},{"floor":8,"key":"GamblersBrew"},{"floor":13,"key":"EssenceOfSteel"},{"floor":21,"key":"Energy Potion"},{"floor":22,"key":"Strength Potion"},{"floor":30,"key":"Dexterity Potion"},{"floor":31,"key":"SpeedPotion"}],"is_trial":false,"path_per_floor":["M","?","?","?","M","R","E","M","T","R","$","M","E","M","R","B",null,"M","M","?","M","M","R","T","E","T","$","M","?","M","M","R"],"character_chosen":"IRONCLAD","items_purchased":["True Grit"],"campfire_rested":1,"item_purchase_floors":[11],"current_hp_per_floor":[66,66,40,40,41,41,32,35,35,35,35,41,44,50,50,29,64,40,33,33,22,28,50,50,31,31,31,15,29,35,20,20,0],"gold":246,"neow_bonus":"ONE_RANDOM_RARE_CARD","is_prod":false,"is_daily":false,"chose_seed":false,"campfire_upgraded":4,"win_rate":0,"timestamp":1537887291,"path_taken":["M","?","?","?","M","R","E","M","T","R","$","M","E","M","R","BOSS","M","M","?","M","M","R","?","E","T","$","M","?","?","M","R","BOSS"],"build_version":"2018-09-20","purchased_purges":2,"victory":false,"max_hp_per_floor":[75,75,75,75,75,75,75,75,75,75,75,75,75,75,75,75,75,75,75,75,75,75,75,75,75,75,72,72,72,72,72,72,72],"card_choices":[{"not_picked":["Pummel","Body Slam"],"picked":"Power Through","floor":1},{"not_picked":["Heavy Blade","Metallicize"],"picked":"Carnage","floor":5},{"not_picked":["Fire Breathing","Clothesline"],"picked":"Inflame","floor":7},{"not_picked":["Twin Strike","Headbutt"],"picked":"Iron Wave","floor":8},{"not_picked":["Clothesline","Second Wind"],"picked":"Shrug It Off","floor":12},{"not_picked":["Searing Blow","Anger"],"picked":"Uppercut","floor":13},{"not_picked":["Impervious","Havoc"],"picked":"Evolve","floor":14},{"not_picked":["Bludgeon","Exhume"],"picked":"Juggernaut","floor":16},{"not_picked":["Body Slam","Rage","Armaments"],"picked":"SKIP","floor":18},{"not_picked":["Cleave+1","Anger+1"],"picked":"Shrug It Off","floor":19},{"not_picked":["Pummel+1","Perfected Strike","Cleave"],"picked":"SKIP","floor":21},{"not_picked":["Body Slam+1","Havoc"],"picked":"Ghostly Armor","floor":22},{"not_picked":["Headbutt","Dual Wield"],"picked":"Battle Trance","floor":25},{"not_picked":["Second Wind","Anger","Infernal Blade","Havoc"],"picked":"SKIP","floor":28},{"not_picked":["Double Tap","Wild Strike","Thunderclap","Perfected Strike"],"picked":"SKIP","floor":30},{"not_picked":["Havoc","Battle Trance","Anger"],"picked":"Inflame","floor":31}],"player_experience":835716,"relics_obtained":[{"floor":7,"key":"StoneCalendar"},{"floor":9,"key":"Sundial"},{"floor":13,"key":"Unceasing Top"},{"floor":24,"key":"Omamori"},{"floor":25,"key":"Vajra"},{"floor":26,"key":"Question Card"}],"event_choices":[{"event_name":"Purifier","player_choice":"One Purge","floor":2,"damage_taken":0},{"event_name":"Golden Idol","player_choice":"Take Damage","floor":3,"damage_taken":0},{"event_name":"The Woman in Blue","player_choice":"Bought 2 Potions","floor":4,"damage_taken":0},{"event_name":"Back to Basics","player_choice":"Simplicity","floor":20,"damage_taken":0},{"event_name":"The Library","player_choice":"Heal","floor":29,"damage_taken":0}],"is_beta":true,"boss_relics":[{"not_picked":["Black Blood","Fusion Hammer"],"picked":"Cursed Key"}],"items_purged_floors":[11,27],"is_endless":false,"potions_floor_spawned":[1,8,12,13,14,21,22,30,31],"killed_by":"Champ","ascension_level":16}