{"gold_per_floor":[114,129,51,63,77,77,110,110,134,134,62,82,154,169,169,271,271,284,298,311,329,329,329,342,342,342,361,361,371,151,171,171,171],"floor_reached":33,"playtime":3092,"items_purged":[],"score":278,"play_id":"979ad738-ec17-4e0f-8b87-9800503d946c","local_time":"20190106173141","is_ascension_mode":false,"campfire_choices":[{"data":"Finisher","floor":6,"key":"SMITH"},{"data":"Bane","floor":8,"key":"SMITH"},{"data":"Flying Knee","floor":10,"key":"SMITH"},{"floor":15,"key":"REST"},{"floor":23,"key":"REST"},{"floor":25,"key":"REST"},{"floor":28,"key":"REST"},{"floor":32,"key":"REST"}],"neow_cost":"NONE","seed_source_timestamp":1630414744229030,"circlet_count":0,"master_deck":["Defend_G+1","Defend_G+1","Defend_G+1","Defend_G+1","Defend_G+1","Strike_G+1","Strike_G+1","Strike_G+1","Strike_G+1","Strike_G+1","Survivor","Neutralize","Cloak And Dagger","Bane+1","Noxious Fumes","Sucker Punch","Finisher+1","Flying Knee+1","Heel Hook","Poisoned Stab","Dagger Spray","PiercingWail","Unload","Blade Dance","Backflip+1","Tactician+1","Flying Knee","Blade Dance","Backstab","Deflect+1","Poisoned Stab","Noxious Fumes","Accuracy","Poisoned Stab","Cloak And Dagger","Quick Slash+1"],"relics":["Ring of the Snake","Orichalcum","Dream Catcher","Question Card","WristBlade","Gremlin Horn","Toy Ornithopter"],"potions_floor_usage":[16,16,21],"damage_taken":[{"damage":0,"enemies":"Cultist","floor":1,"turns":3},{"damage":0,"enemies":"2 Louse","floor":2,"turns":2},{"damage":4,"enemies":"Jaw Worm","floor":4,"turns":4},{"damage":5,"enemies":"Large Slime","floor":5,"turns":6},{"damage":14,"enemies":"Gremlin Nob","floor":7,"turns":5},{"damage":5,"enemies":"Red Slaver","floor":12,"turns":3},{"damage":2,"enemies":"Lots of Slimes","floor":14,"turns":4},{"damage":9,"enemies":"Hexaghost","floor":16,"turns":8},{"damage":6,"enemies":"Spheric Guardian","floor":18,"turns":4},{"damage":23,"enemies":"2 Thieves","floor":19,"turns":4},{"damage":16,"enemies":"Shelled Parasite and Fungi","floor":20,"turns":5},{"damage":18,"enemies":"Snake Plant","floor":21,"turns":5},{"damage":3,"enemies":"Snecko","floor":24,"turns":3},{"damage":6,"enemies":"3 Cultists","floor":27,"turns":4},{"damage":15,"enemies":"Snake Plant","floor":29,"turns":4},{"damage":18,"enemies":"Centurion and Healer","floor":31,"turns":5},{"damage":72,"enemies":"Automaton","floor":33,"turns":6}],"seed_played":"5100134382276589977","potions_obtained":[{"floor":2,"key":"GamblersBrew"},{"floor":7,"key":"Weak Potion"},{"floor":12,"key":"AttackPotion"},{"floor":14,"key":"EssenceOfSteel"},{"floor":16,"key":"SkillPotion"},{"floor":20,"key":"Ancient Potion"},{"floor":24,"key":"GamblersBrew"},{"floor":29,"key":"Regen Potion"},{"floor":31,"key":"GhostInAJar"}],"is_trial":false,"path_per_floor":["M","M","$","M","M","R","E","R","T","R","$","M","T","M","R","B",null,"M","M","M","M","?","R","M","R","T","M","R","M","$","M","R","B"],"character_chosen":"THE_SILENT","items_purchased":["Noxious Fumes","Heel Hook","Toy Ornithopter","Poisoned Stab"],"campfire_rested":5,"item_purchase_floors":[3,11,30,30],"current_hp_per_floor":[70,70,70,66,61,61,47,47,47,47,47,42,42,40,61,52,70,64,41,25,7,7,28,25,46,46,40,61,46,46,28,49,0],"gold":171,"neow_bonus":"RANDOM_COMMON_RELIC","is_prod":false,"is_daily":false,"chose_seed":false,"campfire_upgraded":3,"win_rate":0,"timestamp":1546813901,"path_taken":["M","M","$","M","M","R","E","R","T","R","$","M","?","M","R","BOSS","M","M","M","?","?","R","M","R","T","M","R","M","$","M","R","BOSS"],"build_version":"2019-01-03v4","purchased_purges":0,"victory":false,"max_hp_per_floor":[70,70,70,70,70,70,70,70,70,70,70,70,70,70,70,70,70,70,70,70,70,70,70,70,70,70,70,70,70,70,70,70,70],"card_choices":[{"not_picked":["Dagger Throw","Blade Dance"],"picked":"Cloak And Dagger","floor":1},{"not_picked":["Acrobatics","Blade Dance"],"picked":"Bane","floor":2},{"not_picked":["A Thousand Cuts","Dodge and Roll"],"picked":"Sucker Punch","floor":4},{"not_picked":["PiercingWail","Reflex"],"picked":"Finisher","floor":5},{"not_picked":["Underhanded Strike","Grand Finale"],"picked":"Flying Knee","floor":7},{"not_picked":["Acrobatics","Caltrops"],"picked":"Poisoned Stab","floor":12},{"not_picked":["Sucker Punch","Prepared","Dash"],"picked":"Dagger Spray","floor":14},{"not_picked":["All Out Attack","Sucker Punch","Distraction"],"picked":"PiercingWail","floor":15},{"not_picked":["Venomology","Wraith Form v2","Night Terror"],"picked":"Unload","floor":16},{"not_picked":["Cloak And Dagger","Dagger Spray+1","Endless Agony"],"picked":"Blade Dance","floor":18},{"not_picked":["Cloak And Dagger","Slice","Finisher"],"picked":"Backflip+1","floor":19},{"not_picked":["Terror","Infinite Blades","Masterful Stab"],"picked":"Tactician+1","floor":20},{"not_picked":["PiercingWail","Venomology","Finisher"],"picked":"Flying Knee","floor":21},{"not_picked":["Setup","Backflip+1","Outmaneuver"],"picked":"Blade Dance","floor":23},{"not_picked":["Expertise","Dagger Spray+1","Bane"],"picked":"Backstab","floor":24},{"not_picked":["Underhanded Strike+1","Dodge and Roll+1","Bane"],"picked":"Deflect+1","floor":25},{"not_picked":["Leg Sweep+1","Bane","Setup+1"],"picked":"Poisoned Stab","floor":27},{"not_picked":["Slice+1","Dodge and Roll+1","PiercingWail+1"],"picked":"Noxious Fumes","floor":28},{"not_picked":["Flechettes+1","Flying Knee","PiercingWail"],"picked":"Accuracy","floor":29},{"not_picked":["Poisoned Stab","Well Laid Plans+1","Dagger Spray+1"],"picked":"Cloak And Dagger","floor":31},{"not_picked":["Glass Knife","Backflip","Slice"],"picked":"Quick Slash+1","floor":32}],"player_experience":408190,"relics_obtained":[{"floor":7,"key":"Dream Catcher"},{"floor":13,"key":"Question Card"},{"floor":26,"key":"Gremlin Horn"}],"event_choices":[{"damage_healed":0,"gold_gain":0,"player_choice":"Simplicity","damage_taken":0,"max_hp_gain":0,"max_hp_loss":0,"event_name":"Back to Basics","floor":22,"gold_loss":0,"cards_upgraded":["Defend_G","Defend_G","Defend_G","Defend_G","Defend_G","Strike_G","Strike_G","Strike_G","Strike_G","Strike_G"]}],"is_beta":false,"boss_relics":[{"not_picked":["Busted Crown","White Beast Statue"],"picked":"WristBlade"}],"items_purged_floors":[],"is_endless":false,"potions_floor_spawned":[2,7,12,14,16,20,24,29,31],"killed_by":"Automaton","ascension_level":0}