{"path_per_floor":["M","M","M","?","M","R","?","R","T","$","E","M","M","M","R","B",null,"M","$","?","M","?","R","T","R","T","E","M","M","?","M","R"],"character_chosen":"DEFECT","items_purchased":["Streamline","Bottled Flame"],"gold_per_floor":[110,128,144,219,230,230,330,330,377,10,41,59,75,94,94,199,199,209,109,109,127,127,127,172,172,172,198,214,226,151,168,168,168],"floor_reached":33,"campfire_rested":2,"playtime":2107,"current_hp_per_floor":[75,75,72,61,59,59,59,59,59,59,61,67,74,75,75,40,75,75,75,75,74,60,80,80,80,80,52,47,50,50,50,74,0],"items_purged":["Strike_B","Amplify"],"gold":168,"score":294,"play_id":"76fadc5f-f7b7-4b6b-b2a1-f81167b40c5f","local_time":"20180506235516","is_prod":false,"is_daily":false,"chose_seed":false,"is_ascension_mode":false,"campfire_upgraded":4,"timestamp":1525643716,"path_taken":["M","?","M","?","M","R","?","R","T","$","E","M","M","?","R","BOSS","M","$","?","M","?","R","?","R","T","E","?","M","?","M","R","BOSS"],"build_version":"2018-05-03","seed_source_timestamp":0,"purchased_purges":2,"victory":false,"master_deck":["Defend_B","Defend_B","Zap+1","Dualcast","Ball Lightning+1","Melter","Auto Shields","Self Repair","Streamline+1","Ball Lightning+1","Ball Lightning","Streamline+1","Ball Lightning","Seek","Recycle+1","Seek+1","Rebound+1","Go for the Eyes+1","Static Discharge","Glacier+1","Sunder+1"],"max_hp_per_floor":[75,75,75,75,75,75,75,75,75,75,75,75,75,75,75,75,75,75,75,75,75,80,80,80,80,80,80,80,80,80,80,80,80],"relics":["Cracked Core","Lantern","Bottled Flame","Orichalcum","Astrolabe","Anchor","Matryoshka","Bag of Marbles"],"card_choices":[{"not_picked":["BootSequence","Go for the Eyes"],"picked":"Ball Lightning","floor":1.0},{"not_picked":["Beam Cell","Barrage"],"picked":"Melter","floor":2.0},{"not_picked":["Leap","Glacier"],"picked":"Auto Shields","floor":3.0},{"not_picked":["Heatsinks","Coolheaded"],"picked":"Self Repair","floor":5.0},{"not_picked":["Stack","Prime"],"picked":"Ball Lightning","floor":11.0},{"not_picked":["Skim","Tempest"],"picked":"Ball Lightning","floor":12.0},{"not_picked":["Coolheaded","Hologram"],"picked":"Streamline","floor":13.0},{"not_picked":["Static Discharge","Streamline"],"picked":"Ball Lightning","floor":14.0},{"not_picked":["All For One","Hyperbeam"],"picked":"Seek","floor":16.0},{"not_picked":["Storm","Skim"],"picked":"Rebound","floor":18.0},{"not_picked":["Chaos","Leap"],"picked":"Go for the Eyes","floor":21},{"not_picked":["Scrape","Storm"],"picked":"Static Discharge","floor":28},{"not_picked":["Consume","Tempest"],"picked":"Glacier","floor":29},{"not_picked":["Heatsinks","Beam Cell"],"picked":"Sunder","floor":31}],"player_experience":46014,"potions_floor_usage":[],"damage_taken":[{"damage":0.0,"enemies":"Cultist","floor":1.0,"turns":3.0},{"damage":0.0,"enemies":"2 Louse","floor":2.0,"turns":2.0},{"damage":3.0,"enemies":"Small Slimes","floor":3.0,"turns":3.0},{"damage":2.0,"enemies":"Gremlin Gang","floor":5.0,"turns":4.0},{"damage":5.0,"enemies":"Gremlin Nob","floor":11.0,"turns":3.0},{"damage":1.0,"enemies":"Blue Slaver","floor":12.0,"turns":2.0},{"damage":0.0,"enemies":"Exordium Thugs","floor":13.0,"turns":3.0},{"damage":0.0,"enemies":"Lots of Slimes","floor":14.0,"turns":3.0},{"damage":35.0,"enemies":"The Guardian","floor":16.0,"turns":7.0},{"damage":0.0,"enemies":"3 Byrds","floor":18.0,"turns":4.0},{"damage":8.0,"enemies":"Shell Parasite","floor":21.0,"turns":3.0},{"damage":35,"enemies":"Gremlin Leader","floor":27,"turns":6},{"damage":12,"enemies":"Cultist and Chosen","floor":28,"turns":4},{"damage":4,"enemies":"3 Cultists","floor":29,"turns":3},{"damage":0,"enemies":"Snecko","floor":31,"turns":2},{"damage":77,"enemies":"Collector","floor":33,"turns":6}],"event_choices":[{"event_name":"World of Goop","player_choice":"Gather Gold","floor":4.0,"damage_taken":0.0},{"event_name":"Golden Shrine","player_choice":"Pray","floor":7.0,"damage_taken":0.0},{"event_name":"Upgrade Shrine","player_choice":"Upgraded","floor":20.0,"damage_taken":0.0},{"event_name":"Forgotten Altar","player_choice":"Shed Blood","floor":22,"damage_taken":0},{"event_name":"Beggar","player_choice":"Gave Gold","floor":30,"damage_taken":0}],"boss_relics":[],"potions_floor_spawned":[1,11,12,16,18,21,31],"seed_played":"-686921073139234066","killed_by":"Collector","ascension_level":0,"is_trial":false}