{"gold_per_floor":[16,33,33,52,52,52,68,80,80,110,110,110,68,83,83,178,178,178,178,178,178,178,178,178,178,178,178,178],"floor_reached":28,"playtime":1949,"items_purged":[],"score":396,"play_id":"1f950422-90f8-44ff-ab18-75d6f72b7695","local_time":"20190117034544","is_ascension_mode":true,"campfire_choices":[{"data":"Electrodynamics","floor":6.0,"key":"SMITH"},{"data":"Defragment","floor":12.0,"key":"SMITH"},{"data":"Capacitor","floor":15.0,"key":"SMITH"},{"floor":23,"key":"REST"},{"floor":25,"key":"REST"}],"neow_cost":"NO_GOLD","seed_source_timestamp":0,"circlet_count":0,"master_deck":["AscendersBane","Defend_B","Defend_B","Defend_B","Defend_B","Zap","Dualcast","Electrodynamics+1","Capacitor+1","Conserve Battery","Loop","Defragment+1","BootSequence","Skim","Parasite","Consume","Reboot","Sweeping Beam+1","Sunder","Doom and Gloom","Steam","Stack+1","Bite","Bite","Bite","Bite","Bite","Thunder Strike"],"special_seed":0,"relics":["Cracked Core","The Courier","Turnip","FossilizedHelix","Ectoplasm"],"potions_floor_usage":[22,22,28],"damage_taken":[{"damage":0.0,"enemies":"2 Louse","floor":1.0,"turns":1.0},{"damage":7.0,"enemies":"Jaw Worm","floor":2.0,"turns":2.0},{"damage":12.0,"enemies":"Small Slimes","floor":4.0,"turns":2.0},{"damage":12.0,"enemies":"Looter","floor":7.0,"turns":3.0},{"damage":12.0,"enemies":"Large Slime","floor":8.0,"turns":4.0},{"damage":0.0,"enemies":"3 Sentries","floor":10.0,"turns":2.0},{"damage":0.0,"enemies":"Blue Slaver","floor":14.0,"turns":3.0},{"damage":21.0,"enemies":"Hexaghost","floor":16.0,"turns":8.0},{"damage":0.0,"enemies":"3 Byrds","floor":18.0,"turns":1.0},{"damage":33.0,"enemies":"Shell Parasite","floor":20.0,"turns":6.0},{"damage":22,"enemies":"Snecko","floor":21,"turns":5},{"damage":3,"enemies":"Sentry and Sphere","floor":22,"turns":6},{"damage":38,"enemies":"Shelled Parasite and Fungi","floor":27,"turns":7},{"damage":42,"enemies":"3 Cultists","floor":28,"turns":3}],"seed_played":"5953930783397677748","potions_obtained":[{"floor":4.0,"key":"SkillPotion"},{"floor":10.0,"key":"Dexterity Potion"},{"floor":16.0,"key":"GamblersBrew"},{"floor":20.0,"key":"Dexterity Potion"},{"floor":27,"key":"Poison Potion"}],"is_trial":false,"path_per_floor":["M","M","?","M","?","R","M","M","T","E","?","R","$","M","R","B",null,"M","?","M","M","M","R","?","R","T","M","M"],"character_chosen":"DEFECT","items_purchased":["AttackPotion"],"campfire_rested":2,"item_purchase_floors":[13],"current_hp_per_floor":[68,61,49,37,62,62,50,38,38,38,56,56,56,56,56,35,65,65,65,32,10,7,29,29,44,44,26,0],"gold":178,"neow_bonus":"THREE_RARE_CARDS","is_prod":false,"is_daily":false,"chose_seed":false,"campfire_upgraded":3,"win_rate":0,"timestamp":1547714744,"path_taken":["M","M","?","M","?","R","M","M","T","E","?","R","$","M","R","BOSS","M","?","M","M","M","R","?","R","T","M","M"],"build_version":"2019-01-10","purchased_purges":0,"victory":false,"max_hp_per_floor":[75,75,75,75,75,75,75,75,75,75,75,75,75,75,75,75,75,75,75,75,75,75,75,52,52,52,52,52],"card_choices":[{"not_picked":["Core Surge","Reboot"],"picked":"Electrodynamics","floor":0.0},{"not_picked":["Streamline","Force Field"],"picked":"Capacitor","floor":1.0},{"not_picked":["Barrage","Reinforced Body"],"picked":"Conserve Battery","floor":2.0},{"not_picked":["Darkness","Ball Lightning"],"picked":"Loop","floor":4.0},{"not_picked":["Storm","Compile Driver"],"picked":"Defragment","floor":7.0},{"not_picked":["Force Field","Streamline"],"picked":"BootSequence","floor":8.0},{"not_picked":["Steam Power","Heatsinks"],"picked":"Skim","floor":10.0},{"not_picked":["Gash","Steam Power"],"picked":"Consume","floor":14.0},{"not_picked":["Machine Learning","Amplify"],"picked":"Reboot","floor":16.0},{"not_picked":["Rebound","Chill+1"],"picked":"Sweeping Beam+1","floor":18.0},{"not_picked":["Fusion","Leap"],"picked":"Steam","floor":20.0},{"not_picked":["Gash","Consume"],"picked":"Stack+1","floor":21},{"not_picked":["Hologram","Hello World","Fusion"],"picked":"SKIP","floor":22},{"not_picked":["Capacitor+1","Redo+1"],"picked":"Thunder Strike","floor":27}],"player_experience":519653,"relics_obtained":[{"floor":9.0,"key":"Turnip"},{"floor":10.0,"key":"FossilizedHelix"}],"event_choices":[{"damage_healed":0.0,"max_hp_gain":0.0,"max_hp_loss":0.0,"gold_gain":0.0,"event_name":"Scrap Ooze","player_choice":"Success","floor":3.0,"gold_loss":0.0,"damage_taken":12.0,"relics_obtained":["The Courier"]},{"damage_healed":25.0,"max_hp_gain":0.0,"max_hp_loss":0.0,"gold_gain":0.0,"event_name":"Big Fish","player_choice":"Banana","floor":5.0,"gold_loss":0.0,"damage_taken":0.0},{"damage_healed":18.0,"max_hp_gain":0.0,"max_hp_loss":0.0,"gold_gain":0.0,"event_name":"Mushrooms","player_choice":"Healed and dodged fight","floor":11.0,"gold_loss":0.0,"damage_taken":0.0,"cards_obtained":["Parasite"]},{"damage_healed":0.0,"max_hp_gain":0.0,"max_hp_loss":0.0,"gold_gain":0.0,"cards_transformed":["Strike_B","Strike_B"],"event_name":"Drug Dealer","player_choice":"Became Test Subject","floor":19.0,"gold_loss":0.0,"damage_taken":0.0,"cards_obtained":["Sunder","Doom and Gloom"]},{"damage_healed":0,"gold_gain":0,"player_choice":"Became a vampire","damage_taken":0,"max_hp_gain":0,"max_hp_loss":23,"event_name":"Vampires","floor":24,"gold_loss":0,"cards_obtained":["Bite","Bite","Bite","Bite","Bite"]}],"is_beta":false,"boss_relics":[{"not_picked":["Tiny House","Astrolabe"],"picked":"Ectoplasm"}],"items_purged_floors":[],"is_endless":false,"potions_floor_spawned":[4,10,16,20,27],"killed_by":"3 Cultists","ascension_level":10}