{"gold_per_floor":[115,125,125,141,159,194,207,207,207,207,207,218,231,123,123,123],"floor_reached":16,"playtime":1235,"items_purged":["Strike_B"],"score":104,"play_id":"92a45ba7-1b21-4ad4-a1d5-50e14c678063","local_time":"20180920002546","is_ascension_mode":false,"campfire_choices":[{"data":"Defragment","floor":8,"key":"SMITH"},{"floor":11,"key":"REST"},{"data":"Zap","floor":15,"key":"SMITH"}],"neow_cost":"CURSE","seed_source_timestamp":390391190359862,"circlet_count":0,"master_deck":["Strike_B","Strike_B","Strike_B","Defend_B","Defend_B","Defend_B","Defend_B","Zap+1","Dualcast","Electrodynamics","Defragment+1","Creative AI","Self Repair","Coolheaded","Leap","Reinforced Body"],"relics":["Cracked Core","Potion Belt","Torii"],"potions_floor_usage":[],"damage_taken":[{"damage":1,"enemies":"Small Slimes","floor":1,"turns":3},{"damage":5,"enemies":"Cultist","floor":2,"turns":4},{"damage":6,"enemies":"Jaw Worm","floor":4,"turns":3},{"damage":9,"enemies":"Blue Slaver","floor":5,"turns":4},{"damage":22,"enemies":"3 Sentries","floor":6,"turns":3},{"damage":5,"enemies":"Gremlin Gang","floor":7,"turns":3},{"damage":0,"enemies":"Exordium Wildlife","floor":12,"turns":2},{"damage":2,"enemies":"Large Slime","floor":13,"turns":5},{"damage":45,"enemies":"The Guardian","floor":16,"turns":17}],"seed_played":"-8159525706719161849","potions_obtained":[{"floor":4,"key":"Energy Potion"},{"floor":5,"key":"PowerPotion"},{"floor":6,"key":"FearPotion"},{"floor":12,"key":"Energy Potion"}],"is_trial":false,"path_per_floor":["M","M","?","M","M","E","M","R","T","?","R","M","M","$","R"],"character_chosen":"DEFECT","items_purchased":["Reinforced Body"],"campfire_rested":1,"item_purchase_floors":[14],"current_hp_per_floor":[74,69,69,63,54,32,34,34,34,34,56,56,61,61,61,16],"gold":123,"neow_bonus":"THREE_RARE_CARDS","is_prod":false,"is_daily":false,"chose_seed":false,"campfire_upgraded":2,"win_rate":0.0,"timestamp":1537421146,"path_taken":["M","M","?","M","M","E","?","R","T","?","R","M","?","$","R","BOSS"],"build_version":"2018-09-06","purchased_purges":1,"victory":false,"max_hp_per_floor":[75,75,75,75,75,75,75,75,75,75,75,75,75,75,75,75],"card_choices":[{"not_picked":["Meteor Strike","Thunder Strike"],"picked":"Electrodynamics","floor":0},{"not_picked":["Redo","Turbo","Gash"],"picked":"SKIP","floor":1},{"not_picked":["Steam","Stack"],"picked":"Defragment","floor":2},{"not_picked":["Sweeping Beam","Hello World"],"picked":"Creative AI","floor":4},{"not_picked":["Rebound","Doom and Gloom"],"picked":"Self Repair","floor":5},{"not_picked":["Beam Cell","Redo"],"picked":"Coolheaded","floor":6},{"not_picked":["Stack","Consume","Leap"],"picked":"SKIP","floor":7},{"not_picked":["Compile Driver","Gash","Rebound"],"picked":"SKIP","floor":12},{"not_picked":["White Noise","Steam Power"],"picked":"Leap","floor":13}],"player_experience":56709,"relics_obtained":[{"floor":6,"key":"Potion Belt"},{"floor":9,"key":"Torii"}],"event_choices":[{"event_name":"Living Wall","player_choice":"Forget","floor":3,"damage_taken":0},{"event_name":"Liars Game","player_choice":"disagreed","floor":10,"damage_taken":0}],"is_beta":false,"boss_relics":[],"items_purged_floors":[14],"is_endless":false,"potions_floor_spawned":[4,5,6,12],"killed_by":"The Guardian","ascension_level":0}