{"gold_per_floor":[112,112,127,102,117,117,133,150,150,150,150],"floor_reached":11,"playtime":1094,"items_purged":[],"score":127,"play_id":"02fd09f2-f29f-49d0-9b10-4118c6f62a0d","local_time":"20190124080915","is_ascension_mode":true,"campfire_choices":[{"data":"Prepared","floor":6,"key":"SMITH"}],"neow_cost":"NONE","seed_source_timestamp":661563756995756,"circlet_count":0,"master_deck":["AscendersBane","Defend_G","Defend_G","Defend_G","Defend_G","Defend_G","Strike_G","Strike_G","Strike_G","Strike_G","Strike_G","Survivor","Neutralize","Dodge and Roll","Eviscerate","Finisher","Dagger Spray","Prepared+1","Well Laid Plans"],"relics":["Ring of the Snake","Bag of Marbles","Centennial Puzzle"],"potions_floor_usage":[11],"damage_taken":[{"damage":1,"enemies":"Small Slimes","floor":1,"turns":5},{"damage":9,"enemies":"Cultist","floor":3,"turns":5},{"damage":11,"enemies":"Jaw Worm","floor":5,"turns":6},{"damage":2,"enemies":"2 Fungi Beasts","floor":7,"turns":4},{"damage":27,"enemies":"Exordium Wildlife","floor":8,"turns":3},{"damage":4,"enemies":"Blue Slaver","floor":11,"turns":3}],"seed_played":"2327438155385791579","potions_obtained":[{"floor":1,"key":"GhostInAJar"},{"floor":3,"key":"Weak Potion"}],"is_trial":false,"path_per_floor":["?","$","M","?"],"character_chosen":"THE_SILENT","items_purchased":["Dagger Spray"],"campfire_rested":0,"item_purchase_floors":[4],"current_hp_per_floor":[58,58,49,49,38,38,36,9,9,4,0],"gold":150,"neow_bonus":"ONE_RANDOM_RARE_CARD","is_prod":false,"is_daily":false,"chose_seed":false,"campfire_upgraded":1,"win_rate":0,"timestamp":1548346155,"path_taken":["M","?","M","?","M","R","M","?","T","?","M"],"build_version":"2019-01-23","purchased_purges":0,"victory":false,"max_hp_per_floor":[66,66,66,66,66,66,66,66,66,66,66],"card_choices":[{"not_picked":["Choke","Reflex"],"picked":"Dodge and Roll","floor":1},{"not_picked":["Cloak And Dagger","Dodge and Roll"],"picked":"Finisher","floor":3},{"not_picked":["Distraction","Deadly Poison"],"picked":"Prepared","floor":5},{"not_picked":["Bane","Eviscerate","Catalyst"],"picked":"SKIP","floor":7},{"not_picked":["PiercingWail","Deadly Poison"],"picked":"Well Laid Plans","floor":8}],"player_experience":1739337,"relics_obtained":[{"floor":9,"key":"Bag of Marbles"}],"event_choices":[{"damage_healed":0,"gold_gain":0,"cards_transformed":["Doppelganger"],"player_choice":"Transformed","damage_taken":0,"max_hp_gain":0,"max_hp_loss":0,"event_name":"Transmorgrifier","floor":2,"gold_loss":0,"cards_obtained":["Eviscerate"]},{"damage_healed":0,"gold_gain":0,"player_choice":"Success","damage_taken":5,"relics_obtained":["Centennial Puzzle"],"max_hp_gain":0,"max_hp_loss":0,"event_name":"Scrap Ooze","floor":10,"gold_loss":0}],"is_beta":false,"boss_relics":[],"items_purged_floors":[],"is_endless":false,"potions_floor_spawned":[1,3,5,8],"killed_by":"Blue Slaver","ascension_level":19}