{"gold_per_floor":[117,117,117,117,133,167,180,199,199,199,212,247,263,273,273,349,349,366,366,281,281,297,297,314,314,314,324,324,324,324,357,357,436,436,452,452,471,344,362,362,362],"floor_reached":41,"playtime":7090,"items_purged":[],"score":855,"play_id":"aad39bca-7e5a-4a9d-9a89-dbc802591309","local_time":"20190104160140","is_ascension_mode":true,"campfire_choices":[{"data":"Metallicize","floor":10.0,"key":"SMITH"},{"floor":15,"key":"REST"},{"data":"Demon Form","floor":23,"key":"SMITH"},{"data":"Disarm","floor":25,"key":"SMITH"},{"data":"Sword Boomerang","floor":28,"key":"SMITH"},{"floor":32,"key":"REST"},{"floor":40,"key":"REST"}],"neow_cost":"NONE","seed_source_timestamp":0,"circlet_count":0,"master_deck":["AscendersBane","Strike_R","Strike_R+1","Strike_R","Defend_R","Defend_R","Defend_R+1","Defend_R","Bash","Disarm+1","Dropkick","Shockwave","Metallicize+1","Metallicize","Battle Trance","Inflame","Demon Form+1","Sword Boomerang+1","Rage","Disarm","Flame Barrier","Cleave","Twin Strike+1","Limit Break","Armaments","Dark Shackles","Disarm"],"special_seed":0,"relics":["Burning Blood","NeowsBlessing","Boot","Question Card","Bag of Preparation","Incense Burner","Velvet Choker","Torii","Blue Candle","Vajra","Empty Cage"],"potions_floor_usage":[12,16,29,33,35,39,41],"damage_taken":[{"damage":0.0,"enemies":"Jaw Worm","floor":1.0,"turns":1.0},{"damage":0.0,"enemies":"2 Louse","floor":5.0,"turns":1.0},{"damage":0.0,"enemies":"Lagavulin","floor":6.0,"turns":1.0},{"damage":8.0,"enemies":"Small Slimes","floor":7.0,"turns":4.0},{"damage":11.0,"enemies":"Exordium Wildlife","floor":8.0,"turns":5.0},{"damage":12.0,"enemies":"Exordium Thugs","floor":11.0,"turns":3.0},{"damage":14,"enemies":"Gremlin Nob","floor":12,"turns":4},{"damage":11,"enemies":"3 Louse","floor":13,"turns":4},{"damage":11,"enemies":"Lots of Slimes","floor":14,"turns":6},{"damage":6,"enemies":"Hexaghost","floor":16,"turns":8},{"damage":9,"enemies":"Shell Parasite","floor":18,"turns":5},{"damage":21,"enemies":"3 Byrds","floor":22,"turns":6},{"damage":1,"enemies":"Shelled Parasite and Fungi","floor":24,"turns":7},{"damage":1,"enemies":"Snake Plant","floor":27,"turns":5},{"damage":9,"enemies":"3 Cultists","floor":29,"turns":5},{"damage":20,"enemies":"Gremlin Leader","floor":31,"turns":6},{"damage":37,"enemies":"Automaton","floor":33,"turns":7},{"damage":16,"enemies":"Orb Walker","floor":35,"turns":5},{"damage":29,"enemies":"3 Darklings","floor":37,"turns":7},{"damage":9,"enemies":"Maw","floor":39,"turns":7},{"damage":58,"enemies":"Spire Growth","floor":41,"turns":3}],"seed_played":"4927643674342215411","potions_obtained":[{"floor":1.0,"key":"SkillPotion"},{"floor":7.0,"key":"Strength Potion"},{"floor":11.0,"key":"Poison Potion"},{"floor":13,"key":"SmokeBomb"},{"floor":14,"key":"Swift Potion"},{"floor":31,"key":"EssenceOfSteel"},{"floor":33,"key":"AttackPotion"},{"floor":35,"key":"LiquidBronze"},{"floor":39,"key":"Swift Potion"}],"is_trial":false,"path_per_floor":["M","?","?","?","M","E","M","M","T","R","M","E","M","M","R","B",null,"M","?","?","?","M","R","M","R","T","M","R","M","?","E","R","B",null,"M","?","M","$","M","R","M"],"character_chosen":"IRONCLAD","items_purchased":["Disarm","BloodPotion"],"campfire_rested":3,"item_purchase_floors":[38,38],"current_hp_per_floor":[74,51,16,41,47,53,51,46,46,46,40,32,27,22,44,44,67,64,64,64,64,49,49,54,54,54,59,59,56,56,42,64,33,65,55,55,32,32,36,58,0],"gold":362,"neow_bonus":"THREE_ENEMY_KILL","is_prod":false,"is_daily":false,"chose_seed":false,"campfire_upgraded":4,"win_rate":0,"timestamp":1546646500,"path_taken":["M","?","?","?","?","E","M","M","T","R","M","E","M","M","R","BOSS","M","?","?","?","M","R","M","R","T","M","R","M","?","E","R","BOSS","M","?","M","$","M","R","M"],"build_version":"2019-01-03v4","purchased_purges":0,"victory":false,"max_hp_per_floor":[75,75,75,75,75,75,75,75,75,75,75,75,75,75,75,75,75,75,75,75,75,75,75,75,75,75,75,75,75,75,75,75,75,75,75,75,75,75,75,75,75],"card_choices":[{"not_picked":["Shrug It Off","Headbutt"],"picked":"Disarm","floor":1.0},{"not_picked":["Sever Soul","Corruption"],"picked":"Dropkick","floor":5.0},{"not_picked":["True Grit","Flex"],"picked":"Shockwave","floor":6.0},{"not_picked":["Evolve","True Grit","Anger"],"picked":"Metallicize","floor":7.0},{"not_picked":["Power Through","Sentinel","Cleave"],"picked":"Metallicize","floor":8.0},{"not_picked":["Shockwave","Corruption","Whirlwind"],"picked":"Battle Trance","floor":11.0},{"not_picked":["True Grit","Headbutt","Shrug It Off"],"picked":"Inflame","floor":12},{"not_picked":["Second Wind","Hemokinesis","Body Slam"],"picked":"Demon Form","floor":13},{"not_picked":["Combust","Thunderclap","Sever Soul"],"picked":"Sword Boomerang","floor":14},{"not_picked":["Reckless Charge","Power Through","Clash+1"],"picked":"Rage","floor":18},{"not_picked":["Pummel+1","Evolve+1","Thunderclap"],"picked":"Flame Barrier","floor":22},{"not_picked":["Infernal Blade","Thunderclap+1","Rupture","Pommel Strike"],"picked":"SKIP","floor":24},{"not_picked":["Flex","Perfected Strike","Evolve"],"picked":"Cleave","floor":27},{"not_picked":["Warcry","Brutality","Shockwave"],"picked":"Twin Strike+1","floor":31},{"not_picked":["Fiend Fire","Barricade","Demon Form"],"picked":"Limit Break","floor":33},{"not_picked":["Bloodletting","Spot Weakness","True Grit"],"picked":"Armaments","floor":35},{"not_picked":["Apotheosis","Metamorphosis","Magnetism"],"picked":"Dark Shackles","floor":36},{"not_picked":["Thunderclap+1","Pommel Strike","Iron Wave","Perfected Strike+1"],"picked":"SKIP","floor":37},{"not_picked":["Pommel Strike+1","Corruption","Rupture","Evolve"],"picked":"SKIP","floor":39}],"player_experience":1650462,"relics_obtained":[{"floor":6.0,"key":"Question Card"},{"floor":9.0,"key":"Bag of Preparation"},{"floor":12,"key":"Incense Burner"},{"floor":26,"key":"Blue Candle"},{"floor":31,"key":"Vajra"}],"event_choices":[{"damage_healed":0.0,"max_hp_gain":0.0,"max_hp_loss":0.0,"gold_gain":0.0,"event_name":"Shining Light","player_choice":"Entered Light","floor":2.0,"gold_loss":0.0,"damage_taken":23.0,"cards_upgraded":["Defend_R","Strike_R"]},{"damage_healed":0.0,"max_hp_gain":0.0,"max_hp_loss":0.0,"gold_gain":0.0,"event_name":"Scrap Ooze","player_choice":"Success","floor":3.0,"gold_loss":0.0,"damage_taken":35.0,"relics_obtained":["Boot"]},{"damage_healed":25.0,"max_hp_gain":0.0,"max_hp_loss":0.0,"gold_gain":0.0,"event_name":"Big Fish","player_choice":"Banana","floor":4.0,"gold_loss":0.0,"damage_taken":0.0},{"damage_healed":0,"gold_gain":0,"player_choice":"Read","damage_taken":0,"max_hp_gain":0,"max_hp_loss":0,"event_name":"The Library","floor":19,"gold_loss":0,"cards_obtained":["Disarm"]},{"damage_healed":0,"gold_gain":0,"player_choice":"Obtained Relic","damage_taken":0,"relics_obtained":["Torii"],"max_hp_gain":0,"max_hp_loss":0,"event_name":"Addict","floor":20,"gold_loss":85},{"damage_healed":0,"gold_gain":0,"player_choice":"Ignored","damage_taken":0,"max_hp_gain":0,"max_hp_loss":0,"event_name":"Vampires","floor":21,"gold_loss":0},{"damage_healed":0,"gold_gain":0,"player_choice":"Ignored","damage_taken":0,"max_hp_gain":0,"max_hp_loss":0,"event_name":"The Mausoleum","floor":30,"gold_loss":0},{"damage_healed":0,"gold_gain":0,"player_choice":"Memory 1","damage_taken":0,"max_hp_gain":0,"max_hp_loss":0,"event_name":"SensoryStone","floor":36,"gold_loss":0}],"is_beta":false,"boss_relics":[{"not_picked":["Philosopher\u0027s Stone","Coffee Dripper"],"picked":"Velvet Choker"},{"not_picked":["Black Star","Lizard Tail"],"picked":"Empty Cage"}],"items_purged_floors":[],"is_endless":false,"potions_floor_spawned":[1,7,11,13,14,29,31,33,35,39],"killed_by":"Spire Growth","ascension_level":18}