{"gold_per_floor":[115,65,65,65,80,106,106,126,126,126,152,169,180,0,0,0],"floor_reached":16,"playtime":458,"items_purged":[],"score":149,"play_id":"909b0d3c-e6f8-4b5c-bc93-0957a2c9c4d3","local_time":"20181230174440","is_ascension_mode":true,"campfire_choices":[{"floor":7,"key":"REST"},{"data":"Defragment","floor":15,"key":"SMITH"}],"neow_cost":"NONE","seed_source_timestamp":818653683861873,"circlet_count":0,"master_deck":["Strike_B+1","Strike_B","Strike_B","Strike_B","Defend_B","Defend_B+1","Defend_B","Defend_B","Zap+1","Streamline+1","Heatsinks","Rebound","Sweeping Beam","Ball Lightning","Conserve Battery","Rebound","Defragment+1","Heatsinks"],"relics":["Cracked Core","The Courier","War Paint","Bottled Flame","Vajra","Membership Card"],"potions_floor_usage":[12,13],"damage_taken":[{"damage":0,"enemies":"2 Louse","floor":1,"turns":2},{"damage":7,"enemies":"Jaw Worm","floor":5,"turns":3},{"damage":25,"enemies":"3 Sentries","floor":6,"turns":6},{"damage":0,"enemies":"Cultist","floor":8,"turns":2},{"damage":8,"enemies":"Gremlin Nob","floor":11,"turns":3},{"damage":0,"enemies":"Looter","floor":12,"turns":2},{"damage":25,"enemies":"Exordium Thugs","floor":13,"turns":4},{"damage":16,"enemies":"The Guardian","floor":16,"turns":3}],"seed_played":"3833800292265659627","potions_obtained":[{"floor":1,"key":"PowerPotion"},{"floor":8,"key":"FocusPotion"},{"floor":11,"key":"Block Potion"}],"is_trial":false,"path_per_floor":["M","?","$","?","M","E","R","M","T","T","E","M","M","$","R","B"],"character_chosen":"DEFECT","items_purchased":["Membership Card","Heatsinks"],"campfire_rested":1,"item_purchase_floors":[14,14],"current_hp_per_floor":[68,68,68,53,46,21,43,43,43,43,35,35,10,10,10,0],"gold":0,"neow_bonus":"THREE_CARDS","is_prod":false,"is_daily":false,"chose_seed":false,"campfire_upgraded":1,"win_rate":0,"timestamp":1546213480,"path_taken":["M","?","$","?","M","E","R","M","T","?","E","M","?","?","R","BOSS"],"build_version":"2018-12-20","purchased_purges":0,"victory":false,"max_hp_per_floor":[75,75,75,75,75,75,75,75,75,75,75,75,75,75,75,75],"card_choices":[{"not_picked":["Stack","Doom and Gloom"],"picked":"Streamline","floor":0},{"not_picked":["Steam Power","Skim"],"picked":"Heatsinks","floor":1},{"not_picked":["Stack","Sweeping Beam"],"picked":"Rebound","floor":5},{"not_picked":["Gash","Compile Driver"],"picked":"Sweeping Beam","floor":6},{"not_picked":["Go for the Eyes","Hologram"],"picked":"Ball Lightning","floor":8},{"not_picked":["Stack","Turbo"],"picked":"Conserve Battery","floor":11},{"not_picked":["Turbo","Go for the Eyes"],"picked":"Rebound","floor":12},{"not_picked":["Compile Driver","Rebound"],"picked":"Defragment","floor":13}],"player_experience":353284,"relics_obtained":[{"floor":6,"key":"The Courier"},{"floor":9,"key":"War Paint"},{"floor":10,"key":"Bottled Flame"},{"floor":11,"key":"Vajra"}],"event_choices":[{"cards_removed":["Dualcast"],"damage_healed":0,"gold_gain":0,"player_choice":"Card Removal","damage_taken":0,"max_hp_gain":0,"max_hp_loss":0,"event_name":"The Cleric","floor":2,"gold_loss":50},{"damage_healed":0,"gold_gain":0,"player_choice":"Entered Light","damage_taken":15,"max_hp_gain":0,"max_hp_loss":0,"event_name":"Shining Light","floor":4,"gold_loss":0,"cards_upgraded":["Strike_B","Streamline"]}],"is_beta":false,"boss_relics":[],"items_purged_floors":[],"is_endless":false,"potions_floor_spawned":[1,8,11],"killed_by":"The Guardian","ascension_level":7}