{"gold_per_floor":[15,15,15,31,31,31,41,41,41,68,88,100,114,132,132,211,211,228,6,26,76,76],"floor_reached":22,"playtime":1628,"items_purged":[],"score":376,"play_id":"ef2bca44-403d-4adb-8772-6b8966ad485c","local_time":"20190205074344","is_ascension_mode":true,"campfire_choices":[{"data":"Zap","floor":6.0,"key":"SMITH"},{"data":"Streamline","floor":8.0,"key":"SMITH"},{"floor":15.0,"key":"REST"}],"neow_cost":"NO_GOLD","seed_source_timestamp":0,"circlet_count":0,"master_deck":["AscendersBane","Strike_B","Strike_B","Strike_B","Strike_B","Defend_B","Defend_B","Defend_B","Defend_B","Zap+1","Dualcast","Echo Form","Ball Lightning","Reinforced Body","Streamline+1","Conserve Battery","Fission","Hologram","Creative AI"],"special_seed":0,"relics":["Cracked Core","Bronze Scales","Pocketwatch","Bottled Flame","Busted Crown","Chemical X"],"potions_floor_usage":[22],"damage_taken":[{"damage":9.0,"enemies":"Jaw Worm","floor":1.0,"turns":4.0},{"damage":4.0,"enemies":"2 Louse","floor":4.0,"turns":2.0},{"damage":0.0,"enemies":"Cultist","floor":7.0,"turns":3.0},{"damage":5.0,"enemies":"3 Sentries","floor":10.0,"turns":5.0},{"damage":3.0,"enemies":"3 Louse","floor":11.0,"turns":2.0},{"damage":8.0,"enemies":"Exordium Wildlife","floor":12.0,"turns":4.0},{"damage":5.0,"enemies":"Large Slime","floor":13.0,"turns":4.0},{"damage":11.0,"enemies":"Gremlin Gang","floor":14.0,"turns":4.0},{"damage":17.0,"enemies":"Slime Boss","floor":16.0,"turns":7.0},{"damage":35,"enemies":"3 Byrds","floor":18,"turns":4},{"damage":19,"enemies":"2 Thieves","floor":20,"turns":4},{"damage":5,"enemies":"Sentry and Sphere","floor":22,"turns":5}],"seed_played":"7825460811428583034","potions_obtained":[{"floor":4.0,"key":"Block Potion"},{"floor":7.0,"key":"AttackPotion"},{"floor":11.0,"key":"PowerPotion"},{"floor":18,"key":"Swift Potion"}],"is_trial":false,"path_per_floor":["M","?","?","M","$","R","M","R","T","E","M","M","M","M","R","B",null,"M","$","M","?","M"],"character_chosen":"DEFECT","items_purchased":["Chemical X"],"campfire_rested":1,"item_purchase_floors":[19],"current_hp_per_floor":[55,55,37,33,33,33,33,33,33,28,25,17,12,1,22,5,55,20,20,1,1,0],"gold":76,"neow_bonus":"THREE_RARE_CARDS","is_prod":false,"is_daily":false,"chose_seed":false,"campfire_upgraded":2,"win_rate":0,"timestamp":1549381424,"path_taken":["M","?","?","M","?","R","M","R","T","E","?","M","M","?","R","BOSS","M","$","M","?","M"],"build_version":"2019-01-23","purchased_purges":0,"victory":false,"max_hp_per_floor":[71,71,71,71,71,71,71,71,71,71,71,71,71,71,71,71,71,71,71,71,71,71],"card_choices":[{"not_picked":["Hyperbeam","Thunder Strike"],"picked":"Echo Form","floor":0.0},{"not_picked":["Gash","Beam Cell"],"picked":"Ball Lightning","floor":1.0},{"not_picked":["Turbo","Scrape"],"picked":"Reinforced Body","floor":4.0},{"not_picked":["Hologram","Redo"],"picked":"Streamline","floor":7.0},{"not_picked":["Consume","Double Energy","Sunder"],"picked":"SKIP","floor":10.0},{"not_picked":["Compile Driver","Turbo"],"picked":"Conserve Battery","floor":11.0},{"not_picked":["Sweeping Beam","Consume"],"picked":"Fission","floor":12.0},{"not_picked":["Rebound","Gash"],"picked":"Hologram","floor":13.0},{"not_picked":["Streamline","Consume","Stack"],"picked":"SKIP","floor":14.0},{"not_picked":["Thunder Strike","Amplify"],"picked":"Creative AI","floor":16.0},{"not_picked":["Sweeping Beam"],"picked":"SKIP","floor":18},{"not_picked":["Melter"],"picked":"SKIP","floor":20}],"player_experience":1814157,"relics_obtained":[{"floor":9.0,"key":"Pocketwatch"},{"floor":10.0,"key":"Bottled Flame"}],"event_choices":[{"damage_healed":0.0,"max_hp_gain":0.0,"max_hp_loss":0.0,"gold_gain":0.0,"event_name":"Liars Game","player_choice":"Ignored","floor":2.0,"gold_loss":0.0,"damage_taken":0.0},{"damage_healed":0.0,"max_hp_gain":0.0,"max_hp_loss":0.0,"gold_gain":0.0,"event_name":"Scrap Ooze","player_choice":"Success","floor":3.0,"gold_loss":0.0,"damage_taken":18.0,"relics_obtained":["Bronze Scales"]},{"damage_healed":0,"gold_gain":50,"player_choice":"Stole From Cult","damage_taken":0,"max_hp_gain":0,"max_hp_loss":0,"event_name":"Nest","floor":21,"gold_loss":0}],"is_beta":false,"boss_relics":[{"not_picked":["Fusion Hammer","Orrery"],"picked":"Busted Crown"}],"items_purged_floors":[],"is_endless":false,"potions_floor_spawned":[4,7,11,18],"killed_by":"Sentry and Sphere","ascension_level":20}