{"gold_per_floor":[113,128,144,162,84,99,112,112,112,142,152,197,197,197,197,321,621,646,110,123,123,123],"floor_reached":22,"playtime":1497,"items_purged":["Writhe"],"score":188,"play_id":"f4ac8bf9-147a-4768-be46-69932a3aa329","local_time":"20181124010348","is_ascension_mode":false,"campfire_choices":[{"data":"Caltrops","floor":8,"key":"SMITH"},{"floor":13,"key":"REST"},{"data":"Crippling Poison","floor":15,"key":"SMITH"}],"neow_cost":"NONE","seed_source_timestamp":186321367179307,"circlet_count":0,"master_deck":["Defend_G+1","Defend_G","Defend_G","Defend_G+1","Defend_G","Strike_G","Strike_G","Strike_G","Strike_G","Strike_G","Survivor","Neutralize","Cloak And Dagger","Crippling Poison+1","Acrobatics","Accuracy","Caltrops+1","Bane","Slice","Expertise","Dodge and Roll","Injury","After Image","Regret","Clumsy","Sucker Punch","Finesse","Sadistic Nature","All Out Attack","Dodge and Roll+1"],"relics":["Ring of the Snake","NeowsBlessing","The Courier","Bag of Marbles","Regal Pillow","Golden Idol","Calling Bell","Old Coin","Ninja Scroll","War Paint","Gambling Chip"],"potions_floor_usage":[16,22,22],"damage_taken":[{"damage":0,"enemies":"Cultist","floor":1,"turns":1},{"damage":0,"enemies":"Jaw Worm","floor":2,"turns":1},{"damage":0,"enemies":"Small Slimes","floor":3,"turns":1},{"damage":0,"enemies":"Red Slaver","floor":4,"turns":6},{"damage":4,"enemies":"Exordium Wildlife","floor":6,"turns":6},{"damage":0,"enemies":"Blue Slaver","floor":7,"turns":5},{"damage":27,"enemies":"Lagavulin","floor":10,"turns":8},{"damage":5,"enemies":"2 Fungi Beasts","floor":11,"turns":3},{"damage":56,"enemies":"The Guardian","floor":16,"turns":15},{"damage":31,"enemies":"Chosen","floor":18,"turns":5},{"damage":17,"enemies":"2 Thieves","floor":20,"turns":4},{"damage":22,"enemies":"Cultist and Chosen","floor":22,"turns":6}],"seed_played":"-8063208207210055522","potions_obtained":[{"floor":2,"key":"SkillPotion"},{"floor":10,"key":"EssenceOfSteel"},{"floor":16,"key":"LiquidBronze"},{"floor":18,"key":"Poison Potion"}],"is_trial":false,"path_per_floor":["M","M","M","M","$","M","M","R","T","E","M","T","R","?","R","B",null,"M","$","M","?","M"],"character_chosen":"THE_SILENT","items_purchased":["Caltrops","Finesse","Sadistic Nature","All Out Attack","Gambling Chip"],"campfire_rested":1,"item_purchase_floors":[5,19,19,19,19],"current_hp_per_floor":[70,70,70,70,70,66,66,66,66,39,34,34,70,70,70,14,70,39,39,22,22,0],"gold":123,"neow_bonus":"THREE_ENEMY_KILL","is_prod":false,"is_daily":false,"chose_seed":false,"campfire_upgraded":2,"win_rate":0.0,"timestamp":1543039428,"path_taken":["M","M","M","M","?","M","M","R","T","E","?","?","R","?","R","BOSS","M","$","M","?","M"],"build_version":"2018-11-15","purchased_purges":1,"victory":false,"max_hp_per_floor":[70,70,70,70,70,70,70,70,70,70,70,70,70,70,70,70,70,70,70,70,70,70],"card_choices":[{"not_picked":["Sucker Punch","Prepared"],"picked":"Cloak And Dagger","floor":1},{"not_picked":["Deflect","Backstab"],"picked":"Crippling Poison","floor":2},{"not_picked":["Terror","Tactician"],"picked":"Acrobatics","floor":3},{"not_picked":["Terror","Outmaneuver"],"picked":"Accuracy","floor":4},{"not_picked":["Backflip","Leg Sweep"],"picked":"Bane","floor":6},{"not_picked":["Tactician","Terror"],"picked":"Slice","floor":7},{"not_picked":["Tactician","Terror"],"picked":"Expertise","floor":10},{"not_picked":["Skewer","Infinite Blades"],"picked":"Dodge and Roll","floor":11},{"not_picked":["Storm of Steel","Doppelganger"],"picked":"After Image","floor":16},{"not_picked":["PiercingWail","Prepared"],"picked":"Sucker Punch","floor":18},{"not_picked":["Catalyst","Prepared+1"],"picked":"Dodge and Roll+1","floor":20}],"player_experience":73553,"relics_obtained":[{"floor":9,"key":"The Courier"},{"floor":10,"key":"Bag of Marbles"},{"floor":12,"key":"Regal Pillow"},{"floor":17,"key":"Old Coin"},{"floor":17,"key":"Ninja Scroll"},{"floor":17,"key":"War Paint"}],"event_choices":[{"damage_healed":0,"gold_gain":0,"player_choice":"Take Wound","damage_taken":0,"relics_obtained":["Golden Idol"],"max_hp_gain":0,"max_hp_loss":0,"event_name":"Golden Idol","floor":14,"gold_loss":0,"cards_obtained":["Injury"]},{"damage_healed":0,"gold_gain":0,"player_choice":"Ignored","damage_taken":0,"max_hp_gain":0,"max_hp_loss":0,"event_name":"Ghosts","floor":21,"gold_loss":0}],"is_beta":false,"boss_relics":[{"not_picked":["Empty Cage","Orrery"],"picked":"Calling Bell"}],"items_purged_floors":[19],"is_endless":false,"potions_floor_spawned":[2,10,16,18],"killed_by":"Cultist and Chosen","ascension_level":0}