{"gold_per_floor":[117,37,52,72,222,248,248,278,278,305,70,70,81,94,94,169,169,187,187],"floor_reached":19,"playtime":2750,"items_purged":["Doubt"],"score":337,"play_id":"a2d6bf1f-f500-4543-8e5d-f4cea88f48e0","local_time":"20190126200526","is_ascension_mode":true,"campfire_choices":[{"floor":7,"key":"REST"},{"floor":12,"key":"REST"},{"data":"Zap","floor":15,"key":"SMITH"}],"neow_cost":"NONE","seed_source_timestamp":289609379453721,"circlet_count":0,"master_deck":["AscendersBane","Strike_B","Strike_B","Strike_B","Strike_B","Defend_B","Defend_B","Defend_B","Defend_B","Zap+1","Dualcast","Reinforced Body","Glacier","Capacitor","Compile Driver","Defragment","Machine Learning","Capacitor","Conserve Battery","Leap","Creative AI","Compile Driver"],"relics":["Cracked Core","Vajra","Sundial","Bottled Lightning","Emotion Chip","Regal Pillow","Philosopher\u0027s Stone"],"potions_floor_usage":[8,10,19],"damage_taken":[{"damage":0,"enemies":"Cultist","floor":1,"turns":3},{"damage":0,"enemies":"2 Louse","floor":3,"turns":3},{"damage":1,"enemies":"Jaw Worm","floor":4,"turns":4},{"damage":59,"enemies":"3 Sentries","floor":6,"turns":8},{"damage":1,"enemies":"Lagavulin","floor":8,"turns":9},{"damage":1,"enemies":"3 Sentries","floor":10,"turns":12},{"damage":16,"enemies":"Exordium Wildlife","floor":13,"turns":5},{"damage":0,"enemies":"Blue Slaver","floor":14,"turns":4},{"damage":16,"enemies":"The Guardian","floor":16,"turns":13},{"damage":15,"enemies":"Spheric Guardian","floor":18,"turns":5},{"damage":46,"enemies":"Masked Bandits","floor":19,"turns":3}],"seed_played":"7046465786959769634","potions_obtained":[{"floor":1,"key":"Weak Potion"},{"floor":8,"key":"Dexterity Potion"},{"floor":13,"key":"EssenceOfSteel"}],"is_trial":false,"path_per_floor":["M","$","M","M","?","E","R","E","T","E","$","R","M","M","R","B",null,"M","?"],"character_chosen":"DEFECT","items_purchased":["Capacitor","Regal Pillow"],"campfire_rested":2,"item_purchase_floors":[2,11],"current_hp_per_floor":[64,64,64,63,63,4,25,24,24,23,23,59,43,43,43,27,60,45,0],"gold":187,"neow_bonus":"THREE_CARDS","is_prod":false,"is_daily":false,"chose_seed":false,"campfire_upgraded":1,"win_rate":0,"timestamp":1548558326,"path_taken":["M","$","?","M","?","E","R","E","T","E","?","R","M","M","R","BOSS","M","?"],"build_version":"2019-01-23","purchased_purges":1,"victory":false,"max_hp_per_floor":[71,71,71,71,71,71,71,71,71,71,71,71,71,71,71,71,71,71,71],"card_choices":[{"not_picked":["Stack","Double Energy"],"picked":"Reinforced Body","floor":0},{"not_picked":["Beam Cell","Conserve Battery"],"picked":"Glacier","floor":1},{"not_picked":["Barrage","Turbo"],"picked":"Compile Driver","floor":3},{"not_picked":["Hologram","Static Discharge"],"picked":"Defragment","floor":4},{"not_picked":["Leap","Loop"],"picked":"Machine Learning","floor":6},{"not_picked":["Redo","Coolheaded"],"picked":"Capacitor","floor":8},{"not_picked":["Darkness","Beam Cell","Turbo"],"picked":"SKIP","floor":10},{"not_picked":["Beam Cell","Gash"],"picked":"Conserve Battery","floor":13},{"not_picked":["Redo","Loop"],"picked":"Leap","floor":14},{"not_picked":["All For One","Reboot"],"picked":"Creative AI","floor":16},{"not_picked":["Stack","Heatsinks"],"picked":"Compile Driver","floor":18}],"player_experience":749110,"relics_obtained":[{"floor":6,"key":"Vajra"},{"floor":8,"key":"Sundial"},{"floor":9,"key":"Bottled Lightning"},{"floor":10,"key":"Emotion Chip"}],"event_choices":[{"damage_healed":0,"gold_gain":150,"player_choice":"AGREE","damage_taken":0,"max_hp_gain":0,"max_hp_loss":0,"event_name":"Liars Game","floor":5,"gold_loss":0,"cards_obtained":["Doubt"]},{"damage_healed":0,"gold_gain":0,"player_choice":"Fought Bandits","damage_taken":0,"max_hp_gain":0,"max_hp_loss":0,"event_name":"Masked Bandits","floor":19,"gold_loss":0}],"is_beta":false,"boss_relics":[{"not_picked":["Coffee Dripper","Fusion Hammer"],"picked":"Philosopher\u0027s Stone"}],"items_purged_floors":[11],"is_endless":false,"potions_floor_spawned":[1,8,13],"killed_by":"Masked Bandits","ascension_level":16}