{"gold_per_floor":[115,131,206,206,206,231,231,258,337,354,324,383,399,417,417,492,492,509,521,535,136,136],"floor_reached":22,"playtime":869,"items_purged":["Defend_R"],"score":512,"play_id":"8b49ac87-66d0-4302-b699-73bf9becff7a","local_time":"20181105202849","is_ascension_mode":true,"campfire_choices":[{"data":"Fiend Fire","floor":7,"key":"SMITH"},{"data":"Evolve","floor":15,"key":"SMITH"}],"neow_cost":"NONE","seed_source_timestamp":643779865609122,"circlet_count":0,"master_deck":["Strike_R","Strike_R","Defend_R","Defend_R","Defend_R","Bash+1","AscendersBane","Shrug It Off","Cleave","Fiend Fire+1","Evolve+1","Feed","Warcry","Shrug It Off","Demon Form","Ghostly Armor","True Grit","Metallicize"],"relics":["Burning Blood","NeowsBlessing","Vajra","Ornamental Fan","Question Card","Tiny Chest","Empty Cage","Membership Card","Bronze Scales"],"potions_floor_usage":[11,12,16,18,20],"damage_taken":[{"damage":0,"enemies":"Cultist","floor":1,"turns":1},{"damage":0,"enemies":"Jaw Worm","floor":2,"turns":1},{"damage":0,"enemies":"Lagavulin","floor":6,"turns":1},{"damage":0,"enemies":"Gremlin Nob","floor":8,"turns":2},{"damage":3,"enemies":"Small Slimes","floor":10,"turns":2},{"damage":2,"enemies":"3 Sentries","floor":12,"turns":7},{"damage":2,"enemies":"2 Fungi Beasts","floor":13,"turns":3},{"damage":0,"enemies":"Gremlin Gang","floor":14,"turns":5},{"damage":45,"enemies":"The Guardian","floor":16,"turns":12},{"damage":31,"enemies":"Shell Parasite","floor":18,"turns":11},{"damage":40,"enemies":"Chosen","floor":19,"turns":6},{"damage":19,"enemies":"Sentry and Sphere","floor":20,"turns":13},{"damage":16,"enemies":"3 Cultists","floor":22,"turns":3}],"seed_played":"7502647917183132888","potions_obtained":[{"floor":2,"key":"BloodPotion"},{"floor":8,"key":"SkillPotion"},{"floor":11,"key":"Fruit Juice"},{"floor":11,"key":"Energy Potion"},{"floor":13,"key":"Strength Potion"},{"floor":18,"key":"Ancient Potion"}],"is_trial":false,"path_per_floor":["M","M","?","?","?","E","R","E","T","M","?","E","M","M","R","B",null,"M","M","M","$","M"],"character_chosen":"IRONCLAD","items_purchased":["Membership Card","Bronze Scales","Dexterity Potion","Metallicize"],"campfire_rested":0,"item_purchase_floors":[21,21,21,21],"current_hp_per_floor":[74,75,64,64,57,63,63,69,69,72,77,80,83,86,86,47,76,54,20,10,10,0],"gold":136,"neow_bonus":"THREE_ENEMY_KILL","is_prod":false,"is_daily":false,"chose_seed":false,"campfire_upgraded":2,"win_rate":0,"timestamp":1541467729,"path_taken":["M","?","?","?","?","E","R","E","T","M","?","E","M","M","R","BOSS","M","M","M","$","?"],"build_version":"2018-10-30","purchased_purges":1,"victory":false,"max_hp_per_floor":[75,75,75,75,75,75,75,75,75,75,80,80,83,86,86,86,86,89,89,92,92,92],"card_choices":[{"not_picked":["Wild Strike","Anger"],"picked":"Shrug It Off","floor":1},{"not_picked":["Twin Strike","Dual Wield"],"picked":"Cleave","floor":2},{"not_picked":["Blood for Blood","Pommel Strike"],"picked":"Fiend Fire","floor":6},{"not_picked":["Anger","Dropkick","Clash"],"picked":"SKIP","floor":8},{"not_picked":["Twin Strike","Body Slam","Clash"],"picked":"Evolve","floor":10},{"not_picked":["Warcry","Fire Breathing","Clothesline"],"picked":"Feed","floor":12},{"not_picked":["Entrench","Cleave","Reckless Charge"],"picked":"Warcry","floor":13},{"not_picked":["Searing Blow","Armaments","Pummel"],"picked":"Shrug It Off","floor":14},{"not_picked":["Offering","Exhume","Brutality"],"picked":"Demon Form","floor":16},{"not_picked":["Iron Wave","Second Wind","Wild Strike","Warcry"],"picked":"SKIP","floor":18},{"not_picked":["Body Slam","Juggernaut","Searing Blow"],"picked":"Ghostly Armor","floor":19},{"not_picked":["Clash","Headbutt","Anger"],"picked":"True Grit","floor":20}],"player_experience":921673,"relics_obtained":[{"floor":6,"key":"Vajra"},{"floor":8,"key":"Ornamental Fan"},{"floor":9,"key":"Question Card"},{"floor":12,"key":"Tiny Chest"}],"event_choices":[{"damage_healed":0,"gold_gain":75,"player_choice":"Gather Gold","damage_taken":11,"max_hp_gain":0,"max_hp_loss":0,"event_name":"World of Goop","floor":3,"gold_loss":0},{"damage_healed":0,"gold_gain":0,"player_choice":"Grow","damage_taken":0,"max_hp_gain":0,"max_hp_loss":0,"event_name":"Living Wall","floor":4,"gold_loss":0,"cards_upgraded":["Bash"]},{"cards_removed":["Strike_R"],"damage_healed":0,"gold_gain":0,"player_choice":"Card Removal","damage_taken":7,"max_hp_gain":0,"max_hp_loss":0,"event_name":"Golden Wing","floor":5,"gold_loss":0},{"damage_healed":0,"gold_gain":0,"player_choice":"Bought 2 Potions","damage_taken":0,"max_hp_gain":0,"max_hp_loss":0,"event_name":"The Woman in Blue","floor":11,"gold_loss":0}],"is_beta":true,"boss_relics":[{"not_picked":["Runic Dome","Calling Bell"],"picked":"Empty Cage"}],"items_purged_floors":[21],"is_endless":false,"potions_floor_spawned":[2,8,13,18],"killed_by":"3 Cultists","ascension_level":20}