{"gold_per_floor":[116,291,366,60,60,91,91,116,167,167,167,167,184,24,24,129,129,101,119,45,45,64,64,89,89,89,100,115,115,131,131,131,232,232,250,250,46,46,46,46,62,77,104,104,14,33,33,45,45,45],"floor_reached":50,"playtime":4120,"items_purged":["Doubt"],"score":764,"play_id":"a9a549c8-f6bf-4f6b-84ed-1aed0bb29833","local_time":"20190105225407","is_ascension_mode":true,"campfire_choices":[{"data":"Zap","floor":7.0,"key":"SMITH"},{"floor":11.0,"key":"REST"},{"data":"Buffer","floor":15.0,"key":"SMITH"},{"data":"Buffer","floor":23,"key":"SMITH"},{"data":"Turbo","floor":25,"key":"SMITH"},{"data":"Creative AI","floor":29,"key":"SMITH"},{"data":"J.A.X.","floor":32,"key":"SMITH"},{"data":"Thunder Strike","floor":44,"key":"SMITH"},{"data":"Buffer","floor":47,"key":"SMITH"},{"data":"Amplify","floor":49,"key":"SMITH"}],"neow_cost":"NONE","seed_source_timestamp":0,"circlet_count":0,"master_deck":["Strike_B","Defend_B+1","Defend_B","Defend_B","Defend_B","Zap+1","Dualcast+1","Amplify+1","Streamline","Self Repair","Echo Form","Self Repair","Turbo+1","Buffer+1","Creative AI+1","Skim","Static Discharge","Buffer+1","Genetic Algorithm","Double Energy+1","Loop","Biased Cognition","Ball Lightning+1","J.A.X.+1","Thunder Strike+1","Scrape+1","Forethought","Glacier","Doom and Gloom","Parasite","Buffer+1","Defragment+1"],"special_seed":0,"relics":["Cracked Core","Happy Flower","Question Card","Centennial Puzzle","DataDisk","Potion Belt","Snecko Eye","Bottled Flame","Blue Candle","Inserter","Lee\u0027s Waffle","Ancient Tea Set"],"potions_floor_usage":[28,28,33,40,41,50,50,50],"damage_taken":[{"damage":4.0,"enemies":"Jaw Worm","floor":1.0,"turns":3.0},{"damage":35.0,"enemies":"Lagavulin","floor":6.0,"turns":7.0},{"damage":20.0,"enemies":"3 Sentries","floor":8.0,"turns":7.0},{"damage":0.0,"enemies":"2 Louse","floor":13.0,"turns":1.0},{"damage":0.0,"enemies":"Slime Boss","floor":16.0,"turns":10.0},{"damage":17.0,"enemies":"2 Thieves","floor":18.0,"turns":5.0},{"damage":44,"enemies":"Shell Parasite","floor":19,"turns":7},{"damage":20,"enemies":"Centurion and Healer","floor":22,"turns":6},{"damage":32,"enemies":"Gremlin Leader","floor":24,"turns":10},{"damage":15,"enemies":"Shelled Parasite and Fungi","floor":27,"turns":6},{"damage":18,"enemies":"Sentry and Sphere","floor":28,"turns":8},{"damage":8,"enemies":"Snake Plant","floor":30,"turns":4},{"damage":67,"enemies":"Automaton","floor":33,"turns":9},{"damage":20,"enemies":"3 Shapes","floor":35,"turns":5},{"damage":58,"enemies":"Nemesis","floor":40,"turns":6},{"damage":30,"enemies":"3 Darklings","floor":41,"turns":5},{"damage":12,"enemies":"Spire Growth","floor":42,"turns":8},{"damage":0,"enemies":"Writhing Mass","floor":46,"turns":8},{"damage":2,"enemies":"Jaw Worm Horde","floor":48,"turns":5},{"damage":69,"enemies":"Awakened One","floor":50,"turns":7}],"seed_played":"3763748692507590832","potions_obtained":[{"floor":6.0,"key":"Swift Potion"},{"floor":8.0,"key":"Dexterity Potion"},{"floor":18.0,"key":"Swift Potion"},{"floor":19,"key":"SmokeBomb"},{"floor":27,"key":"Fire Potion"},{"floor":30,"key":"SkillPotion"},{"floor":33,"key":"GamblersBrew"},{"floor":35,"key":"Explosive Potion"},{"floor":41,"key":"Energy Potion"},{"floor":48,"key":"FearPotion"}],"is_trial":false,"path_per_floor":["M","?","?","$","?","E","R","E","T","?","R","?","M","$","R","B",null,"M","M","$","?","M","R","E","R","T","M","M","R","M","?","R","B",null,"M","?","$","?","?","E","M","M","T","R","?","M","R","M","R","B"],"character_chosen":"DEFECT","items_purchased":["Self Repair","Happy Flower","Buffer","Buffer","Lee\u0027s Waffle"],"campfire_rested":1,"item_purchase_floors":[4,4,14,20,37],"current_hp_per_floor":[64,64,53,53,50,22,22,9,9,9,31,31,38,38,38,59,71,75,59,59,59,60,60,56,56,56,62,65,65,75,75,75,15,60,54,54,82,82,82,45,36,45,45,45,45,66,66,64,64,0],"gold":45,"neow_bonus":"ONE_RANDOM_RARE_CARD","is_prod":false,"is_daily":false,"chose_seed":false,"campfire_upgraded":9,"win_rate":0,"timestamp":1546750447,"path_taken":["M","?","?","$","?","E","R","E","T","?","R","?","M","?","R","BOSS","M","M","$","?","M","R","E","R","T","M","M","R","M","?","R","BOSS","M","?","$","?","?","E","?","M","T","R","?","M","R","?","R","BOSS"],"build_version":"2019-01-03v4","purchased_purges":1,"victory":false,"max_hp_per_floor":[75,75,75,75,75,75,75,75,75,75,75,75,75,75,75,75,75,75,75,75,75,75,75,75,75,75,75,75,75,75,75,75,75,75,75,75,82,82,82,82,82,82,82,82,82,82,82,82,82,82],"card_choices":[{"not_picked":["Turbo","Steam Power"],"picked":"Streamline","floor":1.0},{"not_picked":["Genetic Algorithm","Hologram","Conserve Battery"],"picked":"Echo Form","floor":6.0},{"not_picked":["Thunder Strike","Conserve Battery","Melter"],"picked":"Self Repair","floor":8.0},{"not_picked":["Beam Cell","Rebound","Hologram"],"picked":"Turbo","floor":13.0},{"not_picked":["Rainbow","Electrodynamics","Thunder Strike"],"picked":"Creative AI","floor":16.0},{"not_picked":["Recycle+1","Hologram","Beam Cell"],"picked":"Skim","floor":18.0},{"not_picked":["Ball Lightning","Melter","Sunder"],"picked":"Static Discharge","floor":19},{"not_picked":["Doom and Gloom","Hologram","Fusion"],"picked":"Genetic Algorithm","floor":22},{"not_picked":["Cold Snap","Steam","Rip and Tear"],"picked":"Double Energy+1","floor":24},{"not_picked":["Steam+1","Streamline+1","Darkness"],"picked":"Loop","floor":27},{"not_picked":["Streamline","Conserve Battery","Sunder"],"picked":"Biased Cognition","floor":28},{"not_picked":["Compile Driver","Redo","Coolheaded"],"picked":"Ball Lightning+1","floor":30},{"not_picked":["All For One","Rainbow","Meteor Strike"],"picked":"Thunder Strike","floor":33},{"not_picked":["Streamline+1","Sweeping Beam+1","Undo"],"picked":"Scrape+1","floor":35},{"not_picked":["Violence","Finesse","PanicButton"],"picked":"Forethought","floor":36},{"not_picked":["Compile Driver+1","Steam Power+1","Redo"],"picked":"Glacier","floor":41},{"not_picked":["Recycle","Go for the Eyes","Stack"],"picked":"Doom and Gloom","floor":42},{"not_picked":["Glacier+1","Blizzard","Rebound+1"],"picked":"Buffer","floor":46},{"not_picked":["Static Discharge","Scrape","Beam Cell+1"],"picked":"Defragment+1","floor":48}],"player_experience":389478,"relics_obtained":[{"floor":6.0,"key":"Centennial Puzzle"},{"floor":8.0,"key":"DataDisk"},{"floor":9.0,"key":"Potion Belt"},{"floor":24,"key":"Bottled Flame"},{"floor":26,"key":"Blue Candle"},{"floor":43,"key":"Ancient Tea Set"}],"event_choices":[{"damage_healed":0.0,"max_hp_gain":0.0,"max_hp_loss":0.0,"gold_gain":175.0,"event_name":"Liars Game","player_choice":"AGREE","floor":2.0,"gold_loss":0.0,"damage_taken":0.0,"cards_obtained":["Doubt"]},{"damage_healed":0.0,"max_hp_gain":0.0,"max_hp_loss":0.0,"gold_gain":75.0,"event_name":"World of Goop","player_choice":"Gather Gold","floor":3.0,"gold_loss":0.0,"damage_taken":11.0},{"damage_healed":0.0,"max_hp_gain":0.0,"max_hp_loss":0.0,"gold_gain":0.0,"event_name":"Scrap Ooze","player_choice":"Success","floor":5.0,"gold_loss":0.0,"damage_taken":3.0,"relics_obtained":["Question Card"]},{"damage_healed":0.0,"max_hp_gain":0.0,"max_hp_loss":0.0,"gold_gain":0.0,"event_name":"Dead Adventurer","player_choice":"Searched \u00271\u0027 times","floor":10.0,"gold_loss":0.0,"damage_taken":0.0},{"damage_healed":0.0,"max_hp_gain":0.0,"max_hp_loss":0.0,"gold_gain":0.0,"event_name":"Living Wall","player_choice":"Grow","floor":12.0,"gold_loss":0.0,"damage_taken":0.0,"cards_upgraded":["Dualcast"]},{"damage_healed":0,"gold_gain":0,"player_choice":"Ignored","damage_taken":0,"max_hp_gain":0,"max_hp_loss":0,"event_name":"Beggar","floor":21,"gold_loss":0},{"damage_healed":0,"gold_gain":0,"player_choice":"Obtain J.A.X.","damage_taken":0,"max_hp_gain":0,"max_hp_loss":0,"event_name":"Drug Dealer","floor":31,"gold_loss":0,"cards_obtained":["J.A.X."]},{"damage_healed":0,"gold_gain":0,"player_choice":"Memory 1","damage_taken":0,"max_hp_gain":0,"max_hp_loss":0,"event_name":"SensoryStone","floor":36,"gold_loss":0},{"cards_removed":["Strike_B"],"damage_healed":0,"gold_gain":0,"player_choice":"Removed Attack","damage_taken":0,"max_hp_gain":0,"max_hp_loss":0,"event_name":"Falling","floor":38,"gold_loss":0},{"cards_removed":["Strike_B"],"damage_healed":0,"gold_gain":0,"player_choice":"Offered Basic","damage_taken":0,"max_hp_gain":0,"max_hp_loss":0,"event_name":"Bonfire Elementals","floor":39,"gold_loss":0},{"cards_removed":["Strike_B"],"damage_healed":0,"gold_gain":0,"player_choice":"Upgrade and Remove","damage_taken":0,"max_hp_gain":0,"max_hp_loss":0,"event_name":"Designer","floor":45,"gold_loss":90,"cards_upgraded":["Defend_B"]}],"is_beta":false,"boss_relics":[{"not_picked":["Nuclear Battery","Runic Pyramid"],"picked":"Snecko Eye"},{"not_picked":["FrozenCore","Black Star"],"picked":"Inserter"}],"items_purged_floors":[4],"is_endless":false,"potions_floor_spawned":[6,8,18,19,27,30,33,35,41,48],"killed_by":"Awakened One","ascension_level":8}