{"gold_per_floor":[116,128,128,128,147,147,183,206,231,252,252,286,286,211,211,304,304,329,329,347,347],"floor_reached":21,"playtime":1656,"items_purged":["Strike_R"],"score":359,"play_id":"0ab2ecb8-aab5-485c-a80a-fe6ea9448e77","local_time":"20181213080641","is_ascension_mode":true,"campfire_choices":[{"data":"Carnage","floor":6,"key":"SMITH"},{"data":"Spot Weakness","floor":11,"key":"SMITH"},{"data":"Shrug It Off","floor":15,"key":"SMITH"}],"neow_cost":"NONE","seed_source_timestamp":91994567671394,"circlet_count":0,"master_deck":["AscendersBane","Strike_R","Strike_R","Strike_R","Strike_R","Defend_R","Defend_R","Defend_R","Defend_R","Bash+1","Carnage+1","Spot Weakness+1","Pommel Strike","Cleave","Anger","Shrug It Off+1","Fiend Fire","Thunderclap","Writhe","Shockwave"],"relics":["Burning Blood","Golden Idol","Dream Catcher","Anchor","Art of War","Centennial Puzzle","Bag of Marbles","Eternal Feather","Juzu Bracelet"],"potions_floor_usage":[7,12],"damage_taken":[{"damage":1,"enemies":"2 Louse","floor":1,"turns":3},{"damage":19,"enemies":"Jaw Worm","floor":2,"turns":4},{"damage":8,"enemies":"Small Slimes","floor":5,"turns":3},{"damage":8,"enemies":"Gremlin Nob","floor":7,"turns":3},{"damage":2,"enemies":"3 Louse","floor":8,"turns":4},{"damage":0,"enemies":"2 Fungi Beasts","floor":10,"turns":2},{"damage":25,"enemies":"Lagavulin","floor":12,"turns":5},{"damage":7,"enemies":"Slime Boss","floor":16,"turns":7},{"damage":1,"enemies":"Chosen","floor":18,"turns":3},{"damage":3,"enemies":"3 Byrds","floor":20,"turns":5},{"damage":72,"enemies":"Sentry and Sphere","floor":21,"turns":6}],"seed_played":"-7626524334496687075","potions_obtained":[{"floor":2,"key":"FearPotion"},{"floor":5,"key":"AttackPotion"},{"floor":7,"key":"BloodPotion"}],"is_trial":false,"path_per_floor":["M","M","?","T","M","R","E","M","T","M","R","E","?","$","R","B",null,"M","?","M","M"],"character_chosen":"IRONCLAD","items_purchased":[],"campfire_rested":0,"item_purchase_floors":[],"current_hp_per_floor":[73,60,60,60,58,58,56,60,60,66,66,53,42,42,42,41,61,66,66,68,0],"gold":347,"neow_bonus":"UPGRADE_CARD","is_prod":false,"is_daily":false,"chose_seed":false,"campfire_upgraded":3,"win_rate":0,"timestamp":1544717201,"path_taken":["M","M","?","?","M","R","E","M","T","M","R","E","?","$","R","BOSS","M","?","M","M"],"build_version":"2018-12-06","purchased_purges":1,"victory":false,"max_hp_per_floor":[75,75,68,68,68,68,68,68,68,68,68,68,68,68,68,68,68,68,68,68,68],"card_choices":[{"not_picked":["Clothesline","Metallicize"],"picked":"Carnage","floor":1},{"not_picked":["Flex","True Grit"],"picked":"Spot Weakness","floor":2},{"not_picked":["Clash","Wild Strike"],"picked":"Pommel Strike","floor":5},{"not_picked":["Headbutt","Havoc"],"picked":"Cleave","floor":7},{"not_picked":["Perfected Strike","Body Slam","Spot Weakness"],"picked":"SKIP","floor":8},{"not_picked":["Heavy Blade","Pommel Strike"],"picked":"Anger","floor":10},{"not_picked":["Ghostly Armor","Dropkick"],"picked":"Shrug It Off","floor":12},{"not_picked":["Barricade","Double Tap"],"picked":"Fiend Fire","floor":16},{"not_picked":["Bloodletting","Spot Weakness"],"picked":"Thunderclap","floor":18},{"not_picked":["Anger","Carnage"],"picked":"Shockwave","floor":20}],"player_experience":1554023,"relics_obtained":[{"floor":4,"key":"Dream Catcher"},{"floor":7,"key":"Anchor"},{"floor":9,"key":"Art of War"},{"floor":12,"key":"Centennial Puzzle"}],"event_choices":[{"damage_healed":0,"gold_gain":0,"player_choice":"Lose Max HP","damage_taken":0,"relics_obtained":["Golden Idol"],"max_hp_gain":0,"max_hp_loss":7,"event_name":"Golden Idol","floor":3,"gold_loss":0},{"damage_healed":0,"gold_gain":0,"player_choice":"Success","damage_taken":11,"relics_obtained":["Bag of Marbles"],"max_hp_gain":0,"max_hp_loss":0,"event_name":"Scrap Ooze","floor":13,"gold_loss":0},{"damage_healed":0,"gold_gain":0,"player_choice":"Opened","damage_taken":0,"relics_obtained":["Juzu Bracelet"],"max_hp_gain":0,"max_hp_loss":0,"event_name":"The Mausoleum","floor":19,"gold_loss":0,"cards_obtained":["Writhe"]}],"is_beta":false,"boss_relics":[{"not_picked":["Orrery","Black Star"],"picked":"Eternal Feather"}],"items_purged_floors":[14],"is_endless":false,"potions_floor_spawned":[2,5,7,10],"killed_by":"Sentry and Sphere","ascension_level":18}