{"path_per_floor":["M","?","M","?","M","R","M","M","T","E","M","?","T","$","R","B",null,"M","?","M","M","M","R","M","?","T","M","R","M","R","M","R","B",null,"M","?","?","M","M","R","$","M","T","M","R","M","M","M","R","B"],"character_chosen":"IRONCLAD","items_purchased":["Ginger"],"gold_per_floor":[116,116,130,130,143,143,163,183,183,213,225,225,225,150,150,245,245,261,186,201,221,234,234,248,248,248,263,263,277,277,291,291,390,390,407,407,407,419,431,431,19,34,34,44,44,54,72,83,83,83],"floor_reached":51,"campfire_rested":2,"playtime":3271,"current_hp_per_floor":[80,77,80,85,85,85,76,74,74,67,53,46,46,46,46,66,85,71,71,57,62,42,67,69,69,69,77,77,85,85,85,85,16,85,72,72,72,60,78,78,78,79,79,38,63,27,30,64,64,28],"items_purged":["Defend_R","Defend_R"],"gold":83,"score":659,"play_id":"806549f6-d103-4a8b-bc8b-e28770715827","local_time":"20180504111117","is_prod":false,"is_daily":false,"chose_seed":false,"is_ascension_mode":false,"campfire_upgraded":7,"timestamp":1525425077,"path_taken":["M","?","?","?","M","R","M","M","T","E","?","?","?","?","R","BOSS","M","?","M","M","M","R","M","?","T","M","R","M","R","M","R","BOSS","M","?","?","M","M","R","$","M","T","M","R","?","M","M","R","BOSS"],"build_version":"2018-05-03","seed_source_timestamp":9128666395633,"purchased_purges":2,"victory":true,"master_deck":["Strike_R","Strike_R","Defend_R","Defend_R","Bash","Double Tap","Inflame+1","Flex+1","Shockwave+1","Infernal Blade+1","Limit Break+1","Spot Weakness","Iron Wave+1","Heavy Blade+1","Warcry","Writhe","Reaper+1","Headbutt+1","Battle Trance","Immolate+1","Pommel Strike+1","Warcry","Flex+1","Seeing Red+1","Pummel+1","Offering","Infernal Blade+1","Inflame+1"],"max_hp_per_floor":[80,80,80,85,85,85,85,85,85,85,85,85,85,85,85,85,85,85,85,85,85,85,85,85,85,85,85,85,85,85,85,85,85,85,85,85,85,85,85,85,85,85,85,85,85,85,85,85,85,85],"relics":["Black Blood","Oddly Smooth Stone","Bag of Marbles","Pantograph","Bottled Tornado","Molten Egg 2","Bottled Lightning","Orrery","Ginger","Gremlin Horn"],"card_choices":[{"not_picked":["Thunderclap","Havoc"],"picked":"Inflame","floor":3},{"not_picked":["Thunderclap","Armaments"],"picked":"Flex","floor":5},{"not_picked":["Burning Pact","Armaments"],"picked":"Shockwave","floor":7},{"not_picked":["Wild Strike","Thunderclap"],"picked":"Infernal Blade","floor":8},{"not_picked":["Intimidate","Corruption"],"picked":"Limit Break","floor":10},{"not_picked":["Sever Soul","Ghostly Armor"],"picked":"Spot Weakness","floor":11},{"not_picked":["Anger","Iron Wave"],"picked":"Flex","floor":18},{"not_picked":["Hemokinesis","Thunderclap"],"picked":"Iron Wave","floor":20},{"not_picked":["Thunderclap","Bloodletting"],"picked":"Heavy Blade","floor":21},{"not_picked":["Entrench","Sword Boomerang"],"picked":"Warcry","floor":22},{"not_picked":["Thunderclap","Whirlwind"],"picked":"Reaper","floor":27},{"not_picked":["Clash","Warcry"],"picked":"Headbutt","floor":29},{"not_picked":["Pummel","Perfected Strike"],"picked":"Battle Trance","floor":31},{"not_picked":["Barricade","Brutality"],"picked":"Immolate","floor":33},{"not_picked":["Perfected Strike","Thunderclap"],"picked":"Pommel Strike","floor":34},{"not_picked":["Body Slam","Dual Wield"],"picked":"Warcry","floor":34},{"not_picked":["Bludgeon","Sentinel"],"picked":"Flex","floor":34},{"not_picked":["Ghostly Armor","Shrug It Off"],"picked":"Seeing Red","floor":35},{"not_picked":["Dual Wield","Armaments"],"picked":"Pummel","floor":39},{"not_picked":["Flex","Feel No Pain"],"picked":"Offering","floor":44},{"not_picked":["Blood for Blood","Warcry"],"picked":"Infernal Blade","floor":47},{"not_picked":["Entrench","Twin Strike"],"picked":"Inflame","floor":48}],"player_experience":42237,"potions_floor_usage":[],"damage_taken":[{"damage":1,"enemies":"2 Louse","floor":1,"turns":3},{"damage":2,"enemies":"Small Slimes","floor":3,"turns":5},{"damage":0,"enemies":"Jaw Worm","floor":5,"turns":3},{"damage":15,"enemies":"Lots of Slimes","floor":7,"turns":5},{"damage":8,"enemies":"Looter","floor":8,"turns":4},{"damage":13,"enemies":"Lagavulin","floor":10,"turns":4},{"damage":20,"enemies":"Exordium Thugs","floor":11,"turns":5},{"damage":11,"enemies":"Slime Boss","floor":16,"turns":6},{"damage":24,"enemies":"3 Byrds","floor":18,"turns":5},{"damage":24,"enemies":"Spheric Guardian","floor":20,"turns":4},{"damage":5,"enemies":"Snake Plant","floor":21,"turns":3},{"damage":30,"enemies":"Centurion and Healer","floor":22,"turns":6},{"damage":8,"enemies":"Snecko","floor":24,"turns":3},{"damage":18,"enemies":"3 Cultists","floor":27,"turns":4},{"damage":5,"enemies":"Snake Plant","floor":29,"turns":4},{"damage":8,"enemies":"Snecko","floor":31,"turns":4},{"damage":93,"enemies":"Automaton","floor":33,"turns":7},{"damage":23,"enemies":"Orb Walker","floor":35,"turns":3},{"damage":22,"enemies":"3 Shapes","floor":38,"turns":3},{"damage":23,"enemies":"3 Darklings","floor":39,"turns":4},{"damage":16,"enemies":"Maw","floor":42,"turns":5},{"damage":51,"enemies":"4 Shapes","floor":44,"turns":3},{"damage":46,"enemies":"Sphere and 2 Shapes","floor":46,"turns":4},{"damage":24,"enemies":"Maw","floor":47,"turns":5},{"damage":24,"enemies":"4 Shapes","floor":48,"turns":4},{"damage":67,"enemies":"Time Eater","floor":50,"turns":5}],"event_choices":[{"event_name":"Scrap Ooze","player_choice":"success","floor":2,"damage_taken":3},{"event_name":"Big Fish","player_choice":"Donut","floor":4,"damage_taken":0},{"event_name":"Golden Wing","player_choice":"Card Removal","floor":12,"damage_taken":0},{"event_name":"Beggar","player_choice":"Gave Gold","floor":19,"damage_taken":0},{"event_name":"The Mausoleum","player_choice":"Yes","floor":25,"damage_taken":0},{"event_name":"The Lab","player_choice":"Got Potions","floor":36,"damage_taken":0}],"boss_relics":[{"not_picked":["Runic Pyramid","Black Star"],"picked":"Black Blood"},{"not_picked":["Lizard Tail","White Beast Statue"],"picked":"Orrery"}],"potions_floor_spawned":[1,8,20,21,27,33,39,44,46],"seed_played":"-3639579402101404156","ascension_level":0,"is_trial":false}