{"gold_per_floor":[115,115,68,87,107,137,137,155,236,250,283,283,297,317,317,317],"floor_reached":16,"playtime":1522,"items_purged":[],"score":114,"play_id":"f1d02843-70c5-4b27-afe4-9348f60a40f2","local_time":"20181231141512","is_ascension_mode":false,"campfire_choices":[{"data":"Darkness","floor":7,"key":"SMITH"},{"data":"Zap","floor":15,"key":"SMITH"}],"neow_cost":"NONE","seed_source_timestamp":390799246143475,"circlet_count":0,"master_deck":["Strike_B","Strike_B","Strike_B","Defend_B","Defend_B","Defend_B","Defend_B","Zap+1","Dualcast+1","Recycle","Darkness+1","Conserve Battery","Conserve Battery","Seek+1","Loop","Go for the Eyes","FTL"],"relics":["Cracked Core","Incense Burner","Symbiotic Virus","Lantern"],"potions_floor_usage":[6,6,14],"damage_taken":[{"damage":5,"enemies":"Jaw Worm","floor":1,"turns":4},{"damage":10,"enemies":"Cultist","floor":4,"turns":4},{"damage":1,"enemies":"2 Louse","floor":5,"turns":3},{"damage":24,"enemies":"Gremlin Nob","floor":6,"turns":5},{"damage":3,"enemies":"2 Fungi Beasts","floor":8,"turns":3},{"damage":7,"enemies":"Exordium Thugs","floor":10,"turns":5},{"damage":6,"enemies":"Lagavulin","floor":11,"turns":5},{"damage":2,"enemies":"Red Slaver","floor":13,"turns":4},{"damage":0,"enemies":"Blue Slaver","floor":14,"turns":2},{"damage":4,"enemies":"Slime Boss","floor":16,"turns":4}],"seed_played":"-8713272421254817991","potions_obtained":[{"floor":1,"key":"PowerPotion"},{"floor":2,"key":"Weak Potion"},{"floor":2,"key":"SmokeBomb"},{"floor":8,"key":"Energy Potion"},{"floor":10,"key":"SkillPotion"}],"is_trial":false,"path_per_floor":["M","?","$","M","M","E","R","M","T","M","E","?","M","M","R","B"],"character_chosen":"DEFECT","items_purchased":["Conserve Battery"],"campfire_rested":0,"item_purchase_floors":[3],"current_hp_per_floor":[70,70,70,60,59,35,35,32,32,25,19,4,2,2,2,0],"gold":317,"neow_bonus":"TRANSFORM_CARD","is_prod":false,"is_daily":false,"chose_seed":false,"campfire_upgraded":2,"win_rate":0,"timestamp":1546226112,"path_taken":["M","?","?","M","M","E","R","M","T","?","E","?","M","M","R","BOSS"],"build_version":"2018-11-15","purchased_purges":0,"victory":false,"max_hp_per_floor":[75,75,75,75,75,75,75,75,75,75,75,75,75,75,75,75],"card_choices":[{"not_picked":["BootSequence","FTL"],"picked":"Darkness","floor":1},{"not_picked":["Glacier","Auto Shields"],"picked":"Conserve Battery","floor":4},{"not_picked":["Lockon","Stack","Beam Cell"],"picked":"SKIP","floor":5},{"not_picked":["Recycle","Steam"],"picked":"Seek","floor":6},{"not_picked":["Cold Snap","Sweeping Beam"],"picked":"Loop","floor":8},{"not_picked":["Rebound","Leap","Redo"],"picked":"SKIP","floor":10},{"not_picked":["Stack","Sweeping Beam"],"picked":"Go for the Eyes","floor":11},{"not_picked":["Barrage","Self Repair","Reprogram"],"picked":"SKIP","floor":13},{"not_picked":["Lockon","Cold Snap"],"picked":"FTL","floor":14}],"player_experience":966181,"relics_obtained":[{"floor":6,"key":"Incense Burner"},{"floor":9,"key":"Symbiotic Virus"},{"floor":11,"key":"Lantern"}],"event_choices":[{"damage_healed":0,"gold_gain":0,"player_choice":"Got Potions","damage_taken":0,"max_hp_gain":0,"max_hp_loss":0,"event_name":"Lab","floor":2,"gold_loss":0},{"damage_healed":0,"gold_gain":0,"player_choice":"Entered Light","damage_taken":15,"max_hp_gain":0,"max_hp_loss":0,"event_name":"Shining Light","floor":12,"gold_loss":0,"cards_upgraded":["Dualcast","Seek"]}],"is_beta":true,"boss_relics":[],"items_purged_floors":[],"is_endless":false,"potions_floor_spawned":[1,8,10],"killed_by":"Slime Boss","ascension_level":0}