{"path_per_floor":["M","?","?","$","?","R","M","M","T","R","M","M","R","M","R","B",null,"M","M","?","M","$","R","E","R","T","M","?","?","R","M","R","B",null,"M","M","?","M","$","R","M","E","T","R"],"character_chosen":"THE_SILENT","items_purchased":["Cloak And Dagger","Slice","Block Potion","Bouncing Flask"],"gold_per_floor":[119,119,119,66,66,66,85,99,99,99,112,136,136,161,161,290,290,314,334,368,391,289,289,325,325,325,344,344,269,269,293,293,412,412,427,443,443,461,346,346,369,404,404,404,404],"floor_reached":45,"campfire_rested":2,"playtime":3476,"current_hp_per_floor":[63,49,42,42,42,42,42,42,42,42,42,42,42,21,55,55,63,59,59,48,48,48,48,34,34,34,34,34,34,34,29,63,43,60,57,53,53,49,49,49,48,32,32,32,0],"items_purged":["Strike_G"],"gold":404,"score":657,"play_id":"0f94bfdc-ef25-4dec-8a5e-6f213c3c8d7e","local_time":"20180521131726","is_prod":false,"is_daily":false,"chose_seed":false,"is_ascension_mode":true,"campfire_upgraded":8,"timestamp":1526933846,"campfire_choices":[{"data":"Footwork","floor":6.0,"key":"SMITH"},{"data":"Malaise","floor":10.0,"key":"SMITH"},{"data":"A Thousand Cuts","floor":13.0,"key":"SMITH"},{"floor":15.0,"key":"REST"},{"data":"Cloak And Dagger","floor":23.0,"key":"SMITH"},{"data":"Glass Knife","floor":25.0,"key":"SMITH"},{"data":"Noxious Fumes","floor":30.0,"key":"SMITH"},{"floor":32.0,"key":"REST"},{"data":"Skewer","floor":40.0,"key":"SMITH"},{"data":"Bouncing Flask","floor":44,"key":"SMITH"}],"path_taken":["M","?","?","$","?","R","M","M","T","R","M","M","R","M","R","BOSS","M","M","?","M","$","R","E","R","T","M","?","?","R","M","R","BOSS","M","M","?","M","$","R","M","E","T","R","?"],"build_version":"2018-05-17","seed_source_timestamp":495397168754891,"purchased_purges":1,"victory":false,"master_deck":["Defend_G","Defend_G","Defend_G","Defend_G+1","Defend_G","Strike_G","Strike_G","Survivor","Neutralize+1","Escape Plan","Footwork+1","Cloak And Dagger","Malaise+1","Deflect","A Thousand Cuts+1","Backflip","Glass Knife+1","Cloak And Dagger+1","Unload","Escape Plan","Dagger Spray","Blur","Skewer+1","Slice","Flying Knee+1","Cloak And Dagger+1","Noxious Fumes+1","Well Laid Plans","Envenom","Blur+1","Bane+1","Sadistic Nature","Bane+1","Bouncing Flask+1"],"max_hp_per_floor":[70,70,70,70,65,65,65,65,65,65,65,65,65,65,65,65,65,65,65,65,65,65,65,65,65,65,65,65,65,65,65,65,65,65,65,65,65,65,65,65,65,65,65,65,65],"relics":["Ring of the Snake","Regal Pillow","Golden Idol","Dream Catcher","Cursed Key","Red Mask","Ice Cream","Lizard Tail","Bronze Scales"],"card_choices":[{"not_picked":["Dodge and Roll","Quick Slash"],"picked":"Footwork","floor":1.0},{"not_picked":["Escape Plan","Expertise"],"picked":"Malaise","floor":7.0},{"not_picked":["Dodge and Roll","Cloak And Dagger"],"picked":"Deflect","floor":8.0},{"not_picked":["Crippling Poison","Underhanded Strike"],"picked":"A Thousand Cuts","floor":11.0},{"not_picked":["Heel Hook","Cloak And Dagger"],"picked":"Backflip","floor":12.0},{"not_picked":["Outmaneuver","Slice"],"picked":"Glass Knife","floor":14.0},{"not_picked":["PiercingWail","Deadly Poison"],"picked":"Cloak And Dagger","floor":15.0},{"not_picked":["Venomology","Bullet Time"],"picked":"Unload","floor":16.0},{"not_picked":["Acrobatics+1","Underhanded Strike"],"picked":"Escape Plan","floor":18.0},{"not_picked":["Poisoned Stab","Bane"],"picked":"Dagger Spray","floor":19.0},{"not_picked":["Sucker Punch","Deflect"],"picked":"Blur","floor":20.0},{"not_picked":["Accuracy","All Out Attack+1"],"picked":"Skewer","floor":21.0},{"not_picked":["Predator","Bullet Time"],"picked":"Flying Knee+1","floor":24.0},{"not_picked":["Outmaneuver","PiercingWail"],"picked":"Cloak And Dagger+1","floor":27.0},{"not_picked":["Prepared","Heel Hook","Slice+1"],"picked":"SKIP","floor":31.0},{"not_picked":["Poisoned Stab+1","Sucker Punch"],"picked":"Well Laid Plans","floor":32.0},{"not_picked":["Doppelganger","Wraith Form v2"],"picked":"Envenom","floor":33.0},{"not_picked":["Setup+1","Dagger Spray+1"],"picked":"Blur+1","floor":35.0},{"not_picked":["Dagger Throw","Acrobatics"],"picked":"Bane+1","floor":36.0},{"not_picked":["Transmutation","Enlightenment"],"picked":"Sadistic Nature","floor":37.0},{"not_picked":["Calculated Gamble","Slice+1"],"picked":"Bane+1","floor":38.0},{"not_picked":["Flying Knee","Cloak And Dagger+1","Eviscerate+1"],"picked":"SKIP","floor":41.0},{"not_picked":["Setup","Slice","Dagger Throw"],"picked":"SKIP","floor":42.0}],"player_experience":623640,"potions_floor_usage":[],"damage_taken":[{"damage":0.0,"enemies":"Small Slimes","floor":1.0,"turns":7.0},{"damage":0.0,"enemies":"2 Louse","floor":7.0,"turns":2.0},{"damage":0.0,"enemies":"Cultist","floor":8.0,"turns":5.0},{"damage":0.0,"enemies":"Blue Slaver","floor":11.0,"turns":6.0},{"damage":0.0,"enemies":"2 Fungi Beasts","floor":12.0,"turns":5.0},{"damage":21.0,"enemies":"Gremlin Gang","floor":14.0,"turns":5.0},{"damage":0.0,"enemies":"Hexaghost","floor":16.0,"turns":13.0},{"damage":4.0,"enemies":"Chosen","floor":18.0,"turns":6.0},{"damage":0.0,"enemies":"Shell Parasite","floor":19.0,"turns":6.0},{"damage":11.0,"enemies":"Masked Bandits","floor":20.0,"turns":4.0},{"damage":0.0,"enemies":"Centurion and Healer","floor":21.0,"turns":7.0},{"damage":14.0,"enemies":"Slavers","floor":24.0,"turns":7.0},{"damage":0.0,"enemies":"3 Cultists","floor":27.0,"turns":3.0},{"damage":5.0,"enemies":"Cultist and Chosen","floor":31.0,"turns":6.0},{"damage":20.0,"enemies":"Collector","floor":33.0,"turns":10.0},{"damage":3.0,"enemies":"Orb Walker","floor":35.0,"turns":6.0},{"damage":4.0,"enemies":"3 Shapes","floor":36.0,"turns":7.0},{"damage":4.0,"enemies":"Maw","floor":38.0,"turns":7.0},{"damage":1.0,"enemies":"3 Darklings","floor":41.0,"turns":7.0},{"damage":67.0,"enemies":"Giant Head","floor":42.0,"turns":7.0},{"damage":35,"enemies":"Mysterious Sphere","floor":45,"turns":2}],"relics_obtained":[{"floor":9.0,"key":"Dream Catcher"},{"floor":20.0,"key":"Red Mask"},{"floor":24.0,"key":"Ice Cream"},{"floor":42.0,"key":"Bronze Scales"}],"event_choices":[{"event_name":"Shining Light","player_choice":"Entered Light","floor":2.0,"damage_taken":0.0},{"event_name":"Scrap Ooze","player_choice":"success","floor":3.0,"damage_taken":7.0},{"event_name":"Golden Idol","player_choice":"Lose Max HP","floor":5.0,"damage_taken":0.0},{"event_name":"Masked Bandits","player_choice":"Fought over 334 gold","floor":20.0,"damage_taken":0.0},{"event_name":"The Library","player_choice":"Read","floor":28.0,"damage_taken":0.0},{"event_name":"Beggar","player_choice":"Gave Gold","floor":29.0,"damage_taken":0.0},{"event_name":"SensoryStone","player_choice":"Memory 1","floor":37.0,"damage_taken":0.0},{"event_name":"Mysterious Sphere","player_choice":"Fight","floor":45,"damage_taken":0}],"boss_relics":[],"potions_floor_spawned":[7,11,14,16,24,27,31,33,36,42],"seed_played":"-1283033570275446256","killed_by":"Mysterious Sphere","ascension_level":6,"potions_obtained":[{"floor":7.0,"key":"PowerPotion"},{"floor":11.0,"key":"PowerPotion"},{"floor":14.0,"key":"Swift Potion"},{"floor":16.0,"key":"GhostInAJar"},{"floor":24.0,"key":"LiquidBronze"},{"floor":27.0,"key":"Explosive Potion"},{"floor":31.0,"key":"SteroidPotion"},{"floor":33.0,"key":"FearPotion"},{"floor":36.0,"key":"Energy Potion"},{"floor":42.0,"key":"LiquidBronze"}],"is_trial":false}