{"gold_per_floor":[116,391,406,182,194,194,225,236,314,57,71,71,90,117,117,188,188,199,0,0,10,25,25,51,51],"floor_reached":25,"playtime":910,"items_purged":["Regret"],"score":351,"play_id":"e2e8c2b9-22c6-4847-9ea1-bbd0ebe4d004","local_time":"20181218110143","is_ascension_mode":true,"campfire_choices":[{"data":"Zap","floor":6.0,"key":"SMITH"},{"data":"Defragment","floor":12.0,"key":"SMITH"},{"floor":15.0,"key":"REST"},{"floor":23,"key":"REST"}],"neow_cost":"NONE","seed_source_timestamp":301468695824281,"circlet_count":0,"master_deck":["AscendersBane","Strike_B","Strike_B","Strike_B","Strike_B","Defend_B","Defend_B","Defend_B","Defend_B","Zap+1","Dualcast","Defragment","Conserve Battery","Coolheaded","Leap","Defragment+1","Reinforced Body","Sweeping Beam","Defragment","Reboot","Undo"],"special_seed":0,"relics":["Cracked Core","NeowsBlessing","Blue Candle","Tiny Chest","Mummified Hand","Blood Vial","Black Star","Symbiotic Virus","PreservedInsect"],"potions_floor_usage":[22],"damage_taken":[{"damage":0.0,"enemies":"Cultist","floor":1.0,"turns":1.0},{"damage":0.0,"enemies":"2 Louse","floor":3.0,"turns":1.0},{"damage":0.0,"enemies":"Small Slimes","floor":5.0,"turns":1.0},{"damage":5.0,"enemies":"Lagavulin","floor":7.0,"turns":9.0},{"damage":8.0,"enemies":"Exordium Wildlife","floor":8.0,"turns":6.0},{"damage":6.0,"enemies":"Blue Slaver","floor":11.0,"turns":4.0},{"damage":19.0,"enemies":"Gremlin Gang","floor":13.0,"turns":5.0},{"damage":20.0,"enemies":"Gremlin Nob","floor":14.0,"turns":4.0},{"damage":6.0,"enemies":"Hexaghost","floor":16.0,"turns":10.0},{"damage":11.0,"enemies":"Spheric Guardian","floor":18.0,"turns":5.0},{"damage":32,"enemies":"3 Byrds","floor":21,"turns":5},{"damage":25,"enemies":"Snake Plant","floor":22,"turns":5},{"damage":33,"enemies":"Slavers","floor":25,"turns":3}],"seed_played":"5138976860955412517","potions_obtained":[{"floor":1.0,"key":"Block Potion"},{"floor":5.0,"key":"FairyPotion"},{"floor":14.0,"key":"LiquidBronze"},{"floor":21,"key":"GamblersBrew"}],"is_trial":false,"path_per_floor":["M","?","M","$","M","R","E","M","T","$","M","R","M","E","R","B",null,"M","?","?","M","M","R","T","E"],"character_chosen":"DEFECT","items_purchased":["Coolheaded","Leap","Defragment","Mummified Hand"],"campfire_rested":2,"item_purchase_floors":[4,4,4,10],"current_hp_per_floor":[68,68,68,68,68,68,63,55,55,55,49,49,30,10,32,28,63,54,54,54,24,1,23,23,0],"gold":51,"neow_bonus":"THREE_ENEMY_KILL","is_prod":false,"is_daily":false,"chose_seed":false,"campfire_upgraded":2,"win_rate":0,"timestamp":1545156103,"path_taken":["M","?","M","$","M","R","E","M","T","$","?","R","M","E","R","BOSS","M","?","?","?","M","R","?","E"],"build_version":"2018-12-13","purchased_purges":1,"victory":false,"max_hp_per_floor":[75,75,75,75,75,75,75,75,75,75,75,75,75,75,75,75,75,75,75,75,75,75,75,75,75],"card_choices":[{"not_picked":["Recycle","Glacier"],"picked":"Defragment","floor":1.0},{"not_picked":["Tempest","Sweeping Beam"],"picked":"Conserve Battery","floor":3.0},{"not_picked":["Gash","Double Energy"],"picked":"Reinforced Body","floor":5.0},{"not_picked":["Heatsinks","Compile Driver"],"picked":"Sweeping Beam","floor":7.0},{"not_picked":["Sweeping Beam","Conserve Battery","Gash"],"picked":"SKIP","floor":8.0},{"not_picked":["Rebound","Tempest","Streamline"],"picked":"SKIP","floor":11.0},{"not_picked":["Melter","Scrape"],"picked":"Defragment","floor":13.0},{"not_picked":["Scrape","Conserve Battery","Rebound"],"picked":"SKIP","floor":14.0},{"not_picked":["Thunder Strike","Hyperbeam"],"picked":"Reboot","floor":16.0},{"not_picked":["Turbo","Redo"],"picked":"Undo","floor":18.0},{"not_picked":["Undo","Gash+1","Go for the Eyes"],"picked":"SKIP","floor":21},{"not_picked":["Stack","Rebound","Leap"],"picked":"SKIP","floor":22}],"player_experience":705837,"relics_obtained":[{"floor":7.0,"key":"Blue Candle"},{"floor":9.0,"key":"Tiny Chest"},{"floor":14.0,"key":"Blood Vial"},{"floor":24,"key":"PreservedInsect"}],"event_choices":[{"damage_healed":0.0,"max_hp_gain":0.0,"max_hp_loss":0.0,"gold_gain":275.0,"event_name":"Golden Shrine","player_choice":"Desecrate","floor":2.0,"gold_loss":0.0,"damage_taken":0.0,"cards_obtained":["Regret"]},{"damage_healed":0,"gold_gain":0,"player_choice":"Paid Fearfully","damage_taken":0,"max_hp_gain":0,"max_hp_loss":0,"event_name":"Masked Bandits","floor":19,"gold_loss":199},{"damage_healed":0,"gold_gain":0,"player_choice":"Opened","damage_taken":0,"relics_obtained":["Symbiotic Virus"],"max_hp_gain":0,"max_hp_loss":0,"event_name":"The Mausoleum","floor":20,"gold_loss":0}],"is_beta":false,"boss_relics":[{"not_picked":["Velvet Choker","Calling Bell"],"picked":"Black Star"}],"items_purged_floors":[4],"is_endless":false,"potions_floor_spawned":[1,5,14,21],"killed_by":"Slavers","ascension_level":13}