{"gold_per_floor":[118,92,109,128,139,139,152,184,184,202,10,25,38,38,38,133,133,119,119,44,58,70,70,82,102,102,102,117,131,131,151,151,249,249,268,281,281,298,298,298,326,326,352,76,50,62,62],"floor_reached":47,"playtime":3213,"items_purged":["Shame"],"score":515,"play_id":"1a3e049a-d29c-40d8-978f-dd160ce3579e","local_time":"20181123231927","is_ascension_mode":false,"campfire_choices":[{"data":"Catalyst","floor":6,"key":"SMITH"},{"floor":15,"key":"REST"},{"floor":23,"key":"REST"},{"floor":27,"key":"REST"},{"floor":30,"key":"REST"},{"floor":32,"key":"REST"},{"floor":40,"key":"REST"}],"neow_cost":"CURSE","seed_source_timestamp":178344952759383,"circlet_count":0,"master_deck":["Survivor","Neutralize","Parasite","Deadly Poison","Slice","Deadly Poison","Catalyst+1","Bane","Deflect","Poisoned Stab","Noxious Fumes","Crippling Poison","Blur","Predator","Bane","After Image","Concentrate","Sucker Punch","Acrobatics","Quick Slash","Tactician","Accuracy","Sucker Punch","Outmaneuver","Deflect","Noxious Fumes","Cloak And Dagger+1","Caltrops","Deflect","Deadly Poison","Dodge and Roll+1","Flying Knee+1","Dagger Spray+1","Leg Sweep+1","Envenom","A Thousand Cuts","Riddle With Holes+1","Dagger Spray+1","Dramatic Entrance","Crippling Poison+1","Deflect","Dagger Spray","Endless Agony+1"],"relics":["Ring of the Serpent","Torii","Bottled Flame","Darkstone Periapt","Pear","Pandora\u0027s Box","Mercury Hourglass","StoneCalendar","Question Card","Bag of Marbles","MealTicket"],"potions_floor_usage":[8,16,16,16,21,29,33,33,38,41,41],"damage_taken":[{"damage":1,"enemies":"2 Louse","floor":1,"turns":3},{"damage":0,"enemies":"Small Slimes","floor":3,"turns":4},{"damage":8,"enemies":"Jaw Worm","floor":4,"turns":4},{"damage":2,"enemies":"3 Louse","floor":5,"turns":4},{"damage":1,"enemies":"Looter","floor":7,"turns":3},{"damage":37,"enemies":"Gremlin Nob","floor":8,"turns":5},{"damage":0,"enemies":"Blue Slaver","floor":10,"turns":3},{"damage":1,"enemies":"Large Slime","floor":12,"turns":5},{"damage":1,"enemies":"Red Slaver","floor":13,"turns":3},{"damage":24,"enemies":"Slime Boss","floor":16,"turns":9},{"damage":28,"enemies":"2 Thieves","floor":18,"turns":4},{"damage":15,"enemies":"Chosen","floor":21,"turns":5},{"damage":19,"enemies":"3 Cultists","floor":22,"turns":4},{"damage":27,"enemies":"Sentry and Sphere","floor":24,"turns":7},{"damage":7,"enemies":"Snecko","floor":25,"turns":4},{"damage":15,"enemies":"Centurion and Healer","floor":28,"turns":7},{"damage":7,"enemies":"3 Cultists","floor":29,"turns":5},{"damage":11,"enemies":"Shelled Parasite and Fungi","floor":31,"turns":6},{"damage":48,"enemies":"Champ","floor":33,"turns":8},{"damage":24,"enemies":"Orb Walker","floor":35,"turns":5},{"damage":47,"enemies":"3 Shapes","floor":36,"turns":4},{"damage":11,"enemies":"Sphere and 2 Shapes","floor":38,"turns":7},{"damage":5,"enemies":"Nemesis","floor":41,"turns":7},{"damage":45,"enemies":"Spire Growth","floor":46,"turns":5},{"damage":43,"enemies":"Giant Head","floor":47,"turns":7}],"seed_played":"-3813282985942759404","potions_obtained":[{"floor":4,"key":"SpeedPotion"},{"floor":7,"key":"Weak Potion"},{"floor":8,"key":"Poison Potion"},{"floor":12,"key":"Fire Potion"},{"floor":18,"key":"SneckoOil"},{"floor":22,"key":"LiquidBronze"},{"floor":25,"key":"Regen Potion"},{"floor":31,"key":"Weak Potion"},{"floor":33,"key":"AttackPotion"},{"floor":35,"key":"GhostInAJar"},{"floor":38,"key":"LiquidBronze"},{"floor":46,"key":"Ancient Potion"}],"is_trial":false,"path_per_floor":["M","?","M","M","M","R","M","E","T","M","$","M","M","?","R","B",null,"M","?","$","M","M","R","M","M","T","R","M","M","R","M","R","B",null,"M","M","?","M","?","R","E","?","T","$","$","M","E"],"character_chosen":"THE_SILENT","items_purchased":["Noxious Fumes","Crippling Poison","Blur","Caltrops","MealTicket","Dagger Spray"],"campfire_rested":6,"item_purchase_floors":[11,11,11,20,44,45],"current_hp_per_floor":[69,69,69,61,59,59,58,21,21,21,21,20,19,11,35,11,80,52,58,58,43,24,49,22,15,15,40,25,30,55,44,69,21,86,62,15,15,4,4,29,24,75,75,75,75,30,0],"gold":62,"neow_bonus":"ONE_RARE_RELIC","is_prod":false,"is_daily":false,"chose_seed":false,"campfire_upgraded":1,"win_rate":0.0,"timestamp":1543033167,"path_taken":["M","?","M","M","M","R","M","E","T","M","$","M","M","?","R","BOSS","M","?","$","M","M","R","M","M","T","R","M","M","R","M","R","BOSS","M","M","?","M","?","R","E","?","T","?","$","M","E"],"build_version":"2018-11-15","purchased_purges":1,"victory":false,"max_hp_per_floor":[70,70,70,70,70,70,70,70,70,70,70,70,70,80,80,80,80,80,86,86,86,86,86,86,86,86,86,86,86,86,86,86,86,86,86,86,86,86,86,86,86,75,75,75,75,75,75],"card_choices":[{"not_picked":["Prepared","Dodge and Roll"],"picked":"Deadly Poison","floor":1},{"not_picked":["Expertise","Dodge and Roll"],"picked":"Slice","floor":3},{"not_picked":["All Out Attack","Acrobatics"],"picked":"Deadly Poison","floor":4},{"not_picked":["Dagger Spray","Leg Sweep"],"picked":"Catalyst","floor":5},{"not_picked":["Underhanded Strike","Terror"],"picked":"Bane","floor":7},{"not_picked":["Flechettes","Prepared"],"picked":"Deflect","floor":8},{"not_picked":["Sucker Punch","Slice"],"picked":"Poisoned Stab","floor":10},{"not_picked":["Eviscerate","Underhanded Strike"],"picked":"Predator","floor":12},{"not_picked":["Finisher","Prepared"],"picked":"Bane","floor":13},{"not_picked":["Unload","Night Terror"],"picked":"After Image","floor":16},{"not_picked":["PiercingWail","Skewer"],"picked":"Cloak And Dagger+1","floor":18},{"not_picked":["Endless Agony","Prepared"],"picked":"Deflect","floor":21},{"not_picked":["Dagger Spray","Reflex"],"picked":"Deadly Poison","floor":22},{"not_picked":["Riddle With Holes","Quick Slash"],"picked":"Dodge and Roll+1","floor":24},{"not_picked":["Underhanded Strike","Dagger Throw"],"picked":"Flying Knee+1","floor":25},{"not_picked":["Dagger Throw","Dash"],"picked":"Dagger Spray+1","floor":28},{"not_picked":["Calculated Gamble+1","Prepared"],"picked":"Leg Sweep+1","floor":29},{"not_picked":["Flying Knee+1","Setup"],"picked":"Envenom","floor":31},{"not_picked":["Unload","Doppelganger"],"picked":"A Thousand Cuts","floor":33},{"not_picked":["Flying Knee+1","Dodge and Roll+1"],"picked":"Riddle With Holes+1","floor":35},{"not_picked":["Dagger Throw+1","Bane"],"picked":"Dagger Spray+1","floor":36},{"not_picked":["Forethought","Panacea"],"picked":"Dramatic Entrance","floor":37},{"not_picked":["Poisoned Stab+1","Bouncing Flask"],"picked":"Crippling Poison+1","floor":38},{"not_picked":["Flying Knee+1","Doppelganger"],"picked":"Deflect","floor":41},{"not_picked":["Prepared+1","Deflect","Backflip"],"picked":"Endless Agony+1","floor":46}],"player_experience":65649,"relics_obtained":[{"floor":8,"key":"Bottled Flame"},{"floor":9,"key":"Darkstone Periapt"},{"floor":26,"key":"StoneCalendar"},{"floor":41,"key":"Question Card"},{"floor":43,"key":"Bag of Marbles"}],"event_choices":[{"damage_healed":0,"gold_gain":0,"player_choice":"Left Gold","damage_taken":0,"max_hp_gain":0,"max_hp_loss":0,"event_name":"World of Goop","floor":2,"gold_loss":26},{"damage_healed":0,"gold_gain":0,"player_choice":"Success","damage_taken":18,"relics_obtained":["Pear"],"max_hp_gain":0,"max_hp_loss":0,"event_name":"Scrap Ooze","floor":14,"gold_loss":0},{"damage_healed":0,"gold_gain":0,"player_choice":"Stole Relic","damage_taken":0,"relics_obtained":["Mercury Hourglass"],"max_hp_gain":0,"max_hp_loss":0,"event_name":"Addict","floor":19,"gold_loss":0,"cards_obtained":["Shame"]},{"damage_healed":0,"gold_gain":0,"player_choice":"Memory 1","damage_taken":0,"max_hp_gain":0,"max_hp_loss":0,"event_name":"SensoryStone","floor":37,"gold_loss":0},{"damage_healed":0,"gold_gain":0,"player_choice":"Ignored","damage_taken":0,"max_hp_gain":0,"max_hp_loss":0,"event_name":"Mysterious Sphere","floor":39,"gold_loss":0},{"damage_healed":75,"gold_gain":0,"player_choice":"Heal","damage_taken":0,"max_hp_gain":0,"max_hp_loss":11,"event_name":"The Moai Head","floor":42,"gold_loss":0}],"is_beta":false,"boss_relics":[{"not_picked":["Philosopher\u0027s Stone","Sozu"],"picked":"Pandora\u0027s Box"},{"not_picked":["Runic Dome","WristBlade"],"picked":"Ring of the Serpent"}],"items_purged_floors":[44],"is_endless":false,"potions_floor_spawned":[4,7,8,12,18,22,25,31,33,35,38,46],"killed_by":"Giant Head","ascension_level":0}