{"gold_per_floor":[115,115,128,128,141,141,151,151,451,483,59,118,42,42],"floor_reached":14,"playtime":426,"items_purged":["Regret"],"score":167,"play_id":"e9e3bedb-8d3c-40c4-b394-69b351c534bc","local_time":"20181130030005","is_ascension_mode":true,"campfire_choices":[{"data":"Forethought","floor":6,"key":"SMITH"},{"data":"White Noise","floor":8,"key":"SMITH"}],"neow_cost":"NONE","seed_source_timestamp":110443160536193,"circlet_count":0,"master_deck":["AscendersBane","Strike_B","Strike_B","Strike_B","Strike_B","Defend_B","Defend_B","Defend_B","Defend_B","Zap","Dualcast","Forethought+1","Streamline","Coolheaded","Core Surge","White Noise+1","Force Field","Self Repair+1","Undo"],"relics":["Cracked Core","Calipers","Old Coin","StoneCalendar","Frozen Egg 2"],"potions_floor_usage":[10,10],"damage_taken":[{"damage":2,"enemies":"Cultist","floor":1,"turns":4},{"damage":12,"enemies":"2 Louse","floor":3,"turns":3},{"damage":8,"enemies":"Small Slimes","floor":5,"turns":3},{"damage":16,"enemies":"Blue Slaver","floor":7,"turns":2},{"damage":7,"enemies":"Lagavulin","floor":10,"turns":5},{"damage":28,"enemies":"Gremlin Nob","floor":14,"turns":3}],"seed_played":"-575165074722935909","potions_obtained":[{"floor":3,"key":"Block Potion"},{"floor":5,"key":"SteroidPotion"},{"floor":7,"key":"Strength Potion"}],"is_trial":false,"path_per_floor":["M","$","M","?","M","R","M","R","T","E","$","?","$","E"],"character_chosen":"DEFECT","items_purchased":["Frozen Egg 2","Self Repair+1","Undo"],"campfire_rested":0,"item_purchase_floors":[11,11,13],"current_hp_per_floor":[62,62,50,50,42,42,26,26,26,19,19,19,19,0],"gold":42,"neow_bonus":"RANDOM_COLORLESS","is_prod":false,"is_daily":false,"chose_seed":false,"campfire_upgraded":2,"win_rate":0,"timestamp":1543546805,"path_taken":["M","?","M","?","M","R","M","R","T","E","$","?","$","E"],"build_version":"2018-11-15","purchased_purges":1,"victory":false,"max_hp_per_floor":[71,71,71,71,71,71,71,71,71,71,71,71,71,71],"card_choices":[{"not_picked":["Sweeping Beam","Stack"],"picked":"Streamline","floor":1},{"not_picked":["Leap","Stack"],"picked":"Coolheaded","floor":3},{"not_picked":["Barrage","Double Energy"],"picked":"Core Surge","floor":5},{"not_picked":["Redo","Turbo"],"picked":"White Noise","floor":7},{"not_picked":["Double Energy","Melter"],"picked":"Force Field","floor":10}],"player_experience":956404,"relics_obtained":[{"floor":9,"key":"Old Coin"},{"floor":10,"key":"StoneCalendar"}],"event_choices":[{"damage_healed":0,"gold_gain":0,"player_choice":"Box","damage_taken":0,"relics_obtained":["Calipers"],"max_hp_gain":0,"max_hp_loss":0,"event_name":"Big Fish","floor":4,"gold_loss":0,"cards_obtained":["Regret"]},{"damage_healed":0,"gold_gain":59,"player_choice":"Gained Gold","damage_taken":0,"max_hp_gain":0,"max_hp_loss":0,"event_name":"Golden Wing","floor":12,"gold_loss":0}],"is_beta":true,"boss_relics":[],"items_purged_floors":[11],"is_endless":false,"potions_floor_spawned":[3,5,7],"killed_by":"Gremlin Nob","ascension_level":18}