{"gold_per_floor":[111,125,125,201,47,47,47,47,73,87,101,101,112,137,137,208,208,220,170,269,269,288,288,51,51,51,51,51,63,97,115,115,186,186,202,202,215,215,225,225,250,250,250,5,5,5,5,21,21,21],"floor_reached":50,"playtime":1741,"items_purged":["Strike_R","Strike_R","Strike_R"],"score":926,"play_id":"01c161ea-c00b-493e-9748-dde5c97d7552","local_time":"20181022082646","is_ascension_mode":true,"campfire_choices":[{"data":"Inflame","floor":6.0,"key":"SMITH"},{"data":"True Grit","floor":8.0,"key":"SMITH"},{"data":"Sword Boomerang","floor":12.0,"key":"SMITH"},{"floor":15.0,"key":"REST"},{"data":"Limit Break","floor":23.0,"key":"SMITH"},{"data":"Immolate","floor":25.0,"key":"SMITH"},{"data":"Inflame","floor":27.0,"key":"SMITH"},{"floor":32.0,"key":"REST"},{"data":"Flame Barrier","floor":40.0,"key":"SMITH"},{"data":"Fiend Fire","floor":45.0,"key":"SMITH"},{"data":"Heavy Blade","floor":49,"key":"SMITH"}],"neow_cost":"NONE","seed_source_timestamp":0,"circlet_count":0,"master_deck":["Strike_R","Defend_R","Defend_R","Defend_R","Defend_R","Bash+1","AscendersBane","True Grit+1","Sword Boomerang","Inflame+1","Sword Boomerang+1","Sword Boomerang","Carnage","Thunderclap","Limit Break+1","Inflame+1","Inflame+1","Immolate+1","Shrug It Off","Flame Barrier+1","Fiend Fire+1","Heavy Blade+1","Barricade","Finesse"],"special_seed":0,"relics":["Burning Blood","Boot","Ancient Tea Set","Smiling Mask","Snecko Eye","Mummified Hand","Matryoshka","Mark of Pain","Turnip","Bird Faced Urn","Art of War","Shuriken","Meat on the Bone"],"potions_floor_usage":[48,50],"damage_taken":[{"damage":6.0,"enemies":"Small Slimes","floor":1.0,"turns":5.0},{"damage":12.0,"enemies":"2 Louse","floor":2.0,"turns":4.0},{"damage":2.0,"enemies":"Jaw Worm","floor":10.0,"turns":3.0},{"damage":15.0,"enemies":"3 Louse","floor":11.0,"turns":2.0},{"damage":10.0,"enemies":"Large Slime","floor":13.0,"turns":4.0},{"damage":26.0,"enemies":"3 Sentries","floor":14.0,"turns":5.0},{"damage":0.0,"enemies":"Slime Boss","floor":16.0,"turns":7.0},{"damage":12.0,"enemies":"Chosen","floor":18.0,"turns":3.0},{"damage":29.0,"enemies":"2 Thieves","floor":22.0,"turns":3.0},{"damage":0.0,"enemies":"Centurion and Healer","floor":29.0,"turns":2.0},{"damage":0.0,"enemies":"Gremlin Leader","floor":30.0,"turns":2.0},{"damage":16.0,"enemies":"Snake Plant","floor":31.0,"turns":2.0},{"damage":29.0,"enemies":"Champ","floor":33.0,"turns":5.0},{"damage":0.0,"enemies":"Orb Walker","floor":35.0,"turns":2.0},{"damage":0.0,"enemies":"Mind Bloom Boss Battle","floor":36.0,"turns":3.0},{"damage":27.0,"enemies":"3 Shapes","floor":37.0,"turns":3.0},{"damage":9.0,"enemies":"Maw","floor":39.0,"turns":6.0},{"damage":42.0,"enemies":"Reptomancer","floor":41.0,"turns":4.0},{"damage":7,"enemies":"Spire Growth","floor":48,"turns":3},{"damage":79,"enemies":"Awakened One","floor":50,"turns":6}],"seed_played":"-498204982817599257","potions_obtained":[{"floor":2.0,"key":"PowerPotion"},{"floor":10.0,"key":"LiquidBronze"},{"floor":18.0,"key":"Fruit Juice"},{"floor":22.0,"key":"EssenceOfSteel"},{"floor":29.0,"key":"Strength Potion"},{"floor":39.0,"key":"SpeedPotion"},{"floor":41.0,"key":"Weak Potion"}],"is_trial":false,"path_per_floor":["M","M","?","?","$","R","?","R","T","M","M","R","M","E","R","B",null,"M","$","?","$","M","R","$","R","T","R","?","M","E","M","R","B",null,"M","?","M","?","M","R","E","?","T","$","R","?","?","M","R"],"character_chosen":"IRONCLAD","items_purchased":["Inflame","Immolate","Shrug It Off","Meat on the Bone"],"campfire_rested":2,"item_purchase_floors":[5,24,24,44],"current_hp_per_floor":[72,66,66,66,66,66,66,66,66,70,61,61,57,37,61,67,77,71,71,71,71,53,53,53,53,53,53,53,59,65,55,80,57,78,84,85,64,64,61,61,25,25,25,25,25,74,74,74,74,0],"gold":21,"neow_bonus":"RANDOM_COMMON_RELIC","is_prod":false,"is_daily":false,"chose_seed":false,"campfire_upgraded":9,"win_rate":0,"timestamp":1540222006,"path_taken":["M","M","?","?","$","R","?","R","T","M","M","R","M","E","R","BOSS","M","$","?","$","M","R","$","R","T","R","?","M","E","M","R","BOSS","M","?","?","?","M","R","E","?","T","$","R","?","?","M","R","BOSS"],"build_version":"2018-10-18","purchased_purges":3,"victory":false,"max_hp_per_floor":[80,80,80,80,80,80,80,80,80,80,80,80,80,80,80,80,80,80,80,80,80,85,85,85,85,85,85,85,85,85,85,85,85,85,85,85,85,85,85,85,85,85,85,85,85,74,74,74,74,74],"card_choices":[{"not_picked":["Body Slam","Sword Boomerang"],"picked":"True Grit","floor":1.0},{"not_picked":["Flex","Warcry"],"picked":"Sword Boomerang","floor":2.0},{"not_picked":["Clash","Headbutt"],"picked":"Cleave","floor":10.0},{"not_picked":["Twin Strike","Sentinel"],"picked":"Sword Boomerang","floor":11.0},{"not_picked":["Feed","Feel No Pain"],"picked":"Carnage","floor":13.0},{"not_picked":["Pommel Strike","Bloodletting"],"picked":"Thunderclap","floor":14.0},{"not_picked":["Dark Embrace","Demon Form"],"picked":"Limit Break","floor":16.0},{"not_picked":["Clash","Thunderclap"],"picked":"Inflame+1","floor":18.0},{"not_picked":["Reckless Charge","Combust"],"picked":"Inflame","floor":22.0},{"not_picked":["Shrug It Off","Sword Boomerang","Armaments"],"picked":"SKIP","floor":29.0},{"not_picked":["Reaper","Flex+1"],"picked":"Flame Barrier","floor":30.0},{"not_picked":["Perfected Strike","Warcry","Twin Strike"],"picked":"SKIP","floor":31.0},{"not_picked":["Dark Embrace","Limit Break"],"picked":"Fiend Fire","floor":33.0},{"not_picked":["Metallicize","Rampage","Havoc+1"],"picked":"SKIP","floor":35.0},{"not_picked":["Dual Wield","Infernal Blade","Spot Weakness"],"picked":"SKIP","floor":37.0},{"not_picked":["Body Slam","Ghostly Armor"],"picked":"Heavy Blade","floor":39.0},{"not_picked":["Iron Wave","Thunderclap"],"picked":"Barricade","floor":41.0},{"not_picked":["Good Instincts","Bandage Up"],"picked":"Finesse","floor":42.0},{"not_picked":["Warcry","Dual Wield","Fire Breathing+1"],"picked":"SKIP","floor":48}],"player_experience":1177720,"relics_obtained":[{"floor":9.0,"key":"Ancient Tea Set"},{"floor":14.0,"key":"Smiling Mask"},{"floor":26.0,"key":"Mummified Hand"},{"floor":30.0,"key":"Matryoshka"},{"floor":36.0,"key":"Turnip"},{"floor":41.0,"key":"Bird Faced Urn"},{"floor":43.0,"key":"Art of War"},{"floor":43.0,"key":"Shuriken"}],"event_choices":[{"damage_healed":0.0,"max_hp_gain":0.0,"max_hp_loss":0.0,"gold_gain":0.0,"event_name":"Living Wall","player_choice":"Grow","floor":3.0,"gold_loss":0.0,"damage_taken":0.0,"cards_upgraded":["Bash"]},{"damage_healed":0.0,"max_hp_gain":0.0,"max_hp_loss":0.0,"gold_gain":76.0,"event_name":"Golden Wing","player_choice":"Gained Gold","floor":4.0,"gold_loss":0.0,"damage_taken":0.0},{"damage_healed":0.0,"max_hp_gain":0.0,"max_hp_loss":0.0,"gold_gain":0.0,"cards_transformed":["Strike_R"],"event_name":"Transmorgrifier","player_choice":"Transformed","floor":7.0,"gold_loss":0.0,"damage_taken":0.0,"cards_obtained":["Sword Boomerang"]},{"damage_healed":0.0,"max_hp_gain":0.0,"max_hp_loss":0.0,"gold_gain":99.0,"event_name":"Nest","player_choice":"Stole From Cult","floor":20.0,"gold_loss":0.0,"damage_taken":0.0},{"damage_healed":0.0,"max_hp_gain":0.0,"max_hp_loss":0.0,"gold_gain":0.0,"event_name":"Beggar","player_choice":"Ignored","floor":28.0,"gold_loss":0.0,"damage_taken":0.0},{"damage_healed":0.0,"max_hp_gain":0.0,"max_hp_loss":0.0,"gold_gain":0.0,"event_name":"MindBloom","player_choice":"Fight","floor":36.0,"gold_loss":0.0,"damage_taken":0.0},{"cards_removed":["Cleave"],"damage_healed":0.0,"max_hp_gain":0.0,"max_hp_loss":0.0,"gold_gain":0.0,"event_name":"Falling","player_choice":"Removed Attack","floor":38.0,"gold_loss":0.0,"damage_taken":0.0},{"damage_healed":0.0,"max_hp_gain":0.0,"max_hp_loss":0.0,"gold_gain":0.0,"event_name":"SensoryStone","player_choice":"Memory 1","floor":42.0,"gold_loss":0.0,"damage_taken":0.0},{"damage_healed":74.0,"max_hp_gain":0.0,"max_hp_loss":11.0,"gold_gain":0.0,"event_name":"The Moai Head","player_choice":"Heal","floor":46.0,"gold_loss":0.0,"damage_taken":0.0},{"damage_healed":0.0,"max_hp_gain":0.0,"max_hp_loss":0.0,"gold_gain":0.0,"event_name":"Mysterious Sphere","player_choice":"Ignored","floor":47.0,"gold_loss":0.0,"damage_taken":0.0}],"is_beta":false,"boss_relics":[{"not_picked":["Astrolabe","Philosopher\u0027s Stone"],"picked":"Snecko Eye"},{"not_picked":["Cursed Key","Orrery"],"picked":"Mark of Pain"}],"items_purged_floors":[5,19,24],"is_endless":false,"potions_floor_spawned":[2,10,18,22,29,39,41],"killed_by":"Awakened One","ascension_level":13}