{"gold_per_floor":[109,126,143,94,94,126,146,165,215,215,249,249,274,274,274,376,376,388,401,601,617,130,130,158,158,158,258,273,113,130,140,140,140],"floor_reached":33,"playtime":2748,"items_purged":[],"score":312,"play_id":"65e979df-d5a3-498e-8602-61969c036206","local_time":"20181124050055","is_ascension_mode":false,"campfire_choices":[{"data":"Dagger Throw","floor":10,"key":"SMITH"},{"floor":15,"key":"REST"},{"data":"Storm of Steel","floor":23,"key":"SMITH"},{"floor":25,"key":"REST"},{"floor":32,"key":"REST"}],"neow_cost":"NONE","seed_source_timestamp":199297922314386,"circlet_count":0,"master_deck":["Defend_G","Defend_G","Defend_G","Defend_G","Defend_G","Strike_G","Strike_G","Strike_G","Strike_G","Strike_G","Survivor","Neutralize","Blur","Quick Slash","Cloak And Dagger","Backflip","Dagger Throw+1","Distraction","Blade Dance","Die Die Die","Parasite","Backstab","Storm of Steel+1","Deadly Poison","Dagger Throw","Masterful Stab","Unload","After Image","Dash+1","Poisoned Stab","Backstab","Infinite Blades","Glass Knife","Predator+1","Footwork","Bouncing Flask"],"relics":["Runic Pyramid","Centennial Puzzle","Lantern","Shuriken","Strawberry","Thread and Needle","Sozu","TwistedFunnel","Blood Vial","Dream Catcher","Ninja Scroll","FossilizedHelix","Letter Opener"],"potions_floor_usage":[16,33,33,33],"damage_taken":[{"damage":0,"enemies":"2 Louse","floor":1,"turns":3},{"damage":0,"enemies":"Jaw Worm","floor":2,"turns":5},{"damage":0,"enemies":"Cultist","floor":3,"turns":4},{"damage":18,"enemies":"3 Sentries","floor":6,"turns":13},{"damage":4,"enemies":"Large Slime","floor":7,"turns":9},{"damage":0,"enemies":"Looter","floor":8,"turns":4},{"damage":21,"enemies":"Lagavulin","floor":11,"turns":6},{"damage":21,"enemies":"3 Sentries","floor":13,"turns":5},{"damage":30,"enemies":"Hexaghost","floor":16,"turns":10},{"damage":0,"enemies":"Chosen","floor":18,"turns":4},{"damage":10,"enemies":"Shell Parasite","floor":19,"turns":3},{"damage":0,"enemies":"Cultist and Chosen","floor":21,"turns":4},{"damage":1,"enemies":"Book of Stabbing","floor":24,"turns":4},{"damage":16,"enemies":"Colosseum Slavers","floor":27,"turns":3},{"damage":11,"enemies":"Colosseum Nobs","floor":27,"turns":3},{"damage":8,"enemies":"Shelled Parasite and Fungi","floor":28,"turns":4},{"damage":0,"enemies":"Sentry and Sphere","floor":30,"turns":4},{"damage":0,"enemies":"Snecko","floor":31,"turns":3},{"damage":91,"enemies":"Collector","floor":33,"turns":6}],"seed_played":"6731122018483713796","potions_obtained":[{"floor":1,"key":"SpeedPotion"},{"floor":3,"key":"Energy Potion"},{"floor":8,"key":"Weak Potion"},{"floor":16,"key":"Strength Potion"}],"is_trial":false,"path_per_floor":["M","M","M","$","?","E","M","M","T","R","E","?","E","?","R","B",null,"M","M","?","M","$","R","E","R","T","?","M","$","M","M","R","B"],"character_chosen":"THE_SILENT","items_purchased":["Backflip","TwistedFunnel","Blood Vial","Unload","Infinite Blades","Glass Knife"],"campfire_rested":3,"item_purchase_floors":[4,22,22,22,29,29],"current_hp_per_floor":[70,70,70,70,70,52,48,48,48,48,27,44,30,23,46,16,77,77,67,67,67,67,67,68,77,77,52,46,46,48,50,73,0],"gold":140,"neow_bonus":"BOSS_RELIC","is_prod":false,"is_daily":false,"chose_seed":false,"campfire_upgraded":2,"win_rate":0.0,"timestamp":1543053655,"path_taken":["M","M","M","$","?","E","M","M","T","R","E","?","E","?","R","BOSS","M","M","?","M","?","R","E","R","T","?","M","$","M","M","R","BOSS"],"build_version":"2018-11-15","purchased_purges":0,"victory":false,"max_hp_per_floor":[70,70,70,70,70,70,70,70,70,70,70,70,77,77,77,77,77,77,77,77,77,77,77,77,77,77,77,77,77,77,77,77,77],"card_choices":[{"not_picked":["Acrobatics","Underhanded Strike"],"picked":"Blur","floor":1},{"not_picked":["PiercingWail","Sucker Punch"],"picked":"Quick Slash","floor":2},{"not_picked":["Underhanded Strike","Tactician"],"picked":"Cloak And Dagger","floor":3},{"not_picked":["Cloak And Dagger","Sucker Punch"],"picked":"Dagger Throw","floor":6},{"not_picked":["Night Terror","Sucker Punch"],"picked":"Distraction","floor":7},{"not_picked":["PiercingWail","Reflex"],"picked":"Blade Dance","floor":8},{"not_picked":["Dagger Throw","Prepared"],"picked":"Die Die Die","floor":11},{"not_picked":["Cloak And Dagger","Skewer"],"picked":"Backstab","floor":13},{"not_picked":["Doppelganger","Adrenaline"],"picked":"Storm of Steel","floor":16},{"not_picked":["Calculated Gamble+1","Dodge and Roll"],"picked":"Deadly Poison","floor":18},{"not_picked":["Flechettes","Terror"],"picked":"Dagger Throw","floor":19},{"not_picked":["Dagger Throw","Cloak And Dagger"],"picked":"Masterful Stab","floor":21},{"not_picked":["Burst","Well Laid Plans"],"picked":"After Image","floor":24},{"not_picked":["Backflip+1","Bane"],"picked":"Dash+1","floor":25},{"not_picked":["Prepared","Dodge and Roll"],"picked":"Poisoned Stab","floor":27},{"not_picked":["PiercingWail+1","Blur+1"],"picked":"Backstab","floor":28},{"not_picked":["Endless Agony","Poisoned Stab"],"picked":"Predator+1","floor":30},{"not_picked":["Poisoned Stab","Prepared+1"],"picked":"Footwork","floor":31},{"not_picked":["Sucker Punch+1","Glass Knife"],"picked":"Bouncing Flask","floor":32}],"player_experience":83891,"relics_obtained":[{"floor":6,"key":"Centennial Puzzle"},{"floor":9,"key":"Lantern"},{"floor":11,"key":"Shuriken"},{"floor":13,"key":"Strawberry"},{"floor":24,"key":"Dream Catcher"},{"floor":26,"key":"Ninja Scroll"},{"floor":27,"key":"FossilizedHelix"},{"floor":27,"key":"Letter Opener"}],"event_choices":[{"damage_healed":0,"gold_gain":0,"player_choice":"Leave","damage_taken":0,"max_hp_gain":0,"max_hp_loss":0,"event_name":"The Cleric","floor":5,"gold_loss":0},{"damage_healed":17,"gold_gain":0,"player_choice":"Healed and dodged fight","damage_taken":0,"max_hp_gain":0,"max_hp_loss":0,"event_name":"Mushrooms","floor":12,"gold_loss":0,"cards_obtained":["Parasite"]},{"damage_healed":0,"gold_gain":0,"player_choice":"Success","damage_taken":7,"relics_obtained":["Thread and Needle"],"max_hp_gain":0,"max_hp_loss":0,"event_name":"Scrap Ooze","floor":14,"gold_loss":0},{"damage_healed":0,"gold_gain":200,"player_choice":"Gold","damage_taken":0,"max_hp_gain":0,"max_hp_loss":0,"event_name":"Wheel of Change","floor":20,"gold_loss":0},{"damage_healed":0,"gold_gain":0,"player_choice":"Fight","damage_taken":0,"max_hp_gain":0,"max_hp_loss":0,"event_name":"Colosseum","floor":27,"gold_loss":0},{"damage_healed":0,"gold_gain":0,"player_choice":"Fought Nobs","damage_taken":0,"max_hp_gain":0,"max_hp_loss":0,"event_name":"Colosseum","floor":27,"gold_loss":0}],"is_beta":false,"boss_relics":[{"not_picked":["Fusion Hammer","HoveringKite"],"picked":"Sozu"}],"items_purged_floors":[],"is_endless":false,"potions_floor_spawned":[1,3,8,16,18,24,27,31],"killed_by":"Collector","ascension_level":0}