{"gold_per_floor":[167,187,187,187,37,37,50,77,103,103,120,120,132,143,143,248,248,264,275,275,275,275,275,306,306,329,362,362,394,406,517,529,541],"floor_reached":33,"playtime":1672,"items_purged":[],"score":481,"play_id":"14aad3b6-ba2b-4a6b-a540-d625e782c949","local_time":"20190105190742","is_ascension_mode":true,"campfire_choices":[{"data":"Neutralize","floor":6,"key":"SMITH"},{"data":"Noxious Fumes","floor":10,"key":"SMITH"},{"data":"Cloak And Dagger","floor":12,"key":"SMITH"},{"floor":15,"key":"REST"},{"data":"Dash","floor":23,"key":"SMITH"},{"floor":25,"key":"RECALL"},{"data":"Ghostly","floor":28,"key":"SMITH"},{"data":"Backstab","floor":32,"key":"SMITH"}],"neow_cost":"NONE","seed_source_timestamp":1551191867963711,"circlet_count":0,"master_deck":["Defend_G+1","Defend_G+1","Defend_G+1","Defend_G+1","Defend_G+1","Strike_G+1","Strike_G+1","Strike_G+1","Strike_G+1","Survivor","Neutralize+1","Deflect","Masterful Stab","Cloak And Dagger+1","Dagger Throw","Dagger Throw","Noxious Fumes+1","Dash+1","Sucker Punch","Die Die Die","Bouncing Flask","Cloak And Dagger+1","Ghostly+1","Ghostly","Ghostly","Ghostly","Ghostly","Finisher","PiercingWail","Backstab+1"],"relics":["Tiny House","Anchor","Centennial Puzzle","Gremlin Horn","Bronze Scales","Philosopher\u0027s Stone","Blood Vial","Ninja Scroll","Pen Nib","MawBank"],"potions_floor_usage":[8,8,13,16,18,19,33,33],"damage_taken":[{"damage":4,"enemies":"2 Louse","floor":1,"turns":3},{"damage":0,"enemies":"Jaw Worm","floor":2,"turns":5},{"damage":0,"enemies":"Small Slimes","floor":7,"turns":2},{"damage":16,"enemies":"Gremlin Nob","floor":8,"turns":3},{"damage":0,"enemies":"2 Fungi Beasts","floor":11,"turns":2},{"damage":15,"enemies":"Large Slime","floor":13,"turns":4},{"damage":0,"enemies":"3 Louse","floor":14,"turns":2},{"damage":10,"enemies":"Hexaghost","floor":16,"turns":10},{"damage":4,"enemies":"3 Byrds","floor":18,"turns":3},{"damage":0,"enemies":"Spheric Guardian","floor":19,"turns":3},{"damage":0,"enemies":"Slavers","floor":24,"turns":4},{"damage":0,"enemies":"Gremlin Leader","floor":27,"turns":9},{"damage":5,"enemies":"Slavers","floor":29,"turns":5},{"damage":52,"enemies":"Champ","floor":33,"turns":8}],"seed_played":"2317124217972190691","potions_obtained":[{"floor":0,"key":"Swift Potion"},{"floor":2,"key":"Explosive Potion"},{"floor":7,"key":"PowerPotion"},{"floor":8,"key":"SteroidPotion"},{"floor":13,"key":"AttackPotion"},{"floor":16,"key":"SteroidPotion"},{"floor":18,"key":"Energy Potion"},{"floor":27,"key":"SkillPotion"}],"is_trial":false,"path_per_floor":["M","M","?","?","$","R","M","E","T","R","M","R","M","M","R","B",null,"M","M","?","?","?","R","E","R","T","E","R","E","?","?","R","B"],"character_chosen":"THE_SILENT","items_purchased":["Centennial Puzzle"],"campfire_rested":1,"item_purchase_floors":[5],"current_hp_per_floor":[64,64,57,57,57,57,57,41,41,41,41,41,26,26,48,38,66,62,62,62,37,37,37,37,37,37,37,37,32,32,32,32,0],"gold":541,"neow_bonus":"BOSS_RELIC","is_prod":false,"is_daily":false,"chose_seed":false,"campfire_upgraded":6,"win_rate":0,"timestamp":1546733262,"path_taken":["M","M","?","?","$","R","M","E","T","R","M","R","M","M","R","BOSS","M","M","?","?","?","R","E","R","T","E","R","E","?","?","R","BOSS"],"build_version":"2019-01-03v4","purchased_purges":0,"victory":false,"max_hp_per_floor":[75,75,75,75,75,75,75,75,75,75,75,75,75,75,75,75,75,75,75,75,37,37,37,37,37,37,37,37,37,37,37,37,37],"card_choices":[{"not_picked":["Deadly Poison","Escape Plan"],"picked":"Deflect","floor":0},{"not_picked":["Heel Hook","Poisoned Stab"],"picked":"Masterful Stab","floor":1},{"not_picked":["Escape Plan","Finisher"],"picked":"Cloak And Dagger","floor":2},{"not_picked":["Underhanded Strike","Outmaneuver"],"picked":"Dagger Throw","floor":7},{"not_picked":["Flying Knee","Venomology"],"picked":"Noxious Fumes","floor":8},{"not_picked":["Outmaneuver","Dagger Throw","Blade Dance"],"picked":"SKIP","floor":11},{"not_picked":["Dodge and Roll","Bane"],"picked":"Dash","floor":13},{"not_picked":["Deadly Poison","Dodge and Roll"],"picked":"Sucker Punch","floor":14},{"not_picked":["Adrenaline","Unload"],"picked":"Die Die Die","floor":16},{"not_picked":["Bane","Deadly Poison"],"picked":"Bouncing Flask","floor":18},{"not_picked":["Poisoned Stab","Flying Knee+1"],"picked":"Cloak And Dagger+1","floor":19},{"not_picked":["Reflex+1","Bane+1","Prepared"],"picked":"SKIP","floor":24},{"not_picked":["Calculated Gamble","Dagger Throw"],"picked":"Finisher","floor":27},{"not_picked":["Endless Agony","Backflip"],"picked":"PiercingWail","floor":29}],"player_experience":351653,"relics_obtained":[{"floor":8,"key":"Gremlin Horn"},{"floor":9,"key":"Bronze Scales"},{"floor":24,"key":"Ninja Scroll"},{"floor":27,"key":"Pen Nib"},{"floor":29,"key":"MawBank"}],"event_choices":[{"damage_healed":0,"gold_gain":0,"player_choice":"Success","damage_taken":7,"relics_obtained":["Anchor"],"max_hp_gain":0,"max_hp_loss":0,"event_name":"Scrap Ooze","floor":3,"gold_loss":0},{"damage_healed":0,"gold_gain":0,"cards_transformed":["Strike_G"],"player_choice":"Change","damage_taken":0,"max_hp_gain":0,"max_hp_loss":0,"event_name":"Living Wall","floor":4,"gold_loss":0,"cards_obtained":["Dagger Throw"]},{"damage_healed":0,"gold_gain":0,"player_choice":"Opened","damage_taken":0,"relics_obtained":["Blood Vial"],"max_hp_gain":0,"max_hp_loss":0,"event_name":"The Mausoleum","floor":20,"gold_loss":0},{"damage_healed":0,"gold_gain":0,"player_choice":"Became a Ghost","damage_taken":0,"max_hp_gain":0,"max_hp_loss":38,"event_name":"Ghosts","floor":21,"gold_loss":0,"cards_obtained":["Ghostly","Ghostly","Ghostly","Ghostly","Ghostly"]},{"damage_healed":0,"gold_gain":0,"player_choice":"Simplicity","damage_taken":0,"max_hp_gain":0,"max_hp_loss":0,"event_name":"Back to Basics","floor":22,"gold_loss":0,"cards_upgraded":["Defend_G","Defend_G","Defend_G","Defend_G","Defend_G","Strike_G","Strike_G","Strike_G"]},{"damage_healed":0,"gold_gain":0,"player_choice":"Read","damage_taken":0,"max_hp_gain":0,"max_hp_loss":0,"event_name":"The Library","floor":30,"gold_loss":0,"cards_obtained":["Backstab"]},{"damage_healed":0,"gold_gain":99,"player_choice":"Stole From Cult","damage_taken":0,"max_hp_gain":0,"max_hp_loss":0,"event_name":"Nest","floor":31,"gold_loss":0}],"is_beta":false,"boss_relics":[{"not_picked":["Busted Crown","Astrolabe"],"picked":"Philosopher\u0027s Stone"}],"items_purged_floors":[],"is_endless":false,"potions_floor_spawned":[2,7,8,13,16,18,27],"killed_by":"Champ","ascension_level":6}