{"gold_per_floor":[111,36,186,206,216,216,244,244,269,158,183,202,202,235,235,313,313,325,124,144,144,155,155,184,184,232,232,232,242,255,255,255,255],"floor_reached":33,"playtime":1657,"items_purged":["Doubt"],"score":583,"play_id":"22ac99ad-5355-4add-a89a-d1cc590299fb","local_time":"20181118210018","is_ascension_mode":true,"campfire_choices":[{"data":"Chaos","floor":6,"key":"SMITH"},{"data":"Zap","floor":8,"key":"SMITH"},{"floor":15,"key":"REST"},{"data":"Darkness","floor":23,"key":"SMITH"},{"data":"Machine Learning","floor":25,"key":"SMITH"},{"data":"Chaos","floor":27,"key":"SMITH"},{"floor":32,"key":"REST"}],"neow_cost":"NONE","seed_source_timestamp":58550435454041,"circlet_count":0,"master_deck":["AscendersBane","Zap+1","Dualcast","Ball Lightning","Chaos+1","Ball Lightning","FTL","Go for the Eyes","White Noise","Rip and Tear","Machine Learning+1","Machine Learning","Cold Snap","Stack","Self Repair","Leap","Leap","Coolheaded","Darkness+1","Chaos+1","Loop","Core Surge","Capacitor"],"relics":["Cracked Core","NeowsBlessing","Blood Vial","Dream Catcher","Blue Candle","Mummified Hand","Pandora\u0027s Box","TheAbacus","Bottled Lightning","Omamori","Torii"],"potions_floor_usage":[11,14,16,22,24],"damage_taken":[{"damage":0,"enemies":"Small Slimes","floor":1,"turns":1},{"damage":0,"enemies":"Jaw Worm","floor":4,"turns":1},{"damage":0,"enemies":"2 Louse","floor":5,"turns":1},{"damage":21,"enemies":"Lagavulin","floor":7,"turns":6},{"damage":19,"enemies":"Gremlin Nob","floor":11,"turns":4},{"damage":4,"enemies":"Looter","floor":12,"turns":3},{"damage":15,"enemies":"Lagavulin","floor":14,"turns":3},{"damage":0,"enemies":"Slime Boss","floor":16,"turns":6},{"damage":2,"enemies":"Spheric Guardian","floor":18,"turns":3},{"damage":10,"enemies":"Shell Parasite","floor":20,"turns":5},{"damage":2,"enemies":"Centurion and Healer","floor":22,"turns":6},{"damage":20,"enemies":"Book of Stabbing","floor":24,"turns":5},{"damage":50,"enemies":"Cultist and Chosen","floor":29,"turns":5},{"damage":7,"enemies":"Snecko","floor":30,"turns":5},{"damage":49,"enemies":"Collector","floor":33,"turns":3}],"seed_played":"3824029446563104147","potions_obtained":[{"floor":7,"key":"Block Potion"},{"floor":12,"key":"Explosive Potion"},{"floor":14,"key":"GamblersBrew"},{"floor":20,"key":"SkillPotion"},{"floor":22,"key":"FocusPotion"}],"is_trial":false,"path_per_floor":["M","?","?","M","M","R","E","R","T","$","E","M","?","E","R","B",null,"M","$","M","?","M","R","E","R","T","R","?","M","M","?","R","B"],"character_chosen":"DEFECT","items_purchased":["FTL","TheAbacus"],"campfire_rested":2,"item_purchase_floors":[10,19],"current_hp_per_floor":[64,64,64,64,64,64,43,43,43,43,26,24,24,11,32,34,62,69,69,68,68,71,71,58,58,58,58,58,17,19,19,40,0],"gold":255,"neow_bonus":"THREE_ENEMY_KILL","is_prod":false,"is_daily":false,"chose_seed":false,"campfire_upgraded":5,"win_rate":0,"timestamp":1542535218,"path_taken":["M","?","?","M","M","R","E","R","T","$","E","M","?","E","R","BOSS","M","$","M","?","M","R","E","R","T","R","?","M","M","?","R","BOSS"],"build_version":"2018-11-15","purchased_purges":1,"victory":false,"max_hp_per_floor":[71,71,71,71,71,71,71,71,71,71,71,71,71,71,71,71,71,71,71,71,71,71,71,71,71,71,71,71,71,71,71,71,71],"card_choices":[{"not_picked":["Conserve Battery","Reinforced Body"],"picked":"Ball Lightning","floor":1},{"not_picked":["Stack","Barrage"],"picked":"Chaos","floor":4},{"not_picked":["Hologram","Redo"],"picked":"Doom and Gloom","floor":5},{"not_picked":["Streamline","Rebound"],"picked":"Ball Lightning","floor":7},{"not_picked":["Gash","Consume"],"picked":"Go for the Eyes","floor":11},{"not_picked":["Barrage","Sunder"],"picked":"White Noise","floor":12},{"not_picked":["Consume","Leap"],"picked":"Machine Learning","floor":14},{"not_picked":["Reboot","Biased Cognition"],"picked":"Machine Learning","floor":16},{"not_picked":["Glacier+1","BootSequence"],"picked":"Darkness","floor":18},{"not_picked":["BootSequence","Double Energy"],"picked":"Chaos","floor":20},{"not_picked":["Sweeping Beam","Rebound"],"picked":"Loop","floor":22},{"not_picked":["Leap","Go for the Eyes"],"picked":"Core Surge","floor":24},{"not_picked":["Coolheaded","Sweeping Beam","Fusion"],"picked":"SKIP","floor":29},{"not_picked":["Melter","Ball Lightning","Sweeping Beam"],"picked":"SKIP","floor":30},{"not_picked":["Hologram","Steam"],"picked":"Capacitor","floor":32}],"player_experience":857879,"relics_obtained":[{"floor":7,"key":"Blood Vial"},{"floor":9,"key":"Dream Catcher"},{"floor":11,"key":"Blue Candle"},{"floor":14,"key":"Mummified Hand"},{"floor":24,"key":"Bottled Lightning"},{"floor":26,"key":"Omamori"}],"event_choices":[{"cards_removed":["Strike_B"],"damage_healed":0,"gold_gain":0,"player_choice":"Card Removal","damage_taken":0,"max_hp_gain":0,"max_hp_loss":0,"event_name":"The Cleric","floor":2,"gold_loss":75},{"damage_healed":0,"gold_gain":150,"player_choice":"AGREE","damage_taken":0,"max_hp_gain":0,"max_hp_loss":0,"event_name":"Liars Game","floor":3,"gold_loss":0,"cards_obtained":["Doubt"]},{"damage_healed":0,"gold_gain":0,"cards_transformed":["Strike_B"],"player_choice":"Change","damage_taken":0,"max_hp_gain":0,"max_hp_loss":0,"event_name":"Living Wall","floor":13,"gold_loss":0,"cards_obtained":["Rip and Tear"]},{"cards_removed":["Doom and Gloom"],"damage_healed":0,"gold_gain":0,"player_choice":"Elegance","damage_taken":0,"max_hp_gain":0,"max_hp_loss":0,"event_name":"Back to Basics","floor":21,"gold_loss":0},{"damage_healed":0,"gold_gain":0,"player_choice":"Ignored","damage_taken":0,"max_hp_gain":0,"max_hp_loss":0,"event_name":"The Mausoleum","floor":28,"gold_loss":0},{"damage_healed":0,"gold_gain":0,"player_choice":"Stole Relic","damage_taken":0,"relics_obtained":["Torii"],"max_hp_gain":0,"max_hp_loss":0,"event_name":"Addict","floor":31,"gold_loss":0,"cards_obtained":["Shame"]}],"is_beta":true,"boss_relics":[{"not_picked":["Orrery","Eternal Feather"],"picked":"Pandora\u0027s Box"}],"items_purged_floors":[10],"is_endless":false,"potions_floor_spawned":[7,12,14,20,22],"killed_by":"Collector","ascension_level":15}