{"gold_per_floor":[116,116,116,41,62,106,106,131,131,131,151,186,202,242,242,338,338,357,382,406,18,117,117,117,137,137,137,137,151,151,172,172,268,268,292,392,408,431,431,462,462,502,502,540,561,582,607,621,621,621],"floor_reached":51,"playtime":3030,"items_purged":["Injury"],"score":1405,"play_id":"f7225cd6-3dc7-416c-ac34-0af2343daf87","local_time":"20190203121836","is_ascension_mode":true,"campfire_choices":[{"data":"Envenom","floor":7,"key":"SMITH"},{"data":"Neutralize","floor":10,"key":"SMITH"},{"floor":15,"key":"REST"},{"floor":24,"key":"REST"},{"data":"Infinite Blades","floor":28,"key":"SMITH"},{"data":"A Thousand Cuts","floor":30,"key":"SMITH"},{"floor":32,"key":"REST"},{"floor":41,"key":"REST"},{"floor":49,"key":"REST"}],"neow_cost":"NONE","seed_source_timestamp":491604830214142,"circlet_count":0,"master_deck":["AscendersBane","Defend_G","Defend_G","Defend_G","Defend_G","Defend_G","Strike_G","Strike_G","Survivor","Neutralize+1","Envenom+1","Riddle With Holes","Backstab","Poisoned Stab","Dagger Spray","A Thousand Cuts+1","Adrenaline+1","Cloak And Dagger+1","Infinite Blades+1","PiercingWail+1","Ghostly+1","Ghostly+1","Ghostly+1","Ghostly+1","Ghostly+1","Cloak And Dagger+1","Storm of Steel+1","Night Terror+1","Caltrops+1","Catalyst+1","Bouncing Flask+1","Finisher+1"],"relics":["Ring of the Snake","Golden Idol","Sundial","Singing Bowl","Toxic Egg 2","Gremlin Horn","StoneCalendar","Busted Crown","Prayer Wheel","Dead Branch","Astrolabe","Regal Pillow","Snake Skull","The Courier","Frozen Egg 2"],"potions_floor_usage":[12,14,18,23,29,33,44,50],"damage_taken":[{"damage":0,"enemies":"2 Louse","floor":1,"turns":3},{"damage":3,"enemies":"Jaw Worm","floor":5,"turns":5},{"damage":20,"enemies":"Lagavulin","floor":6,"turns":6},{"damage":7,"enemies":"Small Slimes","floor":8,"turns":3},{"damage":1,"enemies":"2 Fungi Beasts","floor":11,"turns":3},{"damage":6,"enemies":"Gremlin Nob","floor":12,"turns":3},{"damage":0,"enemies":"Gremlin Gang","floor":13,"turns":2},{"damage":25,"enemies":"Lagavulin","floor":14,"turns":7},{"damage":34,"enemies":"Hexaghost","floor":16,"turns":9},{"damage":14,"enemies":"2 Thieves","floor":18,"turns":3},{"damage":1,"enemies":"Spheric Guardian","floor":19,"turns":3},{"damage":13,"enemies":"Snecko","floor":20,"turns":5},{"damage":21,"enemies":"Book of Stabbing","floor":23,"turns":4},{"damage":32,"enemies":"Snake Plant","floor":25,"turns":4},{"damage":12,"enemies":"Centurion and Healer","floor":29,"turns":6},{"damage":0,"enemies":"Sentry and Sphere","floor":31,"turns":4},{"damage":28,"enemies":"Collector","floor":33,"turns":7},{"damage":1,"enemies":"Orb Walker","floor":35,"turns":3},{"damage":15,"enemies":"3 Shapes","floor":37,"turns":4},{"damage":5,"enemies":"3 Darklings","floor":38,"turns":4},{"damage":2,"enemies":"Reptomancer","floor":40,"turns":4},{"damage":4,"enemies":"Nemesis","floor":42,"turns":5},{"damage":0,"enemies":"Reptomancer","floor":44,"turns":5},{"damage":0,"enemies":"Transient","floor":45,"turns":5},{"damage":22,"enemies":"Sphere and 2 Shapes","floor":46,"turns":7},{"damage":0,"enemies":"Jaw Worm Horde","floor":47,"turns":3},{"damage":1,"enemies":"Spire Growth","floor":48,"turns":5},{"damage":8,"enemies":"Donu and Deca","floor":50,"turns":7}],"seed_played":"143130857983733650","potions_obtained":[{"floor":6,"key":"GamblersBrew"},{"floor":8,"key":"Weak Potion"},{"floor":11,"key":"Regen Potion"},{"floor":14,"key":"SmokeBomb"},{"floor":16,"key":"SkillPotion"},{"floor":20,"key":"Fire Potion"},{"floor":25,"key":"Regen Potion"},{"floor":33,"key":"Strength Potion"},{"floor":37,"key":"SkillPotion"},{"floor":44,"key":"Regen Potion"}],"is_trial":false,"path_per_floor":["M","?","T","$","M","E","R","M","T","R","M","E","M","E","R","B",null,"M","M","M","$","?","E","R","M","T","?","R","M","R","M","R","B",null,"M","?","M","M","?","E","R","E","T","E","M","M","M","M","R","B",null],"character_chosen":"THE_SILENT","items_purchased":["Prayer Wheel","Infinite Blades"],"campfire_rested":5,"item_purchase_floors":[21,21],"current_hp_per_floor":[63,63,63,63,60,40,40,35,35,35,34,28,30,22,44,10,60,48,49,36,36,36,15,39,9,9,9,9,16,16,18,32,4,36,39,39,26,23,23,23,55,53,53,55,59,41,45,48,77,69],"gold":621,"neow_bonus":"ONE_RANDOM_RARE_CARD","is_prod":false,"is_daily":false,"chose_seed":false,"campfire_upgraded":4,"win_rate":0,"timestamp":1549217916,"path_taken":["M","?","?","$","M","E","R","M","T","R","M","E","M","E","R","BOSS","M","M","M","$","?","E","R","M","T","?","R","M","R","M","R","BOSS","M","?","M","?","?","E","R","E","T","E","M","?","M","M","R","BOSS"],"build_version":"2019-01-23","purchased_purges":1,"victory":true,"max_hp_per_floor":[70,70,70,70,70,70,70,72,72,72,72,72,74,76,76,76,76,78,80,80,80,80,80,80,82,82,41,41,45,45,47,47,47,47,51,51,53,55,55,57,57,59,59,61,65,69,73,77,77,77],"card_choices":[{"not_picked":["Dagger Throw","Prepared"],"picked":"Riddle With Holes","floor":1},{"not_picked":["Skewer","Flying Knee"],"picked":"Backstab","floor":5},{"not_picked":["Flying Knee","Night Terror"],"picked":"Poisoned Stab","floor":6},{"not_picked":["Deflect","Reflex","Underhanded Strike"],"picked":"Singing Bowl","floor":8},{"not_picked":["Quick Slash","Dash"],"picked":"Dagger Spray","floor":11},{"not_picked":["Slice","Bullet Time+1"],"picked":"A Thousand Cuts","floor":12},{"not_picked":["Underhanded Strike","Sucker Punch","Dagger Spray"],"picked":"Singing Bowl","floor":13},{"not_picked":["Sucker Punch","Masterful Stab","Prepared+1"],"picked":"Singing Bowl","floor":14},{"not_picked":["Night Terror+1","Bullet Time+1"],"picked":"Adrenaline+1","floor":16},{"not_picked":["Blade Dance+1"],"picked":"Singing Bowl","floor":18},{"not_picked":["Flying Knee"],"picked":"Singing Bowl","floor":19},{"not_picked":[],"picked":"Cloak And Dagger+1","floor":20},{"not_picked":[],"picked":"PiercingWail+1","floor":25},{"not_picked":["Backstab"],"picked":"Singing Bowl","floor":25},{"not_picked":["Outmaneuver+1"],"picked":"Singing Bowl","floor":29},{"not_picked":["Quick Slash"],"picked":"Singing Bowl","floor":29},{"not_picked":[],"picked":"Cloak And Dagger+1","floor":31},{"not_picked":["Outmaneuver+1"],"picked":"Singing Bowl","floor":31},{"not_picked":[],"picked":"Storm of Steel+1","floor":33},{"not_picked":["Footwork"],"picked":"Singing Bowl","floor":35},{"not_picked":["Deflect+1"],"picked":"Singing Bowl","floor":35},{"not_picked":["Prepared+1"],"picked":"Singing Bowl","floor":37},{"not_picked":[],"picked":"Bouncing Flask+1","floor":37},{"not_picked":[],"picked":"Finisher+1","floor":38},{"not_picked":["Flechettes"],"picked":"Singing Bowl","floor":38},{"not_picked":["Caltrops"],"picked":"Singing Bowl","floor":40},{"not_picked":["Deflect+1"],"picked":"Singing Bowl","floor":42},{"not_picked":["Acrobatics+1"],"picked":"Singing Bowl","floor":44},{"not_picked":["Sucker Punch"],"picked":"Singing Bowl","floor":45},{"not_picked":["Dagger Spray"],"picked":"Singing Bowl","floor":45},{"not_picked":["Quick Slash"],"picked":"Singing Bowl","floor":46},{"not_picked":["Escape Plan+1"],"picked":"Singing Bowl","floor":46},{"not_picked":["Masterful Stab"],"picked":"Singing Bowl","floor":47},{"not_picked":["Poisoned Stab"],"picked":"Singing Bowl","floor":47},{"not_picked":["Concentrate+1"],"picked":"Singing Bowl","floor":48},{"not_picked":["PiercingWail+1"],"picked":"Singing Bowl","floor":48}],"player_experience":518130,"relics_obtained":[{"floor":3,"key":"Sundial"},{"floor":6,"key":"Singing Bowl"},{"floor":9,"key":"Toxic Egg 2"},{"floor":12,"key":"Gremlin Horn"},{"floor":14,"key":"StoneCalendar"},{"floor":26,"key":"Dead Branch"},{"floor":40,"key":"Regal Pillow"},{"floor":42,"key":"Snake Skull"},{"floor":43,"key":"The Courier"},{"floor":44,"key":"Frozen Egg 2"}],"event_choices":[{"damage_healed":0,"gold_gain":0,"player_choice":"Take Wound","damage_taken":0,"relics_obtained":["Golden Idol"],"max_hp_gain":0,"max_hp_loss":0,"event_name":"Golden Idol","floor":2,"gold_loss":0,"cards_obtained":["Injury"]},{"damage_healed":0,"gold_gain":99,"player_choice":"Stole From Cult","damage_taken":0,"max_hp_gain":0,"max_hp_loss":0,"event_name":"Nest","floor":22,"gold_loss":0},{"damage_healed":0,"gold_gain":0,"player_choice":"Became a Ghost","damage_taken":0,"max_hp_gain":0,"max_hp_loss":41,"event_name":"Ghosts","floor":27,"gold_loss":0,"cards_obtained":["Ghostly","Ghostly","Ghostly","Ghostly","Ghostly"]},{"damage_healed":0,"gold_gain":100,"player_choice":"Pray","damage_taken":0,"max_hp_gain":0,"max_hp_loss":0,"event_name":"Golden Shrine","floor":36,"gold_loss":0},{"damage_healed":0,"gold_gain":0,"player_choice":"0 cards matched","damage_taken":0,"max_hp_gain":0,"max_hp_loss":0,"event_name":"Match and Keep!","floor":39,"gold_loss":0,"cards_obtained":[]}],"is_beta":false,"boss_relics":[{"not_picked":["Calling Bell","Empty Cage"],"picked":"Busted Crown"},{"not_picked":["HoveringKite","Tiny House"],"picked":"Astrolabe"}],"items_purged_floors":[4],"is_endless":false,"potions_floor_spawned":[6,8,11,14,16,20,23,25,33,37,38,44,45],"ascension_level":13}