{"gold_per_floor":[112,62,62,77,77,104,104,137,190,215,231,300,300,313,313,410,410,430,345,15,28,28,28,56,56,56,73,84,109,109,125,125,224,224,242,342,342,355,375,402,402,436,436,455,490,507,553,134,134,134,134,134,31,62,62],"floor_reached":55,"playtime":4893,"items_purged":[],"score":1185,"play_id":"8053e079-6c3a-425d-b2f9-5ee09fe2622f","local_time":"20190103041649","is_ascension_mode":true,"campfire_choices":[{"data":"Neutralize","floor":7.0,"key":"SMITH"},{"data":"Backstab","floor":13.0,"key":"SMITH"},{"data":"Noxious Fumes","floor":15.0,"key":"SMITH"},{"data":"Glass Knife","floor":23.0,"key":"SMITH"},{"data":"Sucker Punch","floor":25.0,"key":"SMITH"},{"floor":32.0,"key":"REST"},{"floor":41.0,"key":"RECALL"},{"data":"Noxious Fumes","floor":49,"key":"SMITH"},{"data":"Bite","floor":52,"key":"SMITH"}],"neow_cost":"NONE","seed_source_timestamp":1321490692077976,"circlet_count":0,"master_deck":["Defend_G","Defend_G","Defend_G","Defend_G","Defend_G","Survivor","Neutralize+1","Cloak And Dagger","PiercingWail","Backstab+1","Burst","Adrenaline","Blur","Noxious Fumes+1","Glass Knife+1","Sucker Punch+1","Caltrops","Cloak And Dagger+1","Dash+1","Sucker Punch","Flying Knee","Backstab","Bite+1","Bite","Bite+1","Bite","Bite","Prepared+1","All Out Attack","Malaise","Flying Knee+1","Finisher+1","Cloak And Dagger+1","Noxious Fumes+1","Parasite","Footwork+1","Dodge and Roll+1","Bandage Up","Footwork+1"],"special_seed":0,"relics":["Ring of the Snake","NeowsBlessing","PreservedInsect","Pantograph","Whetstone","Lantern","Mummified Hand","Lizard Tail","Torii","Bottled Tornado","Dream Catcher","Pear","Bronze Scales","WristBlade","Dead Branch","Ornamental Fan","Strawberry","Gremlin Horn","Tough Bandages","Anchor","Gambling Chip"],"potions_floor_usage":[47,48,50,50,50,55,55],"damage_taken":[{"damage":0.0,"enemies":"2 Louse","floor":1.0,"turns":1.0},{"damage":0.0,"enemies":"Small Slimes","floor":4.0,"turns":1.0},{"damage":0.0,"enemies":"3 Sentries","floor":6.0,"turns":1.0},{"damage":20.0,"enemies":"Lagavulin","floor":8.0,"turns":9.0},{"damage":4.0,"enemies":"Gremlin Nob","floor":10.0,"turns":3.0},{"damage":0.0,"enemies":"Jaw Worm","floor":11.0,"turns":2.0},{"damage":0.0,"enemies":"Red Slaver","floor":14.0,"turns":3.0},{"damage":36.0,"enemies":"Hexaghost","floor":16.0,"turns":12.0},{"damage":11.0,"enemies":"2 Thieves","floor":18.0,"turns":5.0},{"damage":6.0,"enemies":"3 Byrds","floor":21.0,"turns":4.0},{"damage":3.0,"enemies":"Book of Stabbing","floor":24.0,"turns":4.0},{"damage":10.0,"enemies":"Centurion and Healer","floor":27.0,"turns":5.0},{"damage":0.0,"enemies":"Cultist and Chosen","floor":28.0,"turns":6.0},{"damage":0.0,"enemies":"Gremlin Leader","floor":29.0,"turns":4.0},{"damage":17.0,"enemies":"Snake Plant","floor":31.0,"turns":3.0},{"damage":106.0,"enemies":"Collector","floor":33.0,"turns":9.0},{"damage":0.0,"enemies":"3 Shapes","floor":35.0,"turns":3.0},{"damage":0.0,"enemies":"Mind Bloom Boss Battle","floor":36.0,"turns":5.0},{"damage":0.0,"enemies":"Orb Walker","floor":38.0,"turns":2.0},{"damage":0.0,"enemies":"Sphere and 2 Shapes","floor":39.0,"turns":2.0},{"damage":7.0,"enemies":"Reptomancer","floor":40.0,"turns":4.0},{"damage":40.0,"enemies":"Nemesis","floor":42.0,"turns":3.0},{"damage":6.0,"enemies":"Writhing Mass","floor":44.0,"turns":5.0},{"damage":0,"enemies":"Giant Head","floor":45,"turns":5},{"damage":0,"enemies":"Jaw Worm Horde","floor":46,"turns":2},{"damage":0,"enemies":"2 Orb Walkers","floor":47,"turns":2},{"damage":67,"enemies":"Awakened One","floor":50,"turns":16},{"damage":30,"enemies":"Shield and Spear","floor":54,"turns":6},{"damage":104,"enemies":"The Heart","floor":55,"turns":8}],"seed_played":"-3211709161963460142","potions_obtained":[{"floor":6.0,"key":"PowerPotion"},{"floor":8.0,"key":"Energy Potion"},{"floor":11.0,"key":"SpeedPotion"},{"floor":14.0,"key":"GamblersBrew"},{"floor":18.0,"key":"Explosive Potion"},{"floor":27.0,"key":"Explosive Potion"},{"floor":28.0,"key":"Swift Potion"},{"floor":33.0,"key":"EssenceOfSteel"},{"floor":36.0,"key":"GhostInAJar"},{"floor":38.0,"key":"Ancient Potion"},{"floor":40.0,"key":"Energy Potion"},{"floor":46,"key":"Swift Potion"}],"is_trial":false,"path_per_floor":["M","?","?","M","?","E","R","E","T","E","M","T","R","M","R","B",null,"M","?","$","M","?","R","E","R","T","M","M","E","?","M","R","B",null,"M","?","?","M","M","E","R","E","T","M","E","M","?","$","R","B",null,"R","$","E","B"],"character_chosen":"THE_SILENT","items_purchased":["Bottled Tornado","Caltrops","Anchor","Fruit Juice","EssenceOfSteel","Bandage Up","Energy Potion","Block Potion"],"campfire_rested":1,"item_purchase_floors":[20,20,48,48,48,48,53,53],"current_hp_per_floor":[70,70,70,70,63,65,65,47,47,45,47,47,47,49,49,34,61,52,52,52,48,48,48,47,47,57,49,51,53,53,42,66,40,70,74,80,80,80,80,73,73,47,47,52,61,66,66,71,71,50,82,82,82,66,0],"gold":62,"neow_bonus":"THREE_ENEMY_KILL","is_prod":false,"is_daily":false,"chose_seed":false,"campfire_upgraded":7,"win_rate":0,"timestamp":1546507009,"path_taken":["M","?","?","M","?","E","R","E","T","E","M","?","R","?","R","BOSS","M","?","$","M","?","R","E","R","T","?","M","E","?","M","R","BOSS","M","?","?","?","M","E","R","E","T","M","E","M","?","$","R","BOSS","R","$","E","BOSS"],"build_version":"2018-12-20","purchased_purges":0,"victory":false,"max_hp_per_floor":[70,70,70,70,70,70,70,70,70,70,70,70,70,70,70,70,70,70,70,70,70,70,70,70,70,80,80,80,80,80,80,80,80,80,80,80,80,80,80,80,80,87,87,87,87,87,87,92,92,92,92,92,92,92,92],"card_choices":[{"not_picked":["Bane","Dagger Throw"],"picked":"Cloak And Dagger","floor":1.0},{"not_picked":["Blade Dance","Concentrate"],"picked":"PiercingWail","floor":4.0},{"not_picked":["Heel Hook","PiercingWail"],"picked":"Backstab","floor":6.0},{"not_picked":["Distraction","Dagger Spray"],"picked":"Burst","floor":8.0},{"not_picked":["Cloak And Dagger","Tactician"],"picked":"Adrenaline","floor":10.0},{"not_picked":["Backflip","Concentrate"],"picked":"Blur","floor":11.0},{"not_picked":["Well Laid Plans","Backstab"],"picked":"Noxious Fumes","floor":14.0},{"not_picked":["Tools of the Trade","Phantasmal Killer"],"picked":"Glass Knife","floor":16.0},{"not_picked":["Accuracy","PiercingWail"],"picked":"Sucker Punch","floor":18.0},{"not_picked":["Escape Plan","Blade Dance"],"picked":"Cloak And Dagger+1","floor":21.0},{"not_picked":["Outmaneuver","Distraction"],"picked":"Dash+1","floor":24.0},{"not_picked":["Acrobatics+1","Eviscerate"],"picked":"Sucker Punch","floor":27.0},{"not_picked":["Poisoned Stab","Distraction"],"picked":"Flying Knee","floor":28.0},{"not_picked":["Underhanded Strike","Calculated Gamble"],"picked":"Backstab","floor":29.0},{"not_picked":["Corpse Explosion","Backflip"],"picked":"Prepared+1","floor":31.0},{"not_picked":["Cloak And Dagger","Distraction"],"picked":"All Out Attack","floor":32.0},{"not_picked":["Venomology","Storm of Steel"],"picked":"Malaise","floor":33.0},{"not_picked":["PiercingWail","Poisoned Stab"],"picked":"Flying Knee+1","floor":35.0},{"not_picked":["Dagger Spray","Catalyst+1"],"picked":"Finisher+1","floor":36.0},{"not_picked":["Masterful Stab","Acrobatics+1"],"picked":"Cloak And Dagger+1","floor":38.0},{"not_picked":["Well Laid Plans","Corpse Explosion","Calculated Gamble+1"],"picked":"SKIP","floor":39.0},{"not_picked":["Corpse Explosion","Malaise","Dagger Throw"],"picked":"SKIP","floor":40.0},{"not_picked":["Acrobatics+1","Underhanded Strike+1"],"picked":"Noxious Fumes","floor":42.0},{"not_picked":["Underhanded Strike+1","Poisoned Stab","Deadly Poison+1"],"picked":"SKIP","floor":44.0},{"not_picked":["Calculated Gamble+1","All Out Attack+1"],"picked":"Footwork+1","floor":45},{"not_picked":["Slice+1","Blur"],"picked":"Dodge and Roll+1","floor":46},{"not_picked":["Heel Hook+1","All Out Attack+1"],"picked":"Footwork+1","floor":54}],"player_experience":322043,"relics_obtained":[{"floor":6.0,"key":"PreservedInsect"},{"floor":8.0,"key":"Pantograph"},{"floor":9.0,"key":"Whetstone"},{"floor":10.0,"key":"Lantern"},{"floor":12.0,"key":"Mummified Hand"},{"floor":24.0,"key":"Dream Catcher"},{"floor":26.0,"key":"Pear"},{"floor":29.0,"key":"Bronze Scales"},{"floor":36.0,"key":"Dead Branch"},{"floor":40.0,"key":"Ornamental Fan"},{"floor":42.0,"key":"Strawberry"},{"floor":45,"key":"Gremlin Horn"},{"floor":47,"key":"Tough Bandages"},{"floor":54,"key":"Gambling Chip"}],"event_choices":[{"cards_removed":["Strike_G"],"damage_healed":0.0,"max_hp_gain":0.0,"max_hp_loss":0.0,"gold_gain":0.0,"event_name":"The Cleric","player_choice":"Card Removal","floor":2.0,"gold_loss":50.0,"damage_taken":0.0},{"damage_healed":0.0,"max_hp_gain":0.0,"max_hp_loss":0.0,"gold_gain":0.0,"event_name":"Liars Game","player_choice":"Ignored","floor":3.0,"gold_loss":0.0,"damage_taken":0.0},{"damage_healed":0.0,"max_hp_gain":0.0,"max_hp_loss":0.0,"gold_gain":0.0,"event_name":"Scrap Ooze","player_choice":"Success","floor":5.0,"gold_loss":0.0,"damage_taken":7.0,"relics_obtained":["Blood Vial"]},{"damage_healed":0.0,"max_hp_gain":0.0,"max_hp_loss":0.0,"gold_gain":0.0,"event_name":"Addict","player_choice":"Obtained Relic","floor":19.0,"gold_loss":85.0,"damage_taken":0.0,"relics_obtained":["Torii"]},{"damage_healed":0.0,"max_hp_gain":0.0,"max_hp_loss":0.0,"gold_gain":0.0,"event_name":"Beggar","player_choice":"Ignored","floor":22.0,"gold_loss":0.0,"damage_taken":0.0},{"damage_healed":0.0,"max_hp_gain":0.0,"max_hp_loss":0.0,"gold_gain":0.0,"event_name":"Vampires","player_choice":"Became a vampire (Vial)","floor":30.0,"relics_lost":["Blood Vial"],"gold_loss":0.0,"damage_taken":0.0,"cards_obtained":["Bite","Bite","Bite","Bite","Bite"]},{"damage_healed":0.0,"max_hp_gain":0.0,"max_hp_loss":0.0,"gold_gain":0.0,"event_name":"MindBloom","player_choice":"Fight","floor":36.0,"gold_loss":0.0,"damage_taken":0.0},{"damage_healed":0.0,"max_hp_gain":0.0,"max_hp_loss":0.0,"gold_gain":0.0,"event_name":"Accursed Blacksmith","player_choice":"Forge","floor":37.0,"gold_loss":0.0,"damage_taken":0.0,"cards_upgraded":["Bite"]},{"damage_healed":0,"gold_gain":0,"player_choice":"Fight","damage_taken":0,"max_hp_gain":0,"max_hp_loss":0,"event_name":"Mysterious Sphere","floor":47,"gold_loss":0}],"is_beta":false,"boss_relics":[{"not_picked":["Velvet Choker","Busted Crown"],"picked":"Lizard Tail"},{"not_picked":["Orrery","Runic Dome"],"picked":"WristBlade"}],"items_purged_floors":[],"is_endless":false,"potions_floor_spawned":[6,8,11,14,18,27,28,33,36,38,40,46],"killed_by":"The Heart","ascension_level":5}