{"gold_per_floor":[117,117,130,145,38,38,67,85,85,105,30,56,56,86,86,165,165,179,139],"floor_reached":19,"playtime":3231,"items_purged":["Strike_B"],"score":346,"play_id":"87326146-c4d2-46bb-b68d-a4b1f375b466","local_time":"20181203093416","is_ascension_mode":true,"campfire_choices":[{"data":"Defragment","floor":6,"key":"SMITH"},{"floor":15,"key":"REST"}],"neow_cost":"NONE","seed_source_timestamp":1523015438887739,"circlet_count":0,"master_deck":["AscendersBane","Strike_B","Defend_B","Defend_B","Defend_B","Zap","Dualcast","Cold Snap","Defragment","Undo","Defragment+1","Conserve Battery","Coolheaded","Go for the Eyes","Beam Cell","Biased Cognition","Leap+1","Fission+1","Scrape+1","Coolheaded"],"relics":["Cracked Core","PreservedInsect","Cables","Prayer Wheel","GremlinMask","Dead Branch","Astrolabe"],"potions_floor_usage":[12],"damage_taken":[{"damage":0,"enemies":"2 Louse","floor":1,"turns":2},{"damage":0,"enemies":"Cultist","floor":3,"turns":4},{"damage":8,"enemies":"Small Slimes","floor":4,"turns":3},{"damage":13,"enemies":"3 Sentries","floor":7,"turns":11},{"damage":9,"enemies":"Red Slaver","floor":8,"turns":5},{"damage":6,"enemies":"Looter","floor":10,"turns":3},{"damage":6,"enemies":"Gremlin Nob","floor":12,"turns":4},{"damage":14,"enemies":"Lagavulin","floor":14,"turns":5},{"damage":18,"enemies":"Hexaghost","floor":16,"turns":16},{"damage":5,"enemies":"Spheric Guardian","floor":18,"turns":5},{"damage":6,"enemies":"2 Thieves","floor":19,"turns":2}],"seed_played":"8766890976616712227","potions_obtained":[{"floor":2,"key":"EssenceOfSteel"},{"floor":2,"key":"Ancient Potion"},{"floor":12,"key":"FearPotion"}],"is_trial":false,"path_per_floor":["M","?","M","M","$","R","E","M","T","M","$","E","?","E","R","B",null,"M","M"],"character_chosen":"DEFECT","items_purchased":["Defragment","Conserve Battery"],"campfire_rested":1,"item_purchase_floors":[5,5],"current_hp_per_floor":[71,71,71,63,63,63,50,41,41,35,35,29,29,15,38,20,64,59,53],"gold":139,"neow_bonus":"TEN_PERCENT_HP_BONUS","is_prod":false,"is_daily":false,"chose_seed":false,"campfire_upgraded":1,"win_rate":0,"timestamp":1543858456,"path_taken":["M","?","M","M","?","R","E","M","T","?","$","E","?","E","R","BOSS","M","M"],"build_version":"2018-11-15","purchased_purges":1,"victory":false,"max_hp_per_floor":[78,78,78,78,78,78,78,78,78,78,78,78,78,78,78,78,78,78,78],"card_choices":[{"not_picked":["Compile Driver","Recycle"],"picked":"Cold Snap","floor":1},{"not_picked":["Undo","Go for the Eyes"],"picked":"Defragment","floor":3},{"not_picked":["Rebound","Self Repair"],"picked":"Undo","floor":4},{"not_picked":["Rebound","Static Discharge","Fusion"],"picked":"SKIP","floor":7},{"not_picked":["Sweeping Beam","Barrage"],"picked":"Coolheaded","floor":8},{"not_picked":["Defragment","Steam Power"],"picked":"Go for the Eyes","floor":10},{"not_picked":["Streamline","Melter"],"picked":"Beam Cell","floor":12},{"not_picked":["Force Field","Machine Learning","Beam Cell"],"picked":"SKIP","floor":14},{"not_picked":["Reboot","Meteor Strike"],"picked":"Biased Cognition","floor":16},{"not_picked":["Compile Driver","Streamline"],"picked":"Coolheaded","floor":18},{"not_picked":["Sweeping Beam","Lockon","Stack"],"picked":"SKIP","floor":18}],"player_experience":1523683,"relics_obtained":[{"floor":7,"key":"PreservedInsect"},{"floor":9,"key":"Cables"},{"floor":12,"key":"Prayer Wheel"},{"floor":14,"key":"Dead Branch"}],"event_choices":[{"damage_healed":0,"gold_gain":0,"player_choice":"Got Potions","damage_taken":0,"max_hp_gain":0,"max_hp_loss":0,"event_name":"Lab","floor":2,"gold_loss":0},{"damage_healed":0,"gold_gain":0,"player_choice":"Trade","damage_taken":0,"relics_obtained":["GremlinMask"],"max_hp_gain":0,"max_hp_loss":0,"event_name":"FaceTrader","floor":13,"gold_loss":0}],"is_beta":false,"boss_relics":[{"not_picked":["Runic Pyramid","Philosopher\u0027s Stone"],"picked":"Astrolabe"}],"items_purged_floors":[11],"is_endless":false,"potions_floor_spawned":[4,7,12,16,18],"killed_by":"2 Thieves","ascension_level":17}