{"gold_per_floor":[109,284,301,251,270,302,302,302,302,335,335,362,362,375,375,470,470,484,409,409,426,440,440,440],"floor_reached":24,"playtime":1055,"items_purged":[],"score":383,"play_id":"ff2a3089-3913-40e3-b789-f21beab8e9f9","local_time":"20190106151415","is_ascension_mode":true,"campfire_choices":[{"data":"Combust","floor":8,"key":"SMITH"},{"data":"Madness","floor":11,"key":"SMITH"},{"floor":13,"key":"REST"},{"data":"Sword Boomerang","floor":15,"key":"SMITH"},{"data":"Feel No Pain","floor":23,"key":"SMITH"}],"neow_cost":"TEN_PERCENT_HP_LOSS","seed_source_timestamp":1413834131539838,"circlet_count":0,"master_deck":["Strike_R","Strike_R","Strike_R","Strike_R","Strike_R","Defend_R","Defend_R","Defend_R","Defend_R","Bash","Master of Strategy","Madness+1","Iron Wave","Sword Boomerang+1","Combust+1","Iron Wave","Spot Weakness+1","Shrug It Off+1","Shrug It Off+1","Reaper","Armaments+1","Second Wind+1","Feel No Pain+1"],"relics":["Burning Blood","Darkstone Periapt","Regal Pillow","Toxic Egg 2","Kunai","Smiling Mask","Runic Cube","Bag of Preparation"],"potions_floor_usage":[16,18,24],"damage_taken":[{"damage":6,"enemies":"Cultist","floor":1,"turns":3},{"damage":0,"enemies":"Small Slimes","floor":3,"turns":3},{"damage":1,"enemies":"2 Louse","floor":5,"turns":3},{"damage":22,"enemies":"Gremlin Nob","floor":6,"turns":4},{"damage":35,"enemies":"Lagavulin","floor":10,"turns":7},{"damage":26,"enemies":"3 Sentries","floor":12,"turns":5},{"damage":7,"enemies":"Blue Slaver","floor":14,"turns":3},{"damage":13,"enemies":"Slime Boss","floor":16,"turns":8},{"damage":13,"enemies":"3 Byrds","floor":18,"turns":4},{"damage":7,"enemies":"Spheric Guardian","floor":21,"turns":4},{"damage":29,"enemies":"Snake Plant","floor":22,"turns":5},{"damage":72,"enemies":"Slavers","floor":24,"turns":4}],"seed_played":"875212141706172537","potions_obtained":[{"floor":10,"key":"SteroidPotion"},{"floor":12,"key":"FearPotion"},{"floor":14,"key":"LiquidBronze"},{"floor":22,"key":"Weak Potion"}],"is_trial":false,"path_per_floor":["M","?","M","?","M","E","?","R","T","E","R","E","R","M","R","B",null,"M","?","?","M","M","R","E"],"character_chosen":"IRONCLAD","items_purchased":[],"campfire_rested":1,"item_purchase_floors":[],"current_hp_per_floor":[72,72,72,72,72,56,62,62,62,33,33,13,51,50,50,43,69,70,70,70,74,51,51,0],"gold":440,"neow_bonus":"RANDOM_COLORLESS_2","is_prod":false,"is_daily":false,"chose_seed":false,"campfire_upgraded":4,"win_rate":0,"timestamp":1546809255,"path_taken":["M","?","M","?","M","E","?","R","T","E","R","E","R","M","R","BOSS","M","?","?","?","M","R","E"],"build_version":"2019-01-03v4","purchased_purges":0,"victory":false,"max_hp_per_floor":[72,72,72,72,72,72,78,78,78,78,78,78,78,78,78,78,78,78,78,78,78,78,78,78],"card_choices":[{"not_picked":["Body Slam","Burning Pact"],"picked":"Iron Wave","floor":1},{"not_picked":["Clash","Anger"],"picked":"Sword Boomerang","floor":3},{"not_picked":["Headbutt","Flex"],"picked":"Combust","floor":5},{"not_picked":["Twin Strike","Headbutt"],"picked":"Iron Wave","floor":6},{"not_picked":["Wild Strike","Feel No Pain"],"picked":"Spot Weakness+1","floor":10},{"not_picked":["Evolve","Clash"],"picked":"Shrug It Off+1","floor":12},{"not_picked":["Heavy Blade","Juggernaut"],"picked":"Shrug It Off+1","floor":14},{"not_picked":["Immolate","Dark Embrace"],"picked":"Reaper","floor":16},{"not_picked":["Headbutt","Flex+1"],"picked":"Armaments+1","floor":18},{"not_picked":["Rampage","Sword Boomerang"],"picked":"Second Wind+1","floor":21},{"not_picked":["Hemokinesis","Headbutt"],"picked":"Feel No Pain","floor":22}],"player_experience":406345,"relics_obtained":[{"floor":6,"key":"Darkstone Periapt"},{"floor":9,"key":"Toxic Egg 2"},{"floor":10,"key":"Kunai"},{"floor":12,"key":"Smiling Mask"}],"event_choices":[{"damage_healed":0,"gold_gain":175,"player_choice":"AGREE","damage_taken":0,"max_hp_gain":0,"max_hp_loss":0,"event_name":"Liars Game","floor":2,"gold_loss":0,"cards_obtained":["Doubt"]},{"cards_removed":["Doubt"],"damage_healed":0,"gold_gain":0,"player_choice":"Card Removal","damage_taken":0,"max_hp_gain":0,"max_hp_loss":0,"event_name":"The Cleric","floor":4,"gold_loss":50},{"damage_healed":0,"gold_gain":0,"player_choice":"Box","damage_taken":0,"relics_obtained":["Regal Pillow"],"max_hp_gain":0,"max_hp_loss":0,"event_name":"Big Fish","floor":7,"gold_loss":0,"cards_obtained":["Regret"]},{"cards_removed":["Regret"],"damage_healed":0,"gold_gain":0,"player_choice":"Gave Gold","damage_taken":0,"max_hp_gain":0,"max_hp_loss":0,"event_name":"Beggar","floor":19,"gold_loss":75},{"damage_healed":0,"gold_gain":0,"player_choice":"Gave Potion","damage_taken":0,"relics_obtained":["Bag of Preparation"],"max_hp_gain":0,"max_hp_loss":0,"event_name":"WeMeetAgain","floor":20,"gold_loss":0}],"is_beta":false,"boss_relics":[{"not_picked":["Empty Cage","Philosopher\u0027s Stone"],"picked":"Runic Cube"}],"items_purged_floors":[],"is_endless":false,"potions_floor_spawned":[10,12,14,22],"killed_by":"Slavers","ascension_level":9}