{"gold_per_floor":[367,380,390,390,199,199,233,252,252,262,262,6,21,49,49,150,150,166,183,196,196,196,196,206,237,237,268,286,305,119,145,145,242,242,261,280,291,291],"floor_reached":38,"playtime":6799,"items_purged":["Defend_B"],"score":725,"play_id":"48a7be04-0317-4f50-9ac0-167bd402aaf7","local_time":"20180921115240","is_ascension_mode":true,"campfire_choices":[{"data":"Apotheosis","floor":6.0,"key":"SMITH"},{"floor":11.0,"key":"REST"},{"floor":15.0,"key":"REST"},{"floor":23,"key":"REST"},{"floor":32,"key":"REST"}],"neow_cost":"TEN_PERCENT_HP_LOSS","seed_source_timestamp":0,"circlet_count":0,"master_deck":["Strike_B","Defend_B","Defend_B","Defend_B","Zap","Dualcast","Coolheaded","Coolheaded","Capacitor","Apotheosis+1","Hologram+1","Chill+1","Fission+1","Steam+1","Capacitor","Creative AI","Doom and Gloom+1","Buffer+1","Hologram+1","Barrage+1","Chill+1","Steam Power+1","Shame","Beam Cell+1","Electrodynamics","Ball Lightning+1","Seek+1","FTL+1","Glacier+1","Rebound+1","Seek+1","White Noise+1","Reinforced Body+1"],"special_seed":0,"relics":["Cracked Core","Nunchaku","Toxic Egg 2","Unceasing Top","Shuriken","PreservedInsect","Astrolabe","Molten Egg 2","Lantern","Pear","Turnip","Centennial Puzzle","Black Star"],"potions_floor_usage":[27,31,33,33,33,36],"damage_taken":[{"damage":4.0,"enemies":"Jaw Worm","floor":1.0,"turns":3.0},{"damage":7.0,"enemies":"Small Slimes","floor":2.0,"turns":4.0},{"damage":3.0,"enemies":"Cultist","floor":3.0,"turns":4.0},{"damage":4.0,"enemies":"Lagavulin","floor":7.0,"turns":8.0},{"damage":17.0,"enemies":"Exordium Thugs","floor":8.0,"turns":4.0},{"damage":10.0,"enemies":"Exordium Wildlife","floor":10.0,"turns":5.0},{"damage":0.0,"enemies":"2 Fungi Beasts","floor":13.0,"turns":4.0},{"damage":9.0,"enemies":"3 Sentries","floor":14.0,"turns":10.0},{"damage":26.0,"enemies":"Slime Boss","floor":16.0,"turns":13.0},{"damage":3.0,"enemies":"Chosen","floor":18.0,"turns":7.0},{"damage":11.0,"enemies":"3 Byrds","floor":19.0,"turns":6.0},{"damage":4.0,"enemies":"Snecko","floor":20.0,"turns":6.0},{"damage":3,"enemies":"Colosseum Slavers","floor":21,"turns":5},{"damage":5,"enemies":"Shelled Parasite and Fungi","floor":24,"turns":12},{"damage":0,"enemies":"Gremlin Leader","floor":25,"turns":6},{"damage":12,"enemies":"Book of Stabbing","floor":27,"turns":5},{"damage":15,"enemies":"Snake Plant","floor":28,"turns":6},{"damage":12,"enemies":"Centurion and Healer","floor":29,"turns":5},{"damage":0,"enemies":"Gremlin Leader","floor":31,"turns":5},{"damage":29,"enemies":"Collector","floor":33,"turns":8},{"damage":39,"enemies":"3 Darklings","floor":35,"turns":5},{"damage":4,"enemies":"Orb Walker","floor":36,"turns":3},{"damage":22,"enemies":"4 Shapes","floor":37,"turns":5},{"damage":21,"enemies":"Reptomancer","floor":38,"turns":2}],"seed_played":"4849891698841484495","potions_obtained":[{"floor":2.0,"key":"LiquidBronze"},{"floor":7.0,"key":"Regen Potion"},{"floor":10.0,"key":"Poison Potion"},{"floor":16.0,"key":"FocusPotion"},{"floor":18.0,"key":"Swift Potion"},{"floor":24,"key":"Fire Potion"},{"floor":28,"key":"Weak Potion"},{"floor":31,"key":"EssenceOfSteel"},{"floor":35,"key":"Regen Potion"},{"floor":36,"key":"Block Potion"},{"floor":37,"key":"SpeedPotion"}],"is_trial":false,"path_per_floor":["M","M","M","?","$","R","E","M","T","M","R","$","M","E","R","B",null,"M","M","M","?","?","R","M","E","T","E","M","M","$","E","R","B",null,"M","M","M"],"character_chosen":"DEFECT","items_purchased":["Apotheosis","Shuriken","FTL+1","Glacier+1"],"campfire_rested":4,"item_purchase_floors":[5,12,30,30],"current_hp_per_floor":[64,57,54,51,51,51,47,30,30,20,40,40,40,46,66,40,61,58,47,43,40,40,60,55,55,65,53,38,26,26,26,49,20,64,25,30,8,0],"gold":291,"neow_bonus":"TWO_FIFTY_GOLD","is_prod":false,"is_daily":false,"chose_seed":false,"campfire_upgraded":1,"win_rate":0,"timestamp":1537555960,"path_taken":["M","M","M","?","$","R","E","M","T","M","R","$","M","E","R","BOSS","M","M","M","?","?","R","M","E","T","E","M","M","$","E","R","BOSS","M","?","M","M"],"build_version":"2018-09-20","purchased_purges":1,"victory":false,"max_hp_per_floor":[68,68,68,68,68,68,68,68,68,68,68,68,68,68,68,68,68,68,68,68,68,68,68,68,68,78,78,78,78,78,78,78,78,78,78,78,78,78],"card_choices":[{"not_picked":["Hologram","Barrage"],"picked":"Coolheaded","floor":1.0},{"not_picked":["Sweeping Beam","Beam Cell"],"picked":"Coolheaded","floor":2.0},{"not_picked":["Cold Snap","Redo"],"picked":"Capacitor","floor":3.0},{"not_picked":["Steam","Coolheaded"],"picked":"Hologram","floor":7.0},{"not_picked":["Stack+1","Beam Cell"],"picked":"Chill+1","floor":8.0},{"not_picked":["Stack+1","Heatsinks"],"picked":"Fission+1","floor":10.0},{"not_picked":["Undo+1","Sweeping Beam"],"picked":"Steam+1","floor":13.0},{"not_picked":["Sweeping Beam","Gash"],"picked":"Capacitor","floor":14.0},{"not_picked":["Core Surge","Biased Cognition"],"picked":"Creative AI","floor":16.0},{"not_picked":["Sweeping Beam","Redo+1"],"picked":"Barrage+1","floor":18.0},{"not_picked":["Redo+1","Steam Power+1"],"picked":"Chill+1","floor":19.0},{"not_picked":["Fission+1","Sweeping Beam"],"picked":"Steam Power+1","floor":20.0},{"not_picked":["Hologram+1","Stack+1","Undo+1"],"picked":"SKIP","floor":24},{"not_picked":["Hologram+1","Rebound+1"],"picked":"Beam Cell+1","floor":25},{"not_picked":["Chaos+1","Streamline+1"],"picked":"Electrodynamics","floor":27},{"not_picked":["Gash+1","Stack+1"],"picked":"Ball Lightning+1","floor":28},{"not_picked":["Sweeping Beam+1","Doom and Gloom+1"],"picked":"Seek+1","floor":29},{"not_picked":["Heatsinks","Lockon+1"],"picked":"Rebound+1","floor":31},{"not_picked":["Electrodynamics","Biased Cognition"],"picked":"Seek+1","floor":33},{"not_picked":["Redo+1","Hologram+1","Double Energy+1"],"picked":"SKIP","floor":35},{"not_picked":["Chaos+1","Rebound+1"],"picked":"White Noise+1","floor":36},{"not_picked":["Hologram+1","Rebound+1"],"picked":"Reinforced Body+1","floor":37}],"player_experience":1061883,"relics_obtained":[{"floor":7.0,"key":"Toxic Egg 2"},{"floor":9.0,"key":"Unceasing Top"},{"floor":14.0,"key":"PreservedInsect"},{"floor":25,"key":"Lantern"},{"floor":26,"key":"Pear"},{"floor":27,"key":"Turnip"},{"floor":31,"key":"Centennial Puzzle"}],"event_choices":[{"event_name":"Scrap Ooze","player_choice":"success","floor":4.0,"damage_taken":3.0},{"event_name":"Colosseum","player_choice":"Fight","floor":21,"damage_taken":0},{"event_name":"Colosseum","player_choice":"Fled From Nobs","floor":21,"damage_taken":0},{"event_name":"Addict","player_choice":"Stole Relic","floor":22,"damage_taken":0}],"is_beta":false,"boss_relics":[{"not_picked":["Tiny House","Cursed Key"],"picked":"Astrolabe"},{"not_picked":["Snecko Eye","Nuclear Battery"],"picked":"Black Star"}],"items_purged_floors":[30],"is_endless":false,"potions_floor_spawned":[2,7,10,16,18,24,28,29,31,35,36,37],"killed_by":"Reptomancer","ascension_level":9}