{"gold_per_floor":[110,130,130,146,166,166,193,193,220,220,234,296,296,313,313,390,390,401,414,302,318,318,318,329,342,390,415,415,432,432,442,442,442],"floor_reached":33,"playtime":3080,"items_purged":["Strike_R"],"score":447,"play_id":"eb93c630-1be3-49ef-9c78-810a22e49d66","local_time":"20181005151634","is_ascension_mode":true,"campfire_choices":[{"data":"Rampage","floor":6.0,"key":"SMITH"},{"data":"Armaments","floor":8.0,"key":"SMITH"},{"data":"Uppercut","floor":10.0,"key":"SMITH"},{"data":"Disarm","floor":15.0,"key":"SMITH"},{"data":"Headbutt","floor":23.0,"key":"SMITH"},{"data":"Demon Form","floor":28.0,"key":"SMITH"},{"data":"True Grit","floor":30.0,"key":"SMITH"},{"floor":32,"key":"REST"}],"neow_cost":"NONE","seed_source_timestamp":1838499548579319,"circlet_count":0,"master_deck":["Strike_R","Strike_R","Strike_R","Defend_R","Defend_R","Defend_R","Defend_R","Bash","AscendersBane","Rampage+1","Shrug It Off","True Grit+1","Armaments+1","Disarm+1","Uppercut+1","Spot Weakness","Exhume","Heavy Blade","Ghostly Armor+1","Inflame","Headbutt+1","J.A.X.","Sword Boomerang","Battle Trance","Demon Form+1","Pommel Strike"],"special_seed":0,"relics":["Burning Blood","Happy Flower","Bag of Preparation","Oddly Smooth Stone","White Beast Statue","Pen Nib","Unceasing Top"],"potions_floor_usage":[31,33,33],"damage_taken":[{"damage":0.0,"enemies":"2 Louse","floor":1.0,"turns":3.0},{"damage":7.0,"enemies":"Small Slimes","floor":2.0,"turns":4.0},{"damage":8.0,"enemies":"Cultist","floor":4.0,"turns":4.0},{"damage":10.0,"enemies":"Looter","floor":5.0,"turns":4.0},{"damage":19.0,"enemies":"3 Sentries","floor":7.0,"turns":8.0},{"damage":11.0,"enemies":"Exordium Thugs","floor":11.0,"turns":5.0},{"damage":15.0,"enemies":"2 Fungi Beasts","floor":14.0,"turns":3.0},{"damage":25.0,"enemies":"The Guardian","floor":16.0,"turns":9.0},{"damage":5.0,"enemies":"3 Byrds","floor":18.0,"turns":10.0},{"damage":6.0,"enemies":"Chosen","floor":19.0,"turns":7.0},{"damage":13.0,"enemies":"Centurion and Healer","floor":21.0,"turns":8.0},{"damage":24.0,"enemies":"Snake Plant","floor":24.0,"turns":3.0},{"damage":11.0,"enemies":"Cultist and Chosen","floor":25.0,"turns":7.0},{"damage":6.0,"enemies":"Gremlin Leader","floor":27.0,"turns":6.0},{"damage":3.0,"enemies":"Centurion and Healer","floor":29.0,"turns":7.0},{"damage":17,"enemies":"Chosen and Byrds","floor":31,"turns":7},{"damage":72,"enemies":"Collector","floor":33,"turns":10}],"seed_played":"-266370311905464550","potions_obtained":[{"floor":2.0,"key":"Strength Potion"},{"floor":5.0,"key":"PowerPotion"},{"floor":7.0,"key":"LiquidBronze"},{"floor":14.0,"key":"BloodPotion"},{"floor":18.0,"key":"Swift Potion"},{"floor":19.0,"key":"BloodPotion"},{"floor":21.0,"key":"Ancient Potion"},{"floor":24.0,"key":"GamblersBrew"},{"floor":25.0,"key":"SkillPotion"},{"floor":27.0,"key":"Swift Potion"},{"floor":29.0,"key":"EssenceOfSteel"},{"floor":31,"key":"Energy Potion"}],"is_trial":false,"path_per_floor":["M","M","?","M","M","R","E","R","T","R","M","?","?","M","R","B",null,"M","M","$","M","?","R","M","M","T","E","R","M","R","M","R"],"character_chosen":"IRONCLAD","items_purchased":["Inflame"],"campfire_rested":1,"item_purchase_floors":[20],"current_hp_per_floor":[78,77,74,72,68,68,55,55,55,55,50,50,50,41,41,22,66,67,75,75,68,68,68,58,53,53,53,53,56,56,45,69,0],"gold":442,"neow_bonus":"TRANSFORM_CARD","is_prod":false,"is_daily":false,"chose_seed":false,"campfire_upgraded":7,"win_rate":0,"timestamp":1538777794,"path_taken":["M","M","?","M","M","R","E","R","T","R","?","?","?","?","R","BOSS","M","M","$","M","?","R","M","M","T","E","R","M","R","M","R","BOSS"],"build_version":"2018-10-04","purchased_purges":1,"victory":false,"max_hp_per_floor":[80,80,80,80,80,80,80,80,80,80,80,80,80,80,80,80,80,80,80,80,80,80,80,80,80,80,80,80,80,80,80,80,80],"card_choices":[{"not_picked":["Rampage","Headbutt"],"picked":"Shrug It Off","floor":1.0},{"not_picked":["Rampage","Reckless Charge"],"picked":"True Grit","floor":2.0},{"not_picked":["Carnage","Fire Breathing"],"picked":"Armaments","floor":4.0},{"not_picked":["Pommel Strike","Rupture"],"picked":"Disarm","floor":5.0},{"not_picked":["Body Slam","Corruption"],"picked":"Uppercut","floor":7.0},{"not_picked":["Sword Boomerang","Thunderclap","Anger"],"picked":"SKIP","floor":11.0},{"not_picked":["Flex","Wild Strike"],"picked":"Spot Weakness","floor":14.0},{"not_picked":["Reaper","Barricade"],"picked":"Exhume","floor":16.0},{"not_picked":["Wild Strike","Cleave+1"],"picked":"Heavy Blade","floor":18.0},{"not_picked":["Thunderclap","Blood for Blood"],"picked":"Ghostly Armor+1","floor":19.0},{"not_picked":["Havoc","Clash"],"picked":"Headbutt","floor":21.0},{"not_picked":["Havoc","Perfected Strike"],"picked":"Sword Boomerang","floor":24.0},{"not_picked":["Heavy Blade","Dual Wield"],"picked":"Battle Trance","floor":25.0},{"not_picked":["Havoc+1","Headbutt"],"picked":"Demon Form","floor":27.0},{"not_picked":["Second Wind","Corruption","True Grit"],"picked":"SKIP","floor":29.0},{"not_picked":["Spot Weakness","Flex"],"picked":"Pommel Strike","floor":31}],"player_experience":1130815,"relics_obtained":[{"floor":7.0,"key":"Bag of Preparation"},{"floor":9.0,"key":"Oddly Smooth Stone"},{"floor":26.0,"key":"Pen Nib"},{"floor":27.0,"key":"Unceasing Top"}],"event_choices":[{"event_name":"Scrap Ooze","player_choice":"success","floor":3.0,"damage_taken":3.0},{"event_name":"Golden Wing","player_choice":"Gained Gold","floor":12.0,"damage_taken":0.0},{"event_name":"Liars Game","player_choice":"disagreed","floor":13.0,"damage_taken":0.0},{"event_name":"Drug Dealer","player_choice":"Got JAX","floor":22.0,"damage_taken":0.0}],"is_beta":false,"boss_relics":[{"not_picked":["Black Star","Runic Dome"],"picked":"White Beast Statue"}],"items_purged_floors":[20],"is_endless":false,"potions_floor_spawned":[2,5,7,14,18,19,21,24,25,27,29,31],"killed_by":"Collector","ascension_level":13}