{"gold_per_floor":[114,114,114,125,125,154,167,167,220,248,248,260,260,289,289,387,387,375,30,42,42,42,42],"floor_reached":23,"playtime":968,"items_purged":[],"score":300,"play_id":"ceff5ce0-0005-467d-aa29-cfc80081eff9","local_time":"20190111155523","is_ascension_mode":true,"campfire_choices":[{"data":"Zap","floor":8,"key":"SMITH"},{"floor":11,"key":"REST"},{"data":"Machine Learning","floor":13,"key":"SMITH"},{"floor":15,"key":"REST"}],"neow_cost":"NONE","seed_source_timestamp":71013960055101,"circlet_count":0,"master_deck":["Strike_B","Strike_B+1","Strike_B","Defend_B","Defend_B","Defend_B","Defend_B","Zap+1","Dualcast","Gash","Coolheaded+1","Biased Cognition","Steam","Machine Learning+1","Self Repair","Self Repair","Rainbow","Conserve Battery","Machine Learning","Gash"],"relics":["Cracked Core","DataDisk","Bag of Preparation","Pen Nib","Vajra","Dodecahedron","Black Star","Sling"],"potions_floor_usage":[14,18,23],"damage_taken":[{"damage":2,"enemies":"Jaw Worm","floor":1,"turns":3},{"damage":1,"enemies":"Cultist","floor":4,"turns":4},{"damage":29,"enemies":"3 Sentries","floor":6,"turns":7},{"damage":0,"enemies":"2 Louse","floor":7,"turns":1},{"damage":13,"enemies":"Lagavulin","floor":10,"turns":7},{"damage":8,"enemies":"Blue Slaver","floor":12,"turns":2},{"damage":10,"enemies":"Gremlin Nob","floor":14,"turns":3},{"damage":30,"enemies":"Hexaghost","floor":16,"turns":11},{"damage":22,"enemies":"2 Thieves","floor":18,"turns":4},{"damage":0,"enemies":"Chosen","floor":20,"turns":5},{"damage":74,"enemies":"Gremlin Leader","floor":23,"turns":6}],"seed_played":"3587751716684400570","potions_obtained":[{"floor":4,"key":"SpeedPotion"},{"floor":7,"key":"Fire Potion"},{"floor":12,"key":"SteroidPotion"},{"floor":14,"key":"Explosive Potion"},{"floor":16,"key":"Regen Potion"},{"floor":20,"key":"Dexterity Potion"}],"is_trial":false,"path_per_floor":["M","?","$","M","?","E","M","R","T","E","R","M","R","E","R","B",null,"M","$","M","?","?","E"],"character_chosen":"DEFECT","items_purchased":["Sling","Machine Learning"],"campfire_rested":2,"item_purchase_floors":[19,19],"current_hp_per_floor":[66,66,66,65,50,21,21,21,21,8,30,22,22,19,41,25,63,69,69,75,61,61,0],"gold":42,"neow_bonus":"RANDOM_COMMON_RELIC","is_prod":false,"is_daily":false,"chose_seed":false,"campfire_upgraded":2,"win_rate":0,"timestamp":1547243723,"path_taken":["M","?","?","M","?","E","M","R","T","E","R","M","R","E","R","BOSS","M","$","M","?","?","E"],"build_version":"2019-01-10","purchased_purges":0,"victory":false,"max_hp_per_floor":[75,75,75,75,75,75,75,75,75,75,75,75,75,75,75,75,75,75,75,75,80,80,80],"card_choices":[{"not_picked":["Sweeping Beam","Beam Cell"],"picked":"Gash","floor":1},{"not_picked":["Chaos","Steam Power"],"picked":"Coolheaded","floor":4},{"not_picked":["Rebound","Ball Lightning"],"picked":"Biased Cognition","floor":6},{"not_picked":["Redo","Chaos"],"picked":"Steam","floor":7},{"not_picked":["Rebound","Hello World"],"picked":"Machine Learning","floor":10},{"not_picked":["Lockon","Redo"],"picked":"Self Repair","floor":12},{"not_picked":["Go for the Eyes","Rebound"],"picked":"Self Repair","floor":14},{"not_picked":["Meteor Strike","Reboot"],"picked":"Rainbow","floor":16},{"not_picked":["White Noise","Cold Snap"],"picked":"Conserve Battery","floor":18},{"not_picked":["Sweeping Beam","Compile Driver"],"picked":"Gash","floor":20}],"player_experience":430550,"relics_obtained":[{"floor":6,"key":"Bag of Preparation"},{"floor":9,"key":"Pen Nib"},{"floor":10,"key":"Vajra"},{"floor":14,"key":"Dodecahedron"}],"event_choices":[{"cards_removed":["Strike_B"],"damage_healed":0,"gold_gain":0,"player_choice":"Offered Basic","damage_taken":0,"max_hp_gain":0,"max_hp_loss":0,"event_name":"Bonfire Elementals","floor":2,"gold_loss":0},{"damage_healed":0,"gold_gain":0,"player_choice":"Entered Light","damage_taken":15,"max_hp_gain":0,"max_hp_loss":0,"event_name":"Shining Light","floor":5,"gold_loss":0,"cards_upgraded":["Strike_B","Coolheaded"]},{"damage_healed":0,"gold_gain":0,"player_choice":"Shed Blood","damage_taken":19,"max_hp_gain":5,"max_hp_loss":0,"event_name":"Forgotten Altar","floor":21,"gold_loss":0},{"damage_healed":0,"gold_gain":0,"player_choice":"Ignored","damage_taken":0,"max_hp_gain":0,"max_hp_loss":0,"event_name":"Vampires","floor":22,"gold_loss":0}],"is_beta":false,"boss_relics":[{"not_picked":["Empty Cage","Coffee Dripper"],"picked":"Black Star"}],"items_purged_floors":[],"is_endless":false,"potions_floor_spawned":[4,7,12,14,16,20],"killed_by":"Gremlin Leader","ascension_level":9}