{"path_per_floor":["M","?","M","M","M","R","?","$","T","E","M","$","M","M","R","B",null,"M","?","M","?","?","R","M","R","T","M","M","R","M","?","R","B",null,"M","M","M"],"character_chosen":"DEFECT","items_purchased":["Ball Lightning","Capacitor","Darkness","Beam Cell"],"gold_per_floor":[112,112,122,132,150,150,325,93,93,126,144,19,32,51,51,150,150,168,168,186,186,186,186,204,204,276,288,307,307,317,317,317,412,412,426,442,457,457],"floor_reached":38,"campfire_rested":5,"playtime":1775,"current_hp_per_floor":[73,66,66,64,61,61,61,61,61,35,30,30,27,20,42,13,75,65,65,63,31,17,41,25,49,59,65,46,73,49,49,76,26,90,46,41,11,0],"items_purged":["Strike_B","Doubt"],"gold":457,"score":407,"play_id":"9a944237-613f-4807-8463-1bffc1368d6b","local_time":"20180510191443","is_prod":false,"is_daily":false,"chose_seed":false,"is_ascension_mode":false,"campfire_upgraded":1,"timestamp":1525972483,"path_taken":["M","?","M","M","M","R","?","$","T","E","M","$","M","M","R","BOSS","M","?","?","?","?","R","M","R","T","M","M","R","M","?","R","BOSS","M","M","M","?"],"build_version":"2018-05-09","seed_source_timestamp":10374467417858,"purchased_purges":2,"victory":false,"master_deck":["Strike_B","Strike_B","Defend_B","Defend_B","Defend_B","Zap","Dualcast","Axe Kick","Go for the Eyes","Beam Cell","Chaos+1","Ball Lightning","Capacitor","Darkness","Redo","Skim","Beam Cell","Axe Kick","Ball Lightning","Seek","Ball Lightning","Redo","Leap","Bandage Up","Jack Of All Trades","Bandage Up","Hello World+1","Thunder Strike","Axe Kick","White Noise+1","Leap+1"],"max_hp_per_floor":[75,75,75,75,75,75,75,75,75,75,75,75,75,75,75,75,75,75,75,75,75,80,80,80,80,90,90,90,90,90,90,90,90,90,90,90,90,90],"relics":["Cracked Core","Letter Opener","Toolbox","Velvet Choker","Pear","Sozu"],"card_choices":[{"not_picked":["Capacitor","Undo"],"picked":"Axe Kick","floor":1},{"not_picked":["Steam","Turbo"],"picked":"Go for the Eyes","floor":3},{"not_picked":["Tempest","Glacier"],"picked":"Beam Cell","floor":4},{"not_picked":["Steam","Sweeping Beam"],"picked":"Chaos","floor":5},{"not_picked":["Seek","Genetic Algorithm"],"picked":"Redo","floor":10},{"not_picked":["Blizzard","Streamline"],"picked":"Skim","floor":11},{"not_picked":["Darkness","Hologram"],"picked":"Axe Kick","floor":13},{"not_picked":["Beam Cell","Self Repair"],"picked":"Ball Lightning","floor":14},{"not_picked":["Hyperbeam","Nova"],"picked":"Seek","floor":16},{"not_picked":["Turbo","Lockon"],"picked":"Ball Lightning","floor":18},{"not_picked":["Skim","Hologram"],"picked":"Leap","floor":20},{"not_picked":["Hologram","Chaos"],"picked":"Hello World","floor":30},{"not_picked":["Hyperbeam","Reboot"],"picked":"Thunder Strike","floor":33},{"not_picked":["Turbo","Undo"],"picked":"Axe Kick","floor":35},{"not_picked":["Hologram","Undo"],"picked":"White Noise","floor":36},{"not_picked":["Undo","Doom and Gloom"],"picked":"Leap","floor":37}],"player_experience":67307,"potions_floor_usage":[27,27],"damage_taken":[{"damage":2,"enemies":"Jaw Worm","floor":1,"turns":5},{"damage":0,"enemies":"Small Slimes","floor":3,"turns":2},{"damage":2,"enemies":"2 Louse","floor":4,"turns":2},{"damage":3,"enemies":"2 Fungi Beasts","floor":5,"turns":4},{"damage":26,"enemies":"Lagavulin","floor":10,"turns":6},{"damage":5,"enemies":"Lots of Slimes","floor":11,"turns":2},{"damage":3,"enemies":"Exordium Wildlife","floor":13,"turns":3},{"damage":7,"enemies":"Looter","floor":14,"turns":3},{"damage":29,"enemies":"Hexaghost","floor":16,"turns":6},{"damage":10,"enemies":"Shell Parasite","floor":18,"turns":3},{"damage":2,"enemies":"3 Byrds","floor":20,"turns":3},{"damage":24,"enemies":"3 Cultists","floor":24,"turns":5},{"damage":8,"enemies":"Centurion and Healer","floor":27,"turns":4},{"damage":23,"enemies":"Snecko","floor":28,"turns":4},{"damage":32,"enemies":"Slaver and Parasite","floor":30,"turns":6},{"damage":58,"enemies":"Automaton","floor":33,"turns":8},{"damage":48,"enemies":"3 Darklings","floor":35,"turns":5},{"damage":9,"enemies":"3 Shapes","floor":36,"turns":3},{"damage":38,"enemies":"Flame Bruiser 2 Orb","floor":37,"turns":5},{"damage":22,"enemies":"Maw","floor":38,"turns":4}],"event_choices":[{"event_name":"Golden Wing","player_choice":"Card Removal","floor":2,"damage_taken":0},{"event_name":"Liars Game","player_choice":"agreed","floor":7,"damage_taken":0},{"event_name":"The Library","player_choice":"Read","floor":19,"damage_taken":0},{"event_name":"Knowing Skull","player_choice":"CARD CARD CARD ","floor":21,"damage_taken":0},{"event_name":"Forgotten Altar","player_choice":"Shed Blood","floor":22,"damage_taken":0},{"event_name":"Purifier","player_choice":"One Purge","floor":31,"damage_taken":0}],"boss_relics":[{"not_picked":["Runic Pyramid","Runic Dome"],"picked":"Velvet Choker"},{"not_picked":["White Beast Statue","Black Star"],"picked":"Sozu"}],"potions_floor_spawned":[3,10,11,13,16,18,24,30,37],"seed_played":"7766691607168625896","killed_by":"Maw","ascension_level":0,"is_trial":false}