{"gold_per_floor":[115,133,145,162,228,228,261,275,275,275,339,359,359,386,386,464,464,480,289,303,303],"floor_reached":21,"playtime":1427,"items_purged":["Regret"],"score":353,"play_id":"eab7046b-7b9b-4662-ac1f-79975792af86","local_time":"20181206085621","is_ascension_mode":true,"campfire_choices":[{"data":"Defragment","floor":6.0,"key":"SMITH"},{"data":"Consume","floor":10.0,"key":"SMITH"},{"floor":13.0,"key":"REST"},{"data":"Streamline","floor":15.0,"key":"SMITH"}],"neow_cost":"NONE","seed_source_timestamp":0,"circlet_count":0,"master_deck":["AscendersBane","Strike_B","Strike_B","Strike_B","Strike_B","Defend_B","Defend_B","Defend_B","Defend_B","Zap","Dualcast","Auto Shields","Hologram","Streamline+1","Defragment+1","Glacier","Consume+1","Go for the Eyes","Darkness+1","Skim+1","Electrodynamics","Clumsy","Regret","Rebound","Coolheaded+1","FTL","Ball Lightning"],"special_seed":0,"relics":["Cracked Core","NeowsBlessing","Smiling Mask","Toxic Egg 2","Gremlin Horn","Boot","Calling Bell","Ancient Tea Set","Frozen Egg 2","Incense Burner"],"potions_floor_usage":[],"damage_taken":[{"damage":0.0,"enemies":"Jaw Worm","floor":1.0,"turns":1.0},{"damage":0.0,"enemies":"2 Louse","floor":2.0,"turns":1.0},{"damage":0.0,"enemies":"Small Slimes","floor":3.0,"turns":2.0},{"damage":15.0,"enemies":"Blue Slaver","floor":4.0,"turns":4.0},{"damage":8.0,"enemies":"Lagavulin","floor":7.0,"turns":6.0},{"damage":6.0,"enemies":"3 Louse","floor":8.0,"turns":3.0},{"damage":12.0,"enemies":"Gremlin Nob","floor":11.0,"turns":5.0},{"damage":11.0,"enemies":"Lots of Slimes","floor":12.0,"turns":4.0},{"damage":4.0,"enemies":"3 Sentries","floor":14.0,"turns":10.0},{"damage":8.0,"enemies":"The Guardian","floor":16.0,"turns":7.0},{"damage":11.0,"enemies":"Shell Parasite","floor":18.0,"turns":7.0},{"damage":16.0,"enemies":"3 Byrds","floor":20.0,"turns":4.0},{"damage":41,"enemies":"Masked Bandits","floor":21,"turns":3}],"seed_played":"6801513716310388986","potions_obtained":[{"floor":1.0,"key":"Regen Potion"},{"floor":4.0,"key":"SkillPotion"},{"floor":11.0,"key":"Energy Potion"},{"floor":18.0,"key":"SkillPotion"},{"floor":20.0,"key":"LiquidBronze"}],"is_trial":false,"path_per_floor":["M","M","M","M","?","R","E","M","T","R","?","M","R","E","R","B",null,"M","$","M","?"],"character_chosen":"DEFECT","items_purchased":["Coolheaded+1","FTL"],"campfire_rested":1,"item_purchase_floors":[19,19],"current_hp_per_floor":[64,64,64,49,49,49,55,49,49,49,37,26,47,43,43,35,62,51,51,35,0],"gold":303,"neow_bonus":"THREE_ENEMY_KILL","is_prod":false,"is_daily":false,"chose_seed":false,"campfire_upgraded":3,"win_rate":0,"timestamp":1544115381,"path_taken":["M","M","M","M","?","R","E","M","T","R","?","M","R","E","R","BOSS","M","$","M","?"],"build_version":"2018-11-15","purchased_purges":1,"victory":false,"max_hp_per_floor":[71,71,71,71,71,71,71,71,71,71,71,71,71,71,71,71,71,71,71,71,71],"card_choices":[{"not_picked":["Stack","Sweeping Beam"],"picked":"Auto Shields","floor":1.0},{"not_picked":["Darkness","Sweeping Beam"],"picked":"Hologram","floor":2.0},{"not_picked":["Redo","Cold Snap"],"picked":"Streamline","floor":3.0},{"not_picked":["Genetic Algorithm","Double Energy"],"picked":"Defragment","floor":4.0},{"not_picked":["Conserve Battery","Skim"],"picked":"Glacier","floor":7.0},{"not_picked":["Aggregate","Reprogram"],"picked":"Consume","floor":8.0},{"not_picked":["Conserve Battery+1","Sweeping Beam"],"picked":"Go for the Eyes","floor":11.0},{"not_picked":["Go for the Eyes","Static Discharge"],"picked":"Darkness+1","floor":12.0},{"not_picked":["Melter","Rebound"],"picked":"Skim+1","floor":14.0},{"not_picked":["Biased Cognition","Creative AI"],"picked":"Electrodynamics","floor":16.0},{"not_picked":["Fusion+1","Turbo+1"],"picked":"Rebound","floor":18.0},{"not_picked":["Turbo+1","Sweeping Beam"],"picked":"Ball Lightning","floor":20.0}],"player_experience":1536973,"relics_obtained":[{"floor":7.0,"key":"Smiling Mask"},{"floor":9.0,"key":"Toxic Egg 2"},{"floor":11.0,"key":"Gremlin Horn"},{"floor":14.0,"key":"Boot"},{"floor":17.0,"key":"Ancient Tea Set"},{"floor":17.0,"key":"Frozen Egg 2"},{"floor":17.0,"key":"Incense Burner"}],"event_choices":[{"damage_healed":0.0,"max_hp_gain":0.0,"max_hp_loss":0.0,"gold_gain":66.0,"event_name":"Golden Wing","player_choice":"Gained Gold","floor":5.0,"gold_loss":0.0,"damage_taken":0.0},{"damage_healed":0.0,"max_hp_gain":0.0,"max_hp_loss":0.0,"gold_gain":0.0,"event_name":"Dead Adventurer","player_choice":"Searched \u00271\u0027 times","floor":11.0,"gold_loss":0.0,"damage_taken":0.0},{"damage_healed":0,"gold_gain":0,"player_choice":"Fought Bandits","damage_taken":0,"max_hp_gain":0,"max_hp_loss":0,"event_name":"Masked Bandits","floor":21,"gold_loss":0}],"is_beta":false,"boss_relics":[{"not_picked":["Lizard Tail","Snecko Eye"],"picked":"Calling Bell"}],"items_purged_floors":[19],"is_endless":false,"potions_floor_spawned":[1,4,11,14,18,20],"killed_by":"Masked Bandits","ascension_level":17}