{"gold_per_floor":[115,134,147,162,162,162,196,196,196,208,220,250,262,287,299,385,397,425,450,82,93,103,103,103],"floor_reached":24,"playtime":1536,"items_purged":[],"score":340,"play_id":"e0a1ee45-3798-49a1-8c31-58fdd6b7273e","local_time":"20190206033904","is_ascension_mode":true,"campfire_choices":[{"data":"Defragment","floor":6,"key":"SMITH"},{"data":"Zap","floor":8,"key":"SMITH"},{"data":"Self Repair","floor":10,"key":"SMITH"},{"data":"Loop","floor":13,"key":"SMITH"},{"floor":15,"key":"REST"},{"floor":23,"key":"REST"}],"neow_cost":"NONE","seed_source_timestamp":793658511118751,"circlet_count":0,"master_deck":["AscendersBane","Strike_B","Strike_B","Strike_B","Defend_B","Defend_B","Defend_B","Defend_B","Zap+1","Dualcast","Compile Driver","Go for the Eyes","Sweeping Beam","Defragment+1","Self Repair+1","Loop+1","Leap","Steam","Electrodynamics","Steam","Capacitor","Conserve Battery+1","Cold Snap"],"relics":["Cracked Core","Matryoshka","MawBank","Gremlin Horn","Nuclear Battery","Toxic Egg 2"],"potions_floor_usage":[12,16,19,22],"damage_taken":[{"damage":1,"enemies":"Jaw Worm","floor":1,"turns":4},{"damage":4,"enemies":"2 Louse","floor":2,"turns":2},{"damage":0,"enemies":"Small Slimes","floor":3,"turns":3},{"damage":6,"enemies":"Looter","floor":4,"turns":4},{"damage":32,"enemies":"Lagavulin","floor":7,"turns":8},{"damage":9,"enemies":"Exordium Wildlife","floor":12,"turns":2},{"damage":11,"enemies":"Lots of Slimes","floor":14,"turns":3},{"damage":39,"enemies":"Slime Boss","floor":16,"turns":8},{"damage":25,"enemies":"Chosen","floor":18,"turns":5},{"damage":19,"enemies":"2 Thieves","floor":19,"turns":3},{"damage":27,"enemies":"Snake Plant","floor":21,"turns":5},{"damage":27,"enemies":"Cultist and Chosen","floor":22,"turns":6},{"damage":35,"enemies":"Book of Stabbing","floor":24,"turns":5}],"seed_played":"-3512928627526517267","potions_obtained":[{"floor":1,"key":"Poison Potion"},{"floor":7,"key":"Explosive Potion"},{"floor":14,"key":"FocusPotion"},{"floor":18,"key":"Ancient Potion"}],"is_trial":false,"path_per_floor":["M","M","M","M","?","R","E","R","T","R","?","M","R","M","R","B",null,"M","M","$","M","M","R","E"],"character_chosen":"DEFECT","items_purchased":["Block Potion","Capacitor","Toxic Egg 2"],"campfire_rested":2,"item_purchase_floors":[20,20,20],"current_hp_per_floor":[70,66,66,60,65,65,33,33,33,33,33,34,34,33,57,28,69,54,45,45,28,11,35,0],"gold":103,"neow_bonus":"TEN_PERCENT_HP_BONUS","is_prod":false,"is_daily":false,"chose_seed":false,"campfire_upgraded":4,"win_rate":0,"timestamp":1549442344,"path_taken":["M","M","M","M","?","R","E","R","T","R","?","M","R","M","R","BOSS","M","M","$","M","M","R","E"],"build_version":"2019-01-23","purchased_purges":0,"victory":false,"max_hp_per_floor":[78,78,78,78,83,83,83,83,83,83,83,83,83,83,83,83,83,83,83,83,83,83,83,83],"card_choices":[{"not_picked":["Lockon","Tempest"],"picked":"Compile Driver","floor":1},{"not_picked":["Aggregate","Loop"],"picked":"Go for the Eyes","floor":2},{"not_picked":["Go for the Eyes","Capacitor"],"picked":"Sweeping Beam","floor":3},{"not_picked":["Reboot","Static Discharge"],"picked":"Defragment","floor":4},{"not_picked":["Stack","Capacitor"],"picked":"Self Repair","floor":7},{"not_picked":["Sweeping Beam","Redo"],"picked":"Leap","floor":12},{"not_picked":["Leap","Stack"],"picked":"Steam","floor":14},{"not_picked":["Reboot","Meteor Strike"],"picked":"Electrodynamics","floor":16},{"not_picked":["Stack","Gash"],"picked":"Steam","floor":18},{"not_picked":["Go for the Eyes","Compile Driver","Scrape+1"],"picked":"SKIP","floor":19},{"not_picked":["Go for the Eyes","Compile Driver","Scrape+1"],"picked":"SKIP","floor":19},{"not_picked":["Skim+1","Fusion+1"],"picked":"Conserve Battery+1","floor":21},{"not_picked":["Rebound","Meteor Strike"],"picked":"Cold Snap","floor":22}],"player_experience":721230,"relics_obtained":[{"floor":7,"key":"Matryoshka"},{"floor":9,"key":"MawBank"},{"floor":9,"key":"Gremlin Horn"}],"event_choices":[{"damage_healed":0,"gold_gain":0,"player_choice":"Donut","damage_taken":0,"max_hp_gain":5,"max_hp_loss":0,"event_name":"Big Fish","floor":5,"gold_loss":0},{"damage_healed":0,"gold_gain":0,"cards_transformed":["Strike_B"],"player_choice":"Change","damage_taken":0,"max_hp_gain":0,"max_hp_loss":0,"event_name":"Living Wall","floor":11,"gold_loss":0,"cards_obtained":["Loop"]}],"is_beta":false,"boss_relics":[{"not_picked":["Pandora\u0027s Box","Calling Bell"],"picked":"Nuclear Battery"}],"items_purged_floors":[],"is_endless":false,"potions_floor_spawned":[1,7,14,18],"killed_by":"Book of Stabbing","ascension_level":14}