{"gold_per_floor":[118,118,118,138,63,103,103,119,119,25,56,56,90,111,111,239,239,224,149,167,180,180,180,279,279,279,279,317,317,355,355,355,355],"floor_reached":33,"playtime":1558,"items_purged":["Strike_R"],"score":462,"play_id":"6e13a403-ba1b-4ba3-a6f5-323b42191e5f","local_time":"20190106043326","is_ascension_mode":true,"campfire_choices":[{"data":"1","floor":7,"key":"LIFT"},{"data":"2","floor":15,"key":"LIFT"},{"floor":23,"key":"REST"},{"floor":25,"key":"REST"},{"floor":27,"key":"REST"},{"floor":32,"key":"REST"}],"neow_cost":"NONE","seed_source_timestamp":1585254892415224,"circlet_count":0,"master_deck":["Strike_R","Strike_R","Strike_R","Defend_R+1","Defend_R","Defend_R","Defend_R+1","Bash","Pommel Strike","Flame Barrier","Dropkick","Havoc+1","Bandage Up","Pommel Strike+1","Demon Form","Flame Barrier","Immolate","Heavy Blade","Clothesline","Uppercut","Evolve+1","Ghostly","Ghostly","Ghostly","Ghostly","Ghostly","Juggernaut"],"relics":["Black Blood","NeowsBlessing","Sundial","Golden Idol","Girya","Kunai","Oddly Smooth Stone","Pen Nib","Mango","War Paint","Matryoshka","Lantern","Dead Branch"],"potions_floor_usage":[11,13,14,16,21,28,30,33],"damage_taken":[{"damage":0,"enemies":"2 Louse","floor":1,"turns":1},{"damage":0,"enemies":"Jaw Worm","floor":4,"turns":1},{"damage":0,"enemies":"3 Sentries","floor":6,"turns":2},{"damage":7,"enemies":"Small Slimes","floor":8,"turns":4},{"damage":23,"enemies":"Lagavulin","floor":11,"turns":6},{"damage":10,"enemies":"Gremlin Nob","floor":13,"turns":3},{"damage":5,"enemies":"3 Louse","floor":14,"turns":5},{"damage":24,"enemies":"Slime Boss","floor":16,"turns":7},{"damage":19,"enemies":"2 Thieves","floor":18,"turns":4},{"damage":9,"enemies":"Shell Parasite","floor":20,"turns":7},{"damage":33,"enemies":"Sentry and Sphere","floor":21,"turns":5},{"damage":52,"enemies":"Colosseum Slavers","floor":22,"turns":7},{"damage":91,"enemies":"Slavers","floor":28,"turns":7},{"damage":19,"enemies":"Book of Stabbing","floor":30,"turns":7},{"damage":36,"enemies":"Automaton","floor":33,"turns":8}],"seed_played":"-943748188971095513","potions_obtained":[{"floor":6,"key":"Ancient Potion"},{"floor":8,"key":"Poison Potion"},{"floor":13,"key":"PowerPotion"},{"floor":14,"key":"Strength Potion"},{"floor":20,"key":"Fruit Juice"},{"floor":21,"key":"GamblersBrew"},{"floor":28,"key":"Block Potion"},{"floor":30,"key":"SteroidPotion"}],"is_trial":false,"path_per_floor":["M","?","?","M","$","E","R","M","T","$","E","?","E","M","R","B",null,"M","?","M","M","?","R","?","R","T","R","E","?","E","T","R","B"],"character_chosen":"IRONCLAD","items_purchased":["Bandage Up"],"campfire_rested":4,"item_purchase_floors":[10],"current_hp_per_floor":[78,66,66,72,72,74,74,73,73,73,60,45,45,50,50,36,65,60,60,65,51,13,36,36,59,73,93,16,16,11,11,24,0],"gold":355,"neow_bonus":"THREE_ENEMY_KILL","is_prod":false,"is_daily":false,"chose_seed":false,"campfire_upgraded":0,"win_rate":0,"timestamp":1546767206,"path_taken":["M","?","?","M","$","E","R","M","T","?","E","?","E","M","R","BOSS","M","?","M","M","?","R","?","R","T","R","E","?","E","?","R","BOSS"],"build_version":"2019-01-03v4","purchased_purges":1,"victory":false,"max_hp_per_floor":[80,80,74,74,74,74,74,74,74,74,74,74,74,74,74,74,74,74,74,74,79,79,79,79,79,93,93,93,46,46,46,46,46],"card_choices":[{"not_picked":["Heavy Blade","Evolve"],"picked":"Pommel Strike","floor":1},{"not_picked":["Perfected Strike","Iron Wave"],"picked":"Flame Barrier","floor":4},{"not_picked":["Thunderclap","Iron Wave"],"picked":"Dropkick","floor":6},{"not_picked":["Body Slam","Sword Boomerang"],"picked":"Havoc","floor":8},{"not_picked":["Warcry","Thunderclap"],"picked":"Pommel Strike","floor":11},{"not_picked":["Burning Pact","Hemokinesis"],"picked":"Demon Form","floor":13},{"not_picked":["Headbutt","Clash"],"picked":"Flame Barrier","floor":14},{"not_picked":["Berserk","Impervious"],"picked":"Immolate","floor":16},{"not_picked":["Iron Wave","Clothesline"],"picked":"Heavy Blade","floor":18},{"not_picked":["Perfected Strike+1","Brutality"],"picked":"Clothesline","floor":20},{"not_picked":["Pommel Strike+1","Armaments"],"picked":"Uppercut","floor":21},{"not_picked":["Pommel Strike","Twin Strike"],"picked":"Evolve+1","floor":28},{"not_picked":["Thunderclap","Searing Blow"],"picked":"Juggernaut","floor":30}],"player_experience":363614,"relics_obtained":[{"floor":6,"key":"Girya"},{"floor":9,"key":"Kunai"},{"floor":11,"key":"Oddly Smooth Stone"},{"floor":13,"key":"Pen Nib"},{"floor":26,"key":"Mango"},{"floor":28,"key":"War Paint"},{"floor":30,"key":"Matryoshka"},{"floor":31,"key":"Lantern"},{"floor":31,"key":"Dead Branch"}],"event_choices":[{"damage_healed":0,"gold_gain":0,"player_choice":"Success","damage_taken":12,"relics_obtained":["Sundial"],"max_hp_gain":0,"max_hp_loss":0,"event_name":"Scrap Ooze","floor":2,"gold_loss":0},{"damage_healed":0,"gold_gain":0,"player_choice":"Lose Max HP","damage_taken":0,"relics_obtained":["Golden Idol"],"max_hp_gain":0,"max_hp_loss":6,"event_name":"Golden Idol","floor":3,"gold_loss":0},{"damage_healed":0,"gold_gain":0,"player_choice":"Entered Light","damage_taken":15,"max_hp_gain":0,"max_hp_loss":0,"event_name":"Shining Light","floor":12,"gold_loss":0,"cards_upgraded":["Defend_R","Pommel Strike"]},{"cards_removed":["Strike_R"],"damage_healed":0,"gold_gain":0,"player_choice":"Gave Gold","damage_taken":0,"max_hp_gain":0,"max_hp_loss":0,"event_name":"Beggar","floor":19,"gold_loss":75},{"damage_healed":0,"gold_gain":0,"player_choice":"Fight","damage_taken":0,"max_hp_gain":0,"max_hp_loss":0,"event_name":"Colosseum","floor":22,"gold_loss":0},{"damage_healed":0,"gold_gain":0,"player_choice":"Fled From Nobs","damage_taken":0,"max_hp_gain":0,"max_hp_loss":0,"event_name":"Colosseum","floor":22,"gold_loss":0},{"damage_healed":0,"gold_gain":99,"player_choice":"Stole From Cult","damage_taken":0,"max_hp_gain":0,"max_hp_loss":0,"event_name":"Nest","floor":24,"gold_loss":0},{"damage_healed":0,"gold_gain":0,"player_choice":"Became a Ghost","damage_taken":0,"max_hp_gain":0,"max_hp_loss":47,"event_name":"Ghosts","floor":29,"gold_loss":0,"cards_obtained":["Ghostly","Ghostly","Ghostly","Ghostly","Ghostly"]}],"is_beta":false,"boss_relics":[{"not_picked":["Busted Crown","Ectoplasm"],"picked":"Black Blood"}],"items_purged_floors":[5],"is_endless":false,"potions_floor_spawned":[6,8,13,14,20,21,22,28,30],"killed_by":"Automaton","ascension_level":7}