{"gold_per_floor":[112,112,127,145,145,145,158,158,181,208,208,208,243,243,243,243],"floor_reached":16,"playtime":794,"items_purged":[],"score":239,"play_id":"87286ed0-b9d9-4851-a5e6-ba118aafa071","local_time":"20181109072719","is_ascension_mode":true,"campfire_choices":[{"data":"Zap","floor":6,"key":"SMITH"},{"data":"Zap","floor":8,"key":"SMITH"},{"floor":11,"key":"REST"},{"floor":15,"key":"REST"}],"neow_cost":"NONE","seed_source_timestamp":926014582218614,"circlet_count":0,"master_deck":["AscendersBane","Strike_B","Strike_B","Strike_B","Defend_B","Defend_B","Defend_B","Defend_B","Zap+1","Dualcast+1","Beam Cell","Go for the Eyes","Zap+1","Glacier","Scrape","Steam","Consume"],"relics":["Cracked Core","Happy Flower","Bag of Preparation","Juzu Bracelet","Ice Cream","Blue Candle"],"potions_floor_usage":[10,13],"damage_taken":[{"damage":4,"enemies":"Jaw Worm","floor":1,"turns":3},{"damage":3,"enemies":"Cultist","floor":3,"turns":4},{"damage":8,"enemies":"Small Slimes","floor":4,"turns":3},{"damage":1,"enemies":"3 Louse","floor":7,"turns":4},{"damage":25,"enemies":"Gremlin Nob","floor":10,"turns":5},{"damage":0,"enemies":"Lagavulin","floor":13,"turns":6},{"damage":38,"enemies":"Slime Boss","floor":16,"turns":11}],"seed_played":"-8235500534631638174","potions_obtained":[{"floor":4,"key":"SpeedPotion"},{"floor":7,"key":"EssenceOfSteel"}],"is_trial":false,"path_per_floor":["M","?","M","M","?","R","M","R","T","E","R","?","E","?","R","B"],"character_chosen":"DEFECT","items_purchased":[],"campfire_rested":2,"item_purchase_floors":[],"current_hp_per_floor":[60,60,57,49,42,42,41,41,41,16,37,11,11,11,32,0],"gold":243,"neow_bonus":"RANDOM_COMMON_RELIC","is_prod":false,"is_daily":false,"chose_seed":false,"campfire_upgraded":2,"win_rate":0,"timestamp":1541777239,"path_taken":["M","?","?","M","?","R","M","R","T","E","R","?","E","?","R","BOSS"],"build_version":"2018-11-08","purchased_purges":0,"victory":false,"max_hp_per_floor":[71,71,71,71,71,71,71,71,71,71,71,71,71,71,71,71],"card_choices":[{"not_picked":["Leap","Stack"],"picked":"Beam Cell","floor":1},{"not_picked":["Go for the Eyes","Cold Snap"],"picked":"Glacier","floor":3},{"not_picked":["Multi-Cast","Beam Cell"],"picked":"Scrape","floor":4},{"not_picked":["Redo","Rebound"],"picked":"Steam","floor":7},{"not_picked":["Static Discharge","Rip and Tear"],"picked":"Consume","floor":10},{"not_picked":["Amplify","Blizzard","Skim"],"picked":"SKIP","floor":13}],"player_experience":1266575,"relics_obtained":[{"floor":9,"key":"Bag of Preparation"},{"floor":10,"key":"Juzu Bracelet"},{"floor":13,"key":"Blue Candle"}],"event_choices":[{"damage_healed":0,"gold_gain":0,"player_choice":"2 cards matched","damage_taken":0,"max_hp_gain":0,"max_hp_loss":0,"event_name":"Match and Keep!","floor":2,"gold_loss":0,"cards_obtained":["Go for the Eyes","Zap"]},{"cards_removed":["Strike_B"],"damage_healed":0,"gold_gain":0,"player_choice":"Card Removal","damage_taken":7,"max_hp_gain":0,"max_hp_loss":0,"event_name":"Golden Wing","floor":5,"gold_loss":0},{"damage_healed":0,"gold_gain":0,"player_choice":"Success","damage_taken":26,"relics_obtained":["Ice Cream"],"max_hp_gain":0,"max_hp_loss":0,"event_name":"Scrap Ooze","floor":12,"gold_loss":0},{"damage_healed":0,"gold_gain":0,"player_choice":"Grow","damage_taken":0,"max_hp_gain":0,"max_hp_loss":0,"event_name":"Living Wall","floor":14,"gold_loss":0,"cards_upgraded":["Dualcast"]}],"is_beta":false,"boss_relics":[],"items_purged_floors":[],"is_endless":false,"potions_floor_spawned":[4,7],"killed_by":"Slime Boss","ascension_level":16}