{"path_per_floor":["M","$","?","M","M","E","$","R","T","R","M","?","E","M","R","B",null,"M","?","$","M","$","R","E","?","T","T","R","M","?","M","R"],"character_chosen":"DEFECT","items_purchased":["Swift Strike","Go for the Eyes","FTL","Swift Strike","Blind"],"gold_per_floor":[118,19,19,39,53,85,59,59,116,116,127,127,160,180,180,285,315,332,332,95,113,18,18,44,44,44,44,44,62,62,73,73,73],"floor_reached":33,"campfire_rested":4,"playtime":1279,"item_purchase_floors":[2,7,20,20,22],"current_hp_per_floor":[68,68,68,68,68,64,64,64,64,64,61,61,34,29,51,42,80,74,74,74,59,59,80,15,15,15,15,31,5,23,28,44,0],"items_purged":["Double Energy+1"],"gold":73,"score":325,"play_id":"24ebb67f-621a-4838-b161-da921ede8319","local_time":"20180526183406","is_prod":false,"is_daily":false,"chose_seed":false,"is_ascension_mode":true,"campfire_upgraded":2,"win_rate":0,"timestamp":1527352446,"campfire_choices":[{"data":"Dualcast","floor":8,"key":"SMITH"},{"data":"Scrape","floor":10,"key":"SMITH"},{"floor":15,"key":"REST"},{"floor":23,"key":"REST"},{"floor":28,"key":"REST"},{"floor":32,"key":"REST"}],"path_taken":["M","$","?","M","M","E","$","R","T","R","M","?","E","M","R","BOSS","M","?","$","?","?","R","E","?","T","?","R","M","?","M","R","BOSS"],"build_version":"2018-05-25","seed_source_timestamp":2827817577359,"purchased_purges":1,"victory":false,"master_deck":["Defend_B","Defend_B","Defend_B","Defend_B","Zap+1","Dualcast+1","Scrape+1","Swift Strike","Go for the Eyes","Beam Cell+1","Rebound","Go for the Eyes","Coolheaded","Rebound","All For One","Redo","White Noise","FTL","Swift Strike","Blind","Bite","Bite","Bite","Bite","Bite","Steam","Stack+1"],"max_hp_per_floor":[75,75,75,75,75,75,75,75,75,75,75,75,75,75,75,75,80,80,80,80,80,80,80,80,56,56,56,56,56,56,56,56,56],"relics":["Cracked Core","Boot","Tiny Chest","Peace Pipe","Tiny House","Smiling Mask","Blood Vial","Oddly Smooth Stone"],"card_choices":[{"not_picked":["Tempest","Static Discharge"],"picked":"Scrape","floor":1},{"not_picked":["Streamline","Genetic Algorithm"],"picked":"Go for the Eyes","floor":4},{"not_picked":["Steam Power","Skim"],"picked":"Beam Cell","floor":5},{"not_picked":["Recycle","Darkness"],"picked":"Rebound","floor":6},{"not_picked":["Force Field","Cold Snap"],"picked":"Double Energy","floor":11},{"not_picked":["Cold Snap","Tempest"],"picked":"Coolheaded","floor":13},{"not_picked":["Leap","Hyperbeam"],"picked":"Rebound","floor":14},{"not_picked":["Fission","Biased Cognition"],"picked":"All For One","floor":16},{"not_picked":["Barrage","Hologram"],"picked":"Redo","floor":17},{"not_picked":["BootSequence","Compile Driver+1"],"picked":"White Noise","floor":18},{"not_picked":["Compile Driver","Stack","Turbo"],"picked":"SKIP","floor":21},{"not_picked":["Multi-Cast","Turbo+1","Darkness"],"picked":"SKIP","floor":24},{"not_picked":["Barrage","All For One"],"picked":"Steam","floor":29},{"not_picked":["Hello World","Rebound"],"picked":"Stack+1","floor":31}],"player_experience":172485,"potions_floor_usage":[6,18,21,24,24,29],"damage_taken":[{"damage":7,"enemies":"2 Louse","floor":1,"turns":2},{"damage":0,"enemies":"Cultist","floor":4,"turns":2},{"damage":0,"enemies":"Small Slimes","floor":5,"turns":2},{"damage":4,"enemies":"3 Sentries","floor":6,"turns":6},{"damage":3,"enemies":"Blue Slaver","floor":11,"turns":2},{"damage":27,"enemies":"Gremlin Nob","floor":13,"turns":4},{"damage":5,"enemies":"Exordium Thugs","floor":14,"turns":3},{"damage":9,"enemies":"Slime Boss","floor":16,"turns":7},{"damage":6,"enemies":"Spheric Guardian","floor":18,"turns":4},{"damage":15,"enemies":"Chosen","floor":21,"turns":3},{"damage":65,"enemies":"Slavers","floor":24,"turns":6},{"damage":40,"enemies":"3 Cultists","floor":29,"turns":6},{"damage":5,"enemies":"Chosen and Byrds","floor":31,"turns":4},{"damage":65,"enemies":"Champ","floor":33,"turns":11}],"relics_obtained":[{"floor":6,"key":"Boot"},{"floor":9,"key":"Tiny Chest"},{"floor":13,"key":"Peace Pipe"},{"floor":24,"key":"Smiling Mask"},{"floor":26,"key":"Blood Vial"},{"floor":27,"key":"Oddly Smooth Stone"}],"event_choices":[{"event_name":"Upgrade Shrine","player_choice":"Upgraded","floor":3,"damage_taken":0},{"event_name":"Accursed Blacksmith","player_choice":"Forge","floor":12,"damage_taken":0},{"event_name":"The Lab","player_choice":"Got Potions","floor":19,"damage_taken":0},{"event_name":"Vampires","player_choice":"Became a vampire","floor":25,"damage_taken":0},{"event_name":"The Library","player_choice":"Heal","floor":30,"damage_taken":0}],"boss_relics":[{"not_picked":["Snecko Eye","Cursed Key"],"picked":"Tiny House"}],"items_purged_floors":[20],"potions_floor_spawned":[1,5,6,11,16,18,21],"seed_played":"-837409508356076135","killed_by":"Champ","ascension_level":2,"potions_obtained":[{"floor":1,"key":"Block Potion"},{"floor":5,"key":"Dexterity Potion"},{"floor":6,"key":"Strength Potion"},{"floor":11,"key":"SneckoOil"},{"floor":16,"key":"Poison Potion"},{"floor":18,"key":"PowerPotion"},{"floor":19,"key":"Weak Potion"},{"floor":19,"key":"Swift Potion"},{"floor":21,"key":"Poison Potion"}],"is_trial":false}