{"gold_per_floor":[109,127,139,158,177,177,203,219,242,303,326,326,339,339,339,410,410,421,421,290,309,359,359,113,130,130,130,130,130,146,166,166,241,241,261,275,294,294,308,308,319,329,329,343,343,343,57,75,75,75],"floor_reached":51,"playtime":5584,"items_purged":["Strike_R","Strike_R","Strike_R+1"],"score":1144,"play_id":"38c5cb84-33b2-46d3-82ea-a53cb9eb2404","local_time":"20180928005322","is_ascension_mode":true,"campfire_choices":[{"data":"Immolate","floor":6,"key":"SMITH"},{"data":"True Grit","floor":12,"key":"SMITH"},{"floor":15,"key":"REST"},{"data":"Pommel Strike","floor":23,"key":"SMITH"},{"data":"Bash","floor":27,"key":"SMITH"},{"data":"Offering","floor":32,"key":"SMITH"},{"data":"Fiend Fire","floor":40,"key":"SMITH"},{"data":"Demon Form","floor":49,"key":"SMITH"}],"neow_cost":"NONE","seed_source_timestamp":130444361260858,"circlet_count":0,"master_deck":["Strike_R+1","Strike_R+1","Defend_R+1","Defend_R+1","Defend_R+1","Defend_R+1","Bash+1","AscendersBane","Offering+1","Pommel Strike+1","Iron Wave+1","True Grit+1","Immolate+1","Flame Barrier+1","Headbutt+1","Clothesline+1","Spot Weakness+1","Feed+1","Reaper+1","Metallicize+1","Shrug It Off+1","Feel No Pain+1","Impervious+1","Shrug It Off+1","Fiend Fire+1","Shrug It Off+1","Uppercut+1","Juggernaut+1","Evolve+1","Demon Form+1"],"relics":["Burning Blood","Juzu Bracelet","Art of War","Pen Nib","Odd Mushroom","Coffee Dripper","Dead Branch","Sozu","Molten Egg 2","Mark of the Bloom"],"potions_floor_usage":[5,7,10,16,16,21,42],"damage_taken":[{"damage":7,"enemies":"Cultist","floor":1,"turns":3},{"damage":13,"enemies":"Jaw Worm","floor":2,"turns":3},{"damage":7,"enemies":"2 Louse","floor":3,"turns":3},{"damage":7,"enemies":"Looter","floor":4,"turns":3},{"damage":10,"enemies":"3 Louse","floor":5,"turns":2},{"damage":19,"enemies":"Gremlin Nob","floor":7,"turns":3},{"damage":9,"enemies":"Exordium Wildlife","floor":8,"turns":4},{"damage":6,"enemies":"3 Sentries","floor":10,"turns":3},{"damage":7,"enemies":"The Mushroom Lair","floor":11,"turns":2},{"damage":22,"enemies":"Gremlin Gang","floor":13,"turns":4},{"damage":28,"enemies":"The Guardian","floor":16,"turns":11},{"damage":6,"enemies":"Spheric Guardian","floor":18,"turns":3},{"damage":11,"enemies":"2 Thieves","floor":21,"turns":4},{"damage":37,"enemies":"Snake Plant","floor":25,"turns":5},{"damage":22,"enemies":"Colosseum Slavers","floor":29,"turns":3},{"damage":2,"enemies":"Cultist and Chosen","floor":30,"turns":5},{"damage":16,"enemies":"Sentry and Sphere","floor":31,"turns":10},{"damage":9,"enemies":"Collector","floor":33,"turns":9},{"damage":6,"enemies":"Orb Walker","floor":35,"turns":2},{"damage":6,"enemies":"3 Shapes","floor":36,"turns":6},{"damage":10,"enemies":"Jaw Worm Horde","floor":37,"turns":6},{"damage":7,"enemies":"3 Darklings","floor":39,"turns":3},{"damage":0,"enemies":"4 Shapes","floor":41,"turns":15},{"damage":18,"enemies":"Transient","floor":42,"turns":6},{"damage":23,"enemies":"Maw","floor":44,"turns":10},{"damage":21,"enemies":"Reptomancer","floor":48,"turns":4},{"damage":10,"enemies":"Time Eater","floor":50,"turns":13}],"seed_played":"-3365475434316324411","potions_obtained":[{"floor":3,"key":"Poison Potion"},{"floor":4,"key":"PowerPotion"},{"floor":5,"key":"Dexterity Potion"},{"floor":7,"key":"Dexterity Potion"},{"floor":13,"key":"Regen Potion"},{"floor":31,"key":"SkillPotion"}],"is_trial":false,"path_per_floor":["M","M","M","M","M","R","E","M","T","?","?","R","M","?","R","B",null,"M","?","$","M","?","R","$","M","T","R","?","?","M","M","R","B",null,"M","M","M","?","M","R","M","M","T","M","?","R","$","M","R","B"],"character_chosen":"IRONCLAD","items_purchased":["AttackPotion","Shrug It Off","Feel No Pain","Demon Form"],"campfire_rested":1,"item_purchase_floors":[20,24,24,47],"current_hp_per_floor":[67,60,59,58,54,54,41,38,38,38,37,37,21,3,25,12,59,63,63,63,61,61,61,61,30,30,30,30,31,39,32,32,29,70,73,80,93,88,87,87,91,79,79,77,77,77,77,56,56,46],"gold":75,"neow_bonus":"ONE_RANDOM_RARE_CARD","is_prod":false,"is_daily":false,"chose_seed":false,"campfire_upgraded":7,"win_rate":0,"timestamp":1538121202,"path_taken":["M","M","M","M","M","R","E","M","T","?","?","R","M","?","R","BOSS","M","?","$","M","?","R","$","M","T","R","?","?","M","M","R","BOSS","M","M","M","?","M","R","M","M","T","M","?","R","?","M","R","BOSS"],"build_version":"2018-09-26","purchased_purges":3,"victory":true,"max_hp_per_floor":[75,75,75,75,75,75,75,75,75,75,75,75,75,75,75,75,75,75,75,75,78,78,78,78,78,78,78,78,81,81,84,84,84,84,87,90,93,88,88,88,91,91,91,91,91,91,91,95,95,95],"card_choices":[{"not_picked":["Sever Soul","Heavy Blade"],"picked":"Pommel Strike","floor":1},{"not_picked":["Corruption","Clash"],"picked":"Iron Wave","floor":2},{"not_picked":["Corruption","Shrug It Off"],"picked":"True Grit","floor":3},{"not_picked":["Cleave","Clash"],"picked":"Immolate","floor":4},{"not_picked":["Power Through","Armaments"],"picked":"Flame Barrier","floor":5},{"not_picked":["Whirlwind","Burning Pact"],"picked":"Headbutt","floor":7},{"not_picked":["True Grit","Sword Boomerang","Flex"],"picked":"SKIP","floor":8},{"not_picked":["Flex","Headbutt"],"picked":"Clothesline","floor":10},{"not_picked":["Rampage","Iron Wave"],"picked":"Spot Weakness","floor":11},{"not_picked":["Evolve","Havoc"],"picked":"Feed","floor":13},{"not_picked":["Brutality","Impervious"],"picked":"Reaper","floor":16},{"not_picked":["Iron Wave+1","Perfected Strike"],"picked":"Metallicize","floor":18},{"not_picked":["Warcry","Evolve","Entrench+1"],"picked":"SKIP","floor":21},{"not_picked":["Anger","Thunderclap"],"picked":"Impervious","floor":25},{"not_picked":["Pommel Strike","Heavy Blade"],"picked":"Shrug It Off","floor":30},{"not_picked":["Fire Breathing","Evolve","Cleave"],"picked":"SKIP","floor":31},{"not_picked":["Reaper","Bludgeon"],"picked":"Fiend Fire","floor":33},{"not_picked":["Iron Wave","Clothesline+1","Wild Strike"],"picked":"SKIP","floor":35},{"not_picked":["Heavy Blade","Pommel Strike+1"],"picked":"Shrug It Off","floor":36},{"not_picked":["Blood for Blood","Body Slam+1","Warcry"],"picked":"SKIP","floor":37},{"not_picked":["Blood for Blood","Wild Strike"],"picked":"Uppercut+1","floor":39},{"not_picked":["Cleave+1","Shrug It Off"],"picked":"Juggernaut","floor":41},{"not_picked":["Clash","Dropkick"],"picked":"Evolve+1","floor":42},{"not_picked":["Headbutt+1","Combust","Heavy Blade+1"],"picked":"SKIP","floor":44},{"not_picked":["Searing Blow+1","Burning Pact+1","Entrench"],"picked":"SKIP","floor":48}],"player_experience":843625,"relics_obtained":[{"floor":7,"key":"Juzu Bracelet"},{"floor":9,"key":"Art of War"},{"floor":10,"key":"Pen Nib"},{"floor":11,"key":"Odd Mushroom"},{"floor":26,"key":"Dead Branch"},{"floor":43,"key":"Molten Egg 2"}],"event_choices":[{"event_name":"Dead Adventurer","player_choice":"Searched \u00272\u0027 times","floor":10,"damage_taken":0},{"event_name":"Mushrooms","player_choice":"Fought Mushrooms","floor":11,"damage_taken":0},{"event_name":"Scrap Ooze","player_choice":"unsuccessful","floor":14,"damage_taken":18},{"event_name":"The Mausoleum","player_choice":"No","floor":19,"damage_taken":0},{"event_name":"Nest","player_choice":"Stole From Cult","floor":22,"damage_taken":0},{"event_name":"Back to Basics","player_choice":"Simplicity","floor":28,"damage_taken":0},{"event_name":"Colosseum","player_choice":"Fight","floor":29,"damage_taken":0},{"event_name":"Colosseum","player_choice":"Fled From Nobs","floor":29,"damage_taken":0},{"event_name":"Winding Halls","player_choice":"Max HP","floor":38,"damage_taken":0},{"event_name":"MindBloom","player_choice":"Upgrade","floor":45,"damage_taken":0}],"is_beta":true,"boss_relics":[{"not_picked":["Runic Pyramid","White Beast Statue"],"picked":"Coffee Dripper"},{"not_picked":["Orrery","Runic Dome"],"picked":"Sozu"}],"items_purged_floors":[20,24,47],"is_endless":false,"potions_floor_spawned":[3,4,5,7,13,29,31,36,39,41,48],"ascension_level":17}