{"gold_per_floor":[111,111,111,111,124,124,152,152,152,180,199,199,216,244,244,244],"floor_reached":16,"playtime":524,"items_purged":[],"score":230,"play_id":"4528e278-a033-4ac7-99e4-8c3a452e42d3","local_time":"20190125140351","is_ascension_mode":true,"campfire_choices":[{"data":"Perfected Strike","floor":6.0,"key":"SMITH"},{"data":"Sword Boomerang","floor":8.0,"key":"SMITH"},{"data":"Wild Strike","floor":12,"key":"SMITH"},{"data":"Bash","floor":15,"key":"SMITH"}],"neow_cost":"NONE","seed_source_timestamp":769640236739131,"circlet_count":0,"master_deck":["AscendersBane","Strike_R","Strike_R","Strike_R","Strike_R","Strike_R","Defend_R","Defend_R","Defend_R","Defend_R","Bash+1","Burning Pact","Perfected Strike+1","Sword Boomerang+1","Pommel Strike","Wild Strike+1","Evolve+1"],"special_seed":0,"relics":["Burning Blood","Frozen Egg 2","PreservedInsect","Pocketwatch","Gremlin Horn","Mummified Hand"],"potions_floor_usage":[16,16],"damage_taken":[{"damage":0.0,"enemies":"2 Louse","floor":1.0,"turns":2.0},{"damage":18.0,"enemies":"Jaw Worm","floor":5.0,"turns":6.0},{"damage":31.0,"enemies":"Gremlin Nob","floor":7.0,"turns":4.0},{"damage":15,"enemies":"Lagavulin","floor":10,"turns":4},{"damage":0,"enemies":"Cultist","floor":11,"turns":2},{"damage":6,"enemies":"2 Fungi Beasts","floor":13,"turns":3},{"damage":10,"enemies":"3 Sentries","floor":14,"turns":5},{"damage":42,"enemies":"Hexaghost","floor":16,"turns":7}],"seed_played":"8399551167762324190","potions_obtained":[{"floor":1.0,"key":"LiquidBronze"},{"floor":11,"key":"SkillPotion"}],"is_trial":false,"path_per_floor":["M","$","?","?","M","R","E","R","T","E","M","R","M","E","R","B"],"character_chosen":"IRONCLAD","items_purchased":[],"campfire_rested":0,"item_purchase_floors":[],"current_hp_per_floor":[81,81,86,86,74,74,49,49,49,40,46,46,46,42,42,0],"gold":244,"neow_bonus":"TEN_PERCENT_HP_BONUS","is_prod":false,"is_daily":false,"chose_seed":false,"campfire_upgraded":4,"win_rate":0,"timestamp":1548453831,"path_taken":["M","$","?","?","M","R","E","R","T","E","M","R","M","E","R","BOSS"],"build_version":"2019-01-23","purchased_purges":0,"victory":false,"max_hp_per_floor":[82,82,87,87,87,87,87,87,87,87,87,87,87,87,87,87],"card_choices":[{"not_picked":["Combust","Anger"],"picked":"Burning Pact","floor":1.0},{"not_picked":["Corruption+1","Twin Strike"],"picked":"Perfected Strike","floor":5.0},{"not_picked":["Fire Breathing+1","Body Slam"],"picked":"Sword Boomerang","floor":7.0},{"not_picked":["Reckless Charge","Warcry"],"picked":"Pommel Strike","floor":10},{"not_picked":["Headbutt","Fire Breathing+1"],"picked":"Wild Strike","floor":11},{"not_picked":["Ghostly Armor","Second Wind"],"picked":"Evolve+1","floor":13},{"not_picked":["Rampage","Warcry","Dual Wield"],"picked":"SKIP","floor":14}],"player_experience":1766685,"relics_obtained":[{"floor":4.0,"key":"Frozen Egg 2"},{"floor":7.0,"key":"PreservedInsect"},{"floor":9.0,"key":"Pocketwatch"},{"floor":10,"key":"Gremlin Horn"},{"floor":14,"key":"Mummified Hand"}],"event_choices":[{"damage_healed":0.0,"max_hp_gain":5.0,"max_hp_loss":0.0,"gold_gain":0.0,"event_name":"Big Fish","player_choice":"Donut","floor":3.0,"gold_loss":0.0,"damage_taken":0.0},{"damage_healed":0.0,"max_hp_gain":0.0,"max_hp_loss":0.0,"gold_gain":0.0,"event_name":"Wheel of Change","player_choice":"Relic","floor":4.0,"gold_loss":0.0,"damage_taken":0.0}],"is_beta":false,"boss_relics":[],"items_purged_floors":[],"is_endless":false,"potions_floor_spawned":[1,11,13],"killed_by":"Hexaghost","ascension_level":19}