{"gold_per_floor":[109,120,120,43,43,43,55,84,84,84],"floor_reached":10,"playtime":363,"items_purged":[],"score":125,"play_id":"ba022310-02cc-4531-bd11-b4f9b9ea9752","local_time":"20181219145337","is_ascension_mode":true,"campfire_choices":[{"floor":6,"key":"REST"}],"neow_cost":"NONE","seed_source_timestamp":14610230802258,"circlet_count":0,"master_deck":["AscendersBane","Strike_B","Strike_B","Strike_B","Strike_B","Defend_B+1","Defend_B","Defend_B","Defend_B","Zap+1","Dualcast","Defragment+1","BootSequence","Conserve Battery","Hologram+1","Cold Snap","Go for the Eyes"],"relics":["Cracked Core","Mummified Hand","Pantograph"],"potions_floor_usage":[10],"damage_taken":[{"damage":5,"enemies":"Small Slimes","floor":1,"turns":3},{"damage":8,"enemies":"2 Louse","floor":2,"turns":4},{"damage":0,"enemies":"Cultist","floor":7,"turns":4},{"damage":24,"enemies":"3 Sentries","floor":8,"turns":9},{"damage":29,"enemies":"Gremlin Nob","floor":10,"turns":4}],"seed_played":"2258959080884150121","potions_obtained":[{"floor":7,"key":"Weak Potion"}],"is_trial":false,"path_per_floor":["M","M","?","$","?","R","M","E","T","E"],"character_chosen":"DEFECT","items_purchased":["Conserve Battery","Hologram"],"campfire_rested":1,"item_purchase_floors":[4,4],"current_hp_per_floor":[59,51,30,30,30,51,51,27,27,0],"gold":84,"neow_bonus":"UPGRADE_CARD","is_prod":false,"is_daily":false,"chose_seed":false,"campfire_upgraded":0,"win_rate":0,"timestamp":1545260017,"path_taken":["M","M","?","$","?","R","M","E","T","E"],"build_version":"2018-12-13","purchased_purges":0,"victory":false,"max_hp_per_floor":[71,71,71,71,71,71,71,71,71,71],"card_choices":[{"not_picked":["Conserve Battery","Gash"],"picked":"Defragment","floor":1},{"not_picked":["Redo","Leap"],"picked":"BootSequence","floor":2},{"not_picked":["Stack","Aggregate"],"picked":"Cold Snap","floor":7},{"not_picked":["BootSequence","Hologram"],"picked":"Go for the Eyes","floor":8}],"player_experience":1589263,"relics_obtained":[{"floor":8,"key":"Mummified Hand"},{"floor":9,"key":"Pantograph"}],"event_choices":[{"damage_healed":0,"gold_gain":0,"player_choice":"Entered Light","damage_taken":21,"max_hp_gain":0,"max_hp_loss":0,"event_name":"Shining Light","floor":3,"gold_loss":0,"cards_upgraded":["Defend_B","Defragment"]},{"damage_healed":0,"gold_gain":0,"player_choice":"Upgraded","damage_taken":0,"max_hp_gain":0,"max_hp_loss":0,"event_name":"Upgrade Shrine","floor":5,"gold_loss":0,"cards_upgraded":["Hologram"]}],"is_beta":false,"boss_relics":[],"items_purged_floors":[],"is_endless":false,"potions_floor_spawned":[7],"killed_by":"Gremlin Nob","ascension_level":18}