{"gold_per_floor":[116,116,129,129,140,140,169,169,169,179,179],"floor_reached":11,"playtime":462,"items_purged":[],"score":110,"play_id":"e95606c8-aef7-4b74-9b18-477ba8bcaa96","local_time":"20190116172902","is_ascension_mode":true,"campfire_choices":[{"data":"Creative AI","floor":6,"key":"SMITH"}],"neow_cost":"NONE","seed_source_timestamp":154938195524352,"circlet_count":0,"master_deck":["AscendersBane","Strike_B","Strike_B","Strike_B","Strike_B","Defend_B","Defend_B","Defend_B","Defend_B+1","Zap","Dualcast","Creative AI+1","Steam","Barrage","Auto Shields+1","Ball Lightning","Auto Shields"],"relics":["Cracked Core","Meat on the Bone","Vajra","Boot"],"potions_floor_usage":[7,10],"damage_taken":[{"damage":4,"enemies":"Small Slimes","floor":1,"turns":5},{"damage":7,"enemies":"Jaw Worm","floor":3,"turns":6},{"damage":6,"enemies":"Cultist","floor":5,"turns":5},{"damage":24,"enemies":"3 Sentries","floor":7,"turns":6},{"damage":0,"enemies":"Blue Slaver","floor":10,"turns":4},{"damage":46,"enemies":"Gremlin Gang","floor":11,"turns":3}],"seed_played":"8750597482060518483","potions_obtained":[{"floor":3,"key":"SpeedPotion"},{"floor":5,"key":"Fire Potion"}],"is_trial":false,"path_per_floor":["M","?","M","?","M","R","E","?","T","M","M"],"character_chosen":"DEFECT","items_purchased":[],"campfire_rested":0,"item_purchase_floors":[],"current_hp_per_floor":[64,61,54,75,69,69,45,30,30,42,0],"gold":179,"neow_bonus":"ONE_RANDOM_RARE_CARD","is_prod":false,"is_daily":false,"chose_seed":false,"campfire_upgraded":1,"win_rate":0,"timestamp":1547677742,"path_taken":["M","?","M","?","M","R","E","?","T","M","?"],"build_version":"2019-01-10","purchased_purges":0,"victory":false,"max_hp_per_floor":[75,75,75,75,75,75,75,75,75,75,75],"card_choices":[{"not_picked":["Stack","Ball Lightning"],"picked":"Steam","floor":1},{"not_picked":["Darkness","Tempest"],"picked":"Barrage","floor":3},{"not_picked":["Force Field","Hologram"],"picked":"Auto Shields","floor":5},{"not_picked":["Compile Driver","Beam Cell"],"picked":"Ball Lightning","floor":7},{"not_picked":["Genetic Algorithm","Static Discharge"],"picked":"Auto Shields","floor":10}],"player_experience":505392,"relics_obtained":[{"floor":7,"key":"Vajra"},{"floor":9,"key":"Boot"}],"event_choices":[{"damage_healed":0,"gold_gain":0,"player_choice":"Success","damage_taken":3,"relics_obtained":["Meat on the Bone"],"max_hp_gain":0,"max_hp_loss":0,"event_name":"Scrap Ooze","floor":2,"gold_loss":0},{"damage_healed":25,"gold_gain":0,"player_choice":"Banana","damage_taken":0,"max_hp_gain":0,"max_hp_loss":0,"event_name":"Big Fish","floor":4,"gold_loss":0},{"damage_healed":0,"gold_gain":0,"player_choice":"Entered Light","damage_taken":15,"max_hp_gain":0,"max_hp_loss":0,"event_name":"Shining Light","floor":8,"gold_loss":0,"cards_upgraded":["Auto Shields","Defend_B"]}],"is_beta":false,"boss_relics":[],"items_purged_floors":[],"is_endless":false,"potions_floor_spawned":[3,5],"killed_by":"Gremlin Gang","ascension_level":10}