{"gold_per_floor":[117,117,28,45,56,81,101,101,183,195,211,221,221,248,260,347,359,383,395,26,26,42,42,42,69,69,69,69,86,105,117,117,117],"floor_reached":33,"playtime":1008,"items_purged":[],"score":538,"play_id":"3a5d91e3-d9c7-4300-8bd2-941a5c0e0a01","local_time":"20181212113634","is_ascension_mode":true,"campfire_choices":[{"floor":8,"key":"REST"},{"floor":15,"key":"REST"},{"data":"Armaments","floor":23,"key":"SMITH"},{"floor":27,"key":"REST"},{"floor":32,"key":"REST"}],"neow_cost":"NONE","seed_source_timestamp":142784219622509,"circlet_count":0,"master_deck":["AscendersBane","Strike_R","Strike_R","Strike_R","Strike_R","Defend_R","Defend_R","Defend_R","Bash","Armaments+1","Inflame","Ghostly Armor","Pommel Strike","Sentinel","Metallicize","Demon Form","Anger","Pummel","Reaper","Uppercut","Expertise","Shame","Trip+1","Sweeping Beam"],"relics":["Burning Blood","Happy Flower","CultistMask","StoneCalendar","Pear","MawBank","Philosopher\u0027s Stone","PrismaticShard","Bronze Scales","Bag of Marbles","Smiling Mask","Self Forming Clay","MutagenicStrength"],"potions_floor_usage":[6,6,12,16,16,25,25,33],"damage_taken":[{"damage":13,"enemies":"Small Slimes","floor":1,"turns":4},{"damage":7,"enemies":"Cultist","floor":4,"turns":4},{"damage":0,"enemies":"Jaw Worm","floor":5,"turns":4},{"damage":36,"enemies":"Lagavulin","floor":6,"turns":6},{"damage":32,"enemies":"Exordium Thugs","floor":7,"turns":6},{"damage":9,"enemies":"2 Fungi Beasts","floor":10,"turns":4},{"damage":12,"enemies":"Looter","floor":11,"turns":4},{"damage":12,"enemies":"Large Slime","floor":12,"turns":4},{"damage":40,"enemies":"The Guardian","floor":16,"turns":9},{"damage":36,"enemies":"Spheric Guardian","floor":18,"turns":6},{"damage":0,"enemies":"Chosen","floor":22,"turns":3},{"damage":55,"enemies":"Slavers","floor":25,"turns":5},{"damage":41,"enemies":"Centurion and Healer","floor":29,"turns":5},{"damage":33,"enemies":"Snake Plant","floor":30,"turns":4},{"damage":32,"enemies":"3 Cultists","floor":31,"turns":5},{"damage":92,"enemies":"Automaton","floor":33,"turns":6}],"seed_played":"2793617757943280665","potions_obtained":[{"floor":4,"key":"Energy Potion"},{"floor":5,"key":"Strength Potion"},{"floor":10,"key":"SteroidPotion"},{"floor":11,"key":"Strength Potion"},{"floor":12,"key":"LiquidBronze"},{"floor":18,"key":"Energy Potion"},{"floor":22,"key":"AttackPotion"},{"floor":30,"key":"FearPotion"}],"is_trial":false,"path_per_floor":["M","?","$","M","M","E","M","R","T","M","M","M","?","T","R","B",null,"M","?","$","?","M","R","?","E","T","R","?","M","M","M","R","B"],"character_chosen":"IRONCLAD","items_purchased":["Inflame","PrismaticShard","Bronze Scales"],"campfire_rested":4,"item_purchase_floors":[3,20,20],"current_hp_per_floor":[61,61,61,60,66,36,10,32,42,39,33,27,20,20,45,11,67,37,37,37,54,60,60,60,36,36,61,61,46,31,20,45,0],"gold":117,"neow_bonus":"RANDOM_COMMON_RELIC","is_prod":false,"is_daily":false,"chose_seed":false,"campfire_upgraded":1,"win_rate":0,"timestamp":1544639794,"path_taken":["M","?","?","?","M","E","M","R","T","M","?","M","?","?","R","BOSS","M","?","$","?","M","R","?","E","T","R","?","M","M","M","R","BOSS"],"build_version":"2018-12-06","purchased_purges":0,"victory":false,"max_hp_per_floor":[75,75,75,75,75,75,75,75,85,85,85,85,85,85,85,85,85,85,85,85,85,85,85,85,85,85,85,85,85,85,85,85,85],"card_choices":[{"not_picked":["Twin Strike","Entrench"],"picked":"Armaments","floor":1},{"not_picked":["Headbutt","Dual Wield"],"picked":"Ghostly Armor","floor":4},{"not_picked":["Body Slam","Havoc"],"picked":"Pommel Strike","floor":5},{"not_picked":["Perfected Strike","Bloodletting"],"picked":"Sentinel","floor":6},{"not_picked":["Clash","Sword Boomerang"],"picked":"Metallicize","floor":7},{"not_picked":["Uppercut","Hemokinesis"],"picked":"Demon Form","floor":10},{"not_picked":["Searing Blow","True Grit"],"picked":"Anger","floor":11},{"not_picked":["Pommel Strike","Reckless Charge"],"picked":"Pummel","floor":12},{"not_picked":["Immolate","Bludgeon"],"picked":"Reaper","floor":16},{"not_picked":["Ghostly Armor","Sword Boomerang"],"picked":"Uppercut","floor":18},{"not_picked":["Rebound","Leg Sweep"],"picked":"Expertise","floor":22},{"not_picked":["Rage","Armaments"],"picked":"Trip+1","floor":25},{"not_picked":["Cloak And Dagger","Underhanded Strike"],"picked":"Sweeping Beam","floor":29},{"not_picked":["Compile Driver","Expertise","Pommel Strike"],"picked":"SKIP","floor":30},{"not_picked":["Barrage","Cleave","Steam"],"picked":"SKIP","floor":31}],"player_experience":611561,"relics_obtained":[{"floor":6,"key":"StoneCalendar"},{"floor":9,"key":"Pear"},{"floor":14,"key":"MawBank"},{"floor":25,"key":"Smiling Mask"},{"floor":26,"key":"Self Forming Clay"}],"event_choices":[{"damage_healed":0,"gold_gain":0,"player_choice":"Trade","damage_taken":0,"relics_obtained":["CultistMask"],"max_hp_gain":0,"max_hp_loss":0,"event_name":"FaceTrader","floor":2,"gold_loss":0},{"cards_removed":["Defend_R"],"damage_healed":0,"gold_gain":0,"player_choice":"Card Removal","damage_taken":7,"max_hp_gain":0,"max_hp_loss":0,"event_name":"Golden Wing","floor":13,"gold_loss":0},{"cards_removed":["Strike_R"],"damage_healed":0,"gold_gain":0,"player_choice":"Elegance","damage_taken":0,"max_hp_gain":0,"max_hp_loss":0,"event_name":"Back to Basics","floor":19,"gold_loss":0},{"damage_healed":17,"gold_gain":0,"player_choice":"Heal","damage_taken":0,"max_hp_gain":0,"max_hp_loss":0,"event_name":"The Library","floor":21,"gold_loss":0},{"damage_healed":0,"gold_gain":0,"player_choice":"Stole Relic","damage_taken":0,"relics_obtained":["Bag of Marbles"],"max_hp_gain":0,"max_hp_loss":0,"event_name":"Addict","floor":24,"gold_loss":0,"cards_obtained":["Shame"]},{"damage_healed":0,"gold_gain":0,"player_choice":"Inject Mutagens","damage_taken":0,"relics_obtained":["MutagenicStrength"],"max_hp_gain":0,"max_hp_loss":0,"event_name":"Drug Dealer","floor":28,"gold_loss":0}],"is_beta":false,"boss_relics":[{"not_picked":["Tiny House","White Beast Statue"],"picked":"Philosopher\u0027s Stone"}],"items_purged_floors":[],"is_endless":false,"potions_floor_spawned":[4,5,10,11,12,18,22,30],"killed_by":"Automaton","ascension_level":20}