{"gold_per_floor":[116,127,127,139,16,16,16,16,16,35,35,53,66,66,66,164,164,175,195,195,195,195,29,42,61,361,361],"floor_reached":27,"playtime":2005,"items_purged":["Regret"],"score":205,"play_id":"b3978abe-1e65-40eb-9615-e5664d7155c5","local_time":"20181230151803","is_ascension_mode":false,"campfire_choices":[{"data":"Beam Cell","floor":6,"key":"SMITH"},{"data":"Dualcast","floor":8,"key":"SMITH"},{"floor":11,"key":"REST"},{"data":"Compile Driver","floor":15,"key":"SMITH"}],"neow_cost":"NONE","seed_source_timestamp":1018686723862463,"circlet_count":0,"master_deck":["Strike_B","Strike_B","Strike_B","Strike_B","Defend_B","Defend_B","Defend_B","Defend_B","Zap","Dualcast+1","Gash","Ball Lightning","Chaos+1","Beam Cell+1","Sweeping Beam","Self Repair","Compile Driver+1","BootSequence","Hyperbeam","Aggregate+1","Lockon","Melter","Secret Weapon","Steam","Reinforced Body"],"relics":["Cracked Core","Juzu Bracelet","Bottled Flame","Nuclear Battery","MutagenicStrength","Old Coin"],"potions_floor_usage":[],"damage_taken":[{"damage":6,"enemies":"Jaw Worm","floor":1,"turns":2},{"damage":0,"enemies":"Small Slimes","floor":2,"turns":2},{"damage":6,"enemies":"2 Louse","floor":4,"turns":2},{"damage":7,"enemies":"Blue Slaver","floor":10,"turns":2},{"damage":0,"enemies":"Large Slime","floor":12,"turns":4},{"damage":9,"enemies":"2 Fungi Beasts","floor":13,"turns":2},{"damage":56,"enemies":"Hexaghost","floor":16,"turns":8},{"damage":10,"enemies":"Spheric Guardian","floor":18,"turns":3},{"damage":0,"enemies":"Chosen","floor":19,"turns":4},{"damage":42,"enemies":"Snake Plant","floor":24,"turns":5},{"damage":32,"enemies":"3 Cultists","floor":25,"turns":5},{"damage":16,"enemies":"Cultist and Chosen","floor":27,"turns":4}],"seed_played":"6316743902223044843","potions_obtained":[{"floor":2,"key":"SteroidPotion"},{"floor":4,"key":"SteroidPotion"},{"floor":10,"key":"Ancient Potion"},{"floor":12,"key":"Dexterity Potion"},{"floor":18,"key":"Strength Potion"}],"is_trial":false,"path_per_floor":["M","M","?","M","$","R","$","R","T","M","R","M","M","?","R","B",null,"M","M","?","?","?","$","M","M","T","M"],"character_chosen":"DEFECT","items_purchased":["Sweeping Beam","Secret Weapon"],"campfire_rested":1,"item_purchase_floors":[5,23],"current_hp_per_floor":[69,69,69,63,63,63,63,63,63,56,75,75,73,73,73,24,75,72,75,75,75,75,75,40,15,15,0],"gold":361,"neow_bonus":"THREE_CARDS","is_prod":false,"is_daily":false,"chose_seed":false,"campfire_upgraded":3,"win_rate":0,"timestamp":1546201083,"path_taken":["M","M","?","M","$","R","$","R","T","M","R","M","M","?","R","BOSS","M","M","?","?","?","$","M","M","T","M"],"build_version":"2018-12-20","purchased_purges":1,"victory":false,"max_hp_per_floor":[75,75,75,75,75,75,75,75,75,75,75,75,75,75,75,75,75,75,75,75,75,75,75,75,75,75,75],"card_choices":[{"not_picked":["Go for the Eyes","Streamline"],"picked":"Gash","floor":0},{"not_picked":["Turbo","Recycle"],"picked":"Ball Lightning","floor":1},{"not_picked":["Gash","Steam"],"picked":"Chaos","floor":2},{"not_picked":["Rebound","Glacier"],"picked":"Beam Cell","floor":4},{"not_picked":["Leap","Echo Form"],"picked":"Self Repair","floor":10},{"not_picked":["Conserve Battery","Fusion"],"picked":"Compile Driver","floor":12},{"not_picked":["Steam","Redo"],"picked":"BootSequence","floor":13},{"not_picked":["Electrodynamics","Rainbow"],"picked":"Hyperbeam","floor":16},{"not_picked":["Redo+1","Darkness"],"picked":"Aggregate+1","floor":18},{"not_picked":["Ball Lightning","Undo+1"],"picked":"Lockon","floor":19},{"not_picked":["Force Field","Turbo"],"picked":"Steam","floor":24},{"not_picked":["Leap","Rebound"],"picked":"Reinforced Body","floor":25}],"player_experience":301969,"relics_obtained":[{"floor":9,"key":"Bottled Flame"},{"floor":26,"key":"Old Coin"}],"event_choices":[{"damage_healed":0,"gold_gain":0,"player_choice":"Box","damage_taken":0,"relics_obtained":["Juzu Bracelet"],"max_hp_gain":0,"max_hp_loss":0,"event_name":"Big Fish","floor":3,"gold_loss":0,"cards_obtained":["Regret"]},{"damage_healed":0,"gold_gain":0,"player_choice":"Grow","damage_taken":0,"max_hp_gain":0,"max_hp_loss":0,"event_name":"Living Wall","floor":14,"gold_loss":0,"cards_upgraded":["Chaos"]},{"damage_healed":0,"gold_gain":0,"player_choice":"Inject Mutagens","damage_taken":0,"relics_obtained":["MutagenicStrength"],"max_hp_gain":0,"max_hp_loss":0,"event_name":"Drug Dealer","floor":20,"gold_loss":0},{"damage_healed":0,"gold_gain":0,"player_choice":"Ignored","damage_taken":0,"max_hp_gain":0,"max_hp_loss":0,"event_name":"Ghosts","floor":21,"gold_loss":0},{"damage_healed":0,"gold_gain":0,"player_choice":"Read","damage_taken":0,"max_hp_gain":0,"max_hp_loss":0,"event_name":"The Library","floor":22,"gold_loss":0,"cards_obtained":["Melter"]}],"is_beta":false,"boss_relics":[{"not_picked":["Lizard Tail","FrozenCore"],"picked":"Nuclear Battery"}],"items_purged_floors":[5],"is_endless":false,"potions_floor_spawned":[2,4,10,12,18],"killed_by":"Cultist and Chosen","ascension_level":0}