{"gold_per_floor":[114,17,92,109,63,63,80,107,107,123,136,86,86,86,86,191,191,207,227,152,67,80,80,95,95],"floor_reached":25,"playtime":2044,"items_purged":["Strike_B"],"score":309,"play_id":"d011a0fc-872a-4727-8706-7bdeafad1ea6","local_time":"20181025084048","is_ascension_mode":true,"campfire_choices":[{"data":"Zap","floor":6,"key":"SMITH"},{"floor":13,"key":"REST"},{"data":"Hologram","floor":15,"key":"SMITH"},{"floor":23,"key":"REST"}],"neow_cost":"NONE","seed_source_timestamp":1348087145635722,"circlet_count":0,"master_deck":["Strike_B","Strike_B","Defend_B","Defend_B","Defend_B","Defend_B","Zap+1","Dualcast","AscendersBane","Compile Driver","Hologram+1","Defragment","Go for the Eyes","Echo Form","Steam","Leap","Conserve Battery","Streamline","Echo Form","FTL","FTL"],"relics":["Cracked Core","PreservedInsect","Bag of Marbles","Runic Dome","Torii"],"potions_floor_usage":[16,18,18],"damage_taken":[{"damage":0,"enemies":"Cultist","floor":1,"turns":3},{"damage":12,"enemies":"Jaw Worm","floor":4,"turns":3},{"damage":10,"enemies":"Small Slimes","floor":7,"turns":4},{"damage":6,"enemies":"Blue Slaver","floor":10,"turns":4},{"damage":0,"enemies":"2 Fungi Beasts","floor":11,"turns":3},{"damage":26,"enemies":"Slime Boss","floor":16,"turns":8},{"damage":36,"enemies":"2 Thieves","floor":18,"turns":5},{"damage":12,"enemies":"Spheric Guardian","floor":19,"turns":4},{"damage":8,"enemies":"Snecko","floor":22,"turns":6},{"damage":22,"enemies":"Snake Plant","floor":24,"turns":6}],"seed_played":"6388841263354834551","potions_obtained":[{"floor":10,"key":"AttackPotion"},{"floor":11,"key":"AttackPotion"},{"floor":16,"key":"Swift Potion"},{"floor":24,"key":"GamblersBrew"}],"is_trial":false,"path_per_floor":["M","$","?","M","$","R","M","T","T","M","M","?","R","?","R","B",null,"M","M","$","?","M","R","M"],"character_chosen":"DEFECT","items_purchased":["Defragment","Go for the Eyes","Steam"],"campfire_rested":2,"item_purchase_floors":[2,2,5],"current_hp_per_floor":[68,68,57,45,45,45,35,35,35,29,29,29,51,51,51,25,63,27,15,15,15,7,29,7,0],"gold":95,"neow_bonus":"THREE_CARDS","is_prod":false,"is_daily":false,"chose_seed":false,"campfire_upgraded":2,"win_rate":0,"timestamp":1540482048,"path_taken":["M","?","?","M","$","R","M","?","T","M","M","?","R","?","R","BOSS","M","M","$","?","M","R","M","?"],"build_version":"2018-10-18","purchased_purges":1,"victory":false,"max_hp_per_floor":[75,75,75,75,75,75,75,75,75,75,75,75,75,75,75,75,75,75,75,75,75,75,75,75,75],"card_choices":[{"not_picked":["Hologram","Darkness"],"picked":"Compile Driver","floor":0},{"not_picked":["Redo","Fusion"],"picked":"Hologram","floor":1},{"not_picked":["Compile Driver","Beam Cell"],"picked":"Echo Form","floor":4},{"not_picked":["Beam Cell","Go for the Eyes"],"picked":"Leap","floor":7},{"not_picked":["Consume","Hologram"],"picked":"Conserve Battery","floor":10},{"not_picked":["Sweeping Beam","Recycle"],"picked":"Streamline","floor":11},{"not_picked":["Rainbow","Thunder Strike"],"picked":"Echo Form","floor":16},{"not_picked":["Gash+1","Force Field"],"picked":"FTL","floor":18},{"not_picked":["Tempest","Steam Power","Rebound"],"picked":"SKIP","floor":19},{"not_picked":["Hologram+1","Beam Cell"],"picked":"FTL","floor":22},{"not_picked":["Consume","Compile Driver","Storm"],"picked":"SKIP","floor":24}],"player_experience":1204559,"relics_obtained":[{"floor":8,"key":"PreservedInsect"},{"floor":9,"key":"Bag of Marbles"}],"event_choices":[{"damage_healed":0,"gold_gain":75,"player_choice":"Gather Gold","damage_taken":11,"max_hp_gain":0,"max_hp_loss":0,"event_name":"World of Goop","floor":3,"gold_loss":0},{"cards_removed":["Strike_B"],"damage_healed":0,"gold_gain":0,"player_choice":"Card Removal","damage_taken":0,"max_hp_gain":0,"max_hp_loss":0,"event_name":"The Cleric","floor":12,"gold_loss":50},{"damage_healed":0,"gold_gain":0,"player_choice":"Bought 0 Potions","damage_taken":0,"max_hp_gain":0,"max_hp_loss":0,"event_name":"The Woman in Blue","floor":14,"gold_loss":0},{"damage_healed":0,"gold_gain":0,"player_choice":"Obtained Relic","damage_taken":0,"relics_obtained":["Torii"],"max_hp_gain":0,"max_hp_loss":0,"event_name":"Addict","floor":21,"gold_loss":85}],"is_beta":false,"boss_relics":[{"not_picked":["Fusion Hammer","Philosopher\u0027s Stone"],"picked":"Runic Dome"}],"items_purged_floors":[20],"is_endless":false,"potions_floor_spawned":[10,11,16,24],"ascension_level":12}