{"gold_per_floor":[18,30,30,30,50,50,83,83,109,109,109],"floor_reached":11,"playtime":695,"items_purged":[],"score":131,"play_id":"ba46903e-d689-4327-985c-6e23e0539d79","local_time":"20181120215714","is_ascension_mode":true,"campfire_choices":[{"floor":6,"key":"REST"},{"data":"Machine Learning","floor":8,"key":"SMITH"},{"floor":10,"key":"REST"}],"neow_cost":"NO_GOLD","seed_source_timestamp":52310645270461,"circlet_count":0,"master_deck":["AscendersBane","Strike_B","Strike_B","Strike_B","Strike_B","Defend_B+1","Defend_B","Defend_B","Defend_B","Zap","Dualcast","Machine Learning+1","Hologram+1","Go for the Eyes","Glacier"],"relics":["Cracked Core","Golden Idol","Boot","Bag of Marbles"],"potions_floor_usage":[7,7],"damage_taken":[{"damage":3,"enemies":"2 Louse","floor":1,"turns":2},{"damage":2,"enemies":"Small Slimes","floor":2,"turns":3},{"damage":7,"enemies":"Jaw Worm","floor":5,"turns":3},{"damage":13,"enemies":"Lagavulin","floor":7,"turns":8},{"damage":16,"enemies":"Gremlin Gang","floor":11,"turns":3}],"seed_played":"-6428129550331463750","potions_obtained":[{"floor":1,"key":"Dexterity Potion"},{"floor":5,"key":"Weak Potion"}],"is_trial":false,"path_per_floor":["M","M","?","?","M","R","E","R","T","R","M"],"character_chosen":"DEFECT","items_purchased":[],"campfire_rested":2,"item_purchase_floors":[],"current_hp_per_floor":[61,59,38,14,7,28,15,15,15,36,20],"gold":109,"neow_bonus":"THREE_RARE_CARDS","is_prod":false,"is_daily":false,"chose_seed":false,"campfire_upgraded":1,"win_rate":0,"timestamp":1542711434,"path_taken":["M","M","?","?","M","R","E","R","T","R","M"],"build_version":"2018-11-15","purchased_purges":0,"victory":false,"max_hp_per_floor":[71,71,71,71,71,71,71,71,71,71,71],"card_choices":[{"not_picked":["Thunder Strike","Core Surge"],"picked":"Machine Learning","floor":0},{"not_picked":["Steam Power","Streamline","Gash"],"picked":"SKIP","floor":1},{"not_picked":["Consume","Redo"],"picked":"Hologram","floor":2},{"not_picked":["Reprogram","Chaos"],"picked":"Go for the Eyes","floor":5},{"not_picked":["Go for the Eyes","Undo"],"picked":"Glacier","floor":7}],"player_experience":914438,"relics_obtained":[{"floor":7,"key":"Boot"},{"floor":9,"key":"Bag of Marbles"}],"event_choices":[{"damage_healed":0,"gold_gain":0,"player_choice":"Entered Light","damage_taken":21,"max_hp_gain":0,"max_hp_loss":0,"event_name":"Shining Light","floor":3,"gold_loss":0,"cards_upgraded":["Defend_B","Hologram"]},{"damage_healed":0,"gold_gain":0,"player_choice":"Take Damage","damage_taken":24,"relics_obtained":["Golden Idol"],"max_hp_gain":0,"max_hp_loss":0,"event_name":"Golden Idol","floor":4,"gold_loss":0}],"is_beta":true,"boss_relics":[],"items_purged_floors":[],"is_endless":false,"potions_floor_spawned":[1,5],"killed_by":"Gremlin Gang","ascension_level":17}