{"gold_per_floor":[116,127,52,52,64,64,64,64,89,89,89,35,35,96,96,96],"floor_reached":16,"playtime":637,"items_purged":["Normality"],"score":187,"play_id":"f12a864c-ae79-45ee-83b2-b7493e4172be","local_time":"20190106123922","is_ascension_mode":true,"campfire_choices":[{"data":"Zap","floor":6,"key":"SMITH"},{"data":"Go for the Eyes","floor":7,"key":"SMITH"},{"data":"Dualcast","floor":8,"key":"SMITH"},{"data":"Streamline","floor":13,"key":"SMITH"},{"floor":15,"key":"REST"}],"neow_cost":"CURSE","seed_source_timestamp":50319999342135,"circlet_count":0,"master_deck":["AscendersBane","Strike_B","Strike_B","Strike_B","Defend_B","Defend_B","Defend_B","Defend_B","Zap+1","Dualcast+1","Go for the Eyes+1","Steam","Streamline+1","Creative AI"],"relics":["Cracked Core","WingedGreaves","Bag of Preparation","Golden Idol","Tiny Chest"],"potions_floor_usage":[16],"damage_taken":[{"damage":1,"enemies":"Cultist","floor":1,"turns":3},{"damage":1,"enemies":"2 Louse","floor":2,"turns":2},{"damage":2,"enemies":"Small Slimes","floor":5,"turns":3},{"damage":19,"enemies":"3 Sentries","floor":14,"turns":7},{"damage":48,"enemies":"Slime Boss","floor":16,"turns":6}],"seed_played":"1828126007487595249","potions_obtained":[{"floor":5,"key":"Energy Potion"}],"is_trial":false,"path_per_floor":["M","M","$","$","M","R","R","R","T","?","?","$","R","E","R","B"],"character_chosen":"DEFECT","items_purchased":["Streamline"],"campfire_rested":1,"item_purchase_floors":[12],"current_hp_per_floor":[63,62,62,62,60,60,60,60,60,53,29,29,29,10,31,0],"gold":96,"neow_bonus":"ONE_RARE_RELIC","is_prod":false,"is_daily":false,"chose_seed":false,"campfire_upgraded":4,"win_rate":0,"timestamp":1546738762,"path_taken":["M","M","?","$","M","R","R","R","T","?","?","$","R","E","R","BOSS"],"build_version":"2018-11-15","purchased_purges":1,"victory":false,"max_hp_per_floor":[71,71,71,71,71,71,71,71,71,71,71,71,71,71,71,71],"card_choices":[{"not_picked":["Hello World","Fusion"],"picked":"Go for the Eyes","floor":1},{"not_picked":["Redo","Turbo"],"picked":"Steam","floor":2},{"not_picked":["Streamline","Compile Driver","Static Discharge"],"picked":"SKIP","floor":5},{"not_picked":["Undo","Rebound"],"picked":"Creative AI","floor":14}],"player_experience":983328,"relics_obtained":[{"floor":9,"key":"Bag of Preparation"},{"floor":14,"key":"Tiny Chest"}],"event_choices":[{"cards_removed":["Strike_B"],"damage_healed":0,"gold_gain":0,"player_choice":"Card Removal","damage_taken":7,"max_hp_gain":0,"max_hp_loss":0,"event_name":"Golden Wing","floor":10,"gold_loss":0},{"damage_healed":0,"gold_gain":0,"player_choice":"Take Damage","damage_taken":24,"relics_obtained":["Golden Idol"],"max_hp_gain":0,"max_hp_loss":0,"event_name":"Golden Idol","floor":11,"gold_loss":0}],"is_beta":true,"boss_relics":[],"items_purged_floors":[3],"is_endless":false,"potions_floor_spawned":[5],"killed_by":"Slime Boss","ascension_level":19}