{"gold_per_floor":[14,189,204,129,143,169,169,169,169,24,54,67,67,99,99,199,199,211,211,229,242,256,288,288,322,322,322,339,353,192,224,236,346,358,383,395,417,504,528,540,585,597,609,638,679,691,718,759,771,783,795,807,124,154,154],"floor_reached":56,"playtime":3949,"items_purged":["Doubt"],"score":1870,"play_id":"536fc94f-e3fa-4ad8-9fed-1971c08bb952","local_time":"20190114025329","is_ascension_mode":true,"campfire_choices":[{"data":"Searing Blow","floor":7,"key":"SMITH"},{"data":"Barricade","floor":13,"key":"SMITH"},{"floor":15,"key":"REST"},{"data":"Corruption","floor":24,"key":"SMITH"},{"floor":27,"key":"REST"},{"floor":32,"key":"RECALL"},{"data":"Demon Form","floor":40,"key":"SMITH"},{"data":"Intimidate","floor":42,"key":"SMITH"},{"floor":49,"key":"REST"},{"data":"Disarm","floor":52,"key":"SMITH"}],"neow_cost":"NO_GOLD","seed_source_timestamp":2268025252406620,"circlet_count":0,"master_deck":["AscendersBane","Strike_R","Strike_R","Strike_R","Strike_R","Strike_R","Defend_R+1","Defend_R","Defend_R","Defend_R","Bash","Searing Blow+1","Iron Wave","Barricade+1","Spot Weakness+1","Intimidate+1","Havoc","Feed+1","Iron Wave","Twin Strike+1","Corruption+1","Thunderclap","Clothesline","Reaper","Spot Weakness+1","Demon Form+1","Feel No Pain+1","Intimidate+1","Pommel Strike+1","Disarm+1","Feel No Pain","Shrug It Off","Clothesline+1"],"relics":["Burning Blood","Incense Burner","Pear","Vajra","Bag of Marbles","Pen Nib","Ancient Tea Set","Snecko Eye","WingedGreaves","Strawberry","Mercury Hourglass","MawBank","Eternal Feather","Magic Flower","Singing Bowl","StoneCalendar","Art of War","Gremlin Horn","Ornamental Fan","Self Forming Clay"],"potions_floor_usage":[12,21,25,25,31,41,41,47,50,55,55,55],"damage_taken":[{"damage":8,"enemies":"2 Louse","floor":1,"turns":4},{"damage":5,"enemies":"Small Slimes","floor":3,"turns":3},{"damage":2,"enemies":"Jaw Worm","floor":5,"turns":4},{"damage":35,"enemies":"Gremlin Nob","floor":6,"turns":5},{"damage":14,"enemies":"Gremlin Gang","floor":12,"turns":6},{"damage":41,"enemies":"Lagavulin","floor":14,"turns":8},{"damage":35,"enemies":"The Guardian","floor":16,"turns":15},{"damage":17,"enemies":"3 Byrds","floor":18,"turns":5},{"damage":0,"enemies":"Chosen","floor":20,"turns":6},{"damage":1,"enemies":"Centurion and Healer","floor":21,"turns":2},{"damage":14,"enemies":"Snake Plant","floor":22,"turns":3},{"damage":9,"enemies":"Book of Stabbing","floor":23,"turns":3},{"damage":8,"enemies":"Slavers","floor":25,"turns":4},{"damage":7,"enemies":"Cultist and Chosen","floor":28,"turns":3},{"damage":27,"enemies":"Sentry and Sphere","floor":29,"turns":4},{"damage":18,"enemies":"Gremlin Leader","floor":31,"turns":4},{"damage":68,"enemies":"Automaton","floor":33,"turns":8},{"damage":10,"enemies":"Orb Walker","floor":35,"turns":4},{"damage":19,"enemies":"3 Shapes","floor":37,"turns":3},{"damage":15,"enemies":"3 Darklings","floor":39,"turns":4},{"damage":0,"enemies":"Nemesis","floor":41,"turns":5},{"damage":26,"enemies":"Maw","floor":44,"turns":7},{"damage":45,"enemies":"Reptomancer","floor":45,"turns":5},{"damage":15,"enemies":"Transient","floor":47,"turns":5},{"damage":80,"enemies":"Nemesis","floor":48,"turns":7},{"damage":83,"enemies":"Donu and Deca","floor":50,"turns":7},{"damage":92,"enemies":"Shield and Spear","floor":54,"turns":7},{"damage":20,"enemies":"The Heart","floor":55,"turns":10}],"seed_played":"8789161999117396743","potions_obtained":[{"floor":3,"key":"SneckoOil"},{"floor":6,"key":"Regen Potion"},{"floor":20,"key":"Explosive Potion"},{"floor":23,"key":"Poison Potion"},{"floor":25,"key":"Explosive Potion"},{"floor":33,"key":"Dexterity Potion"},{"floor":37,"key":"Poison Potion"},{"floor":39,"key":"Block Potion"},{"floor":41,"key":"Swift Potion"},{"floor":48,"key":"Fire Potion"}],"is_trial":false,"path_per_floor":["M","?","M","$","M","E","R","?","T","$","?","M","R","E","R","B",null,"M","?","M","M","M","E","R","E","T","R","M","M","$","E","R","B",null,"M","?","M","T","M","R","E","R","T","M","E","?","M","E","R","B",null,"R","$","E","B",null],"character_chosen":"IRONCLAD","items_purchased":["Bag of Marbles","Reaper","Gremlin Horn","Ornamental Fan","Feel No Pain","Dexterity Potion","Shrug It Off","Dexterity Potion"],"campfire_rested":3,"item_purchase_floors":[10,30,53,53,53,53,53,53],"current_hp_per_floor":[70,70,71,71,75,56,56,38,38,38,38,45,45,10,37,8,70,59,59,69,78,70,71,71,80,80,113,116,99,99,112,112,62,109,110,110,122,122,113,128,133,133,133,122,103,103,99,34,95,92,132,145,145,104,110],"gold":154,"neow_bonus":"ONE_RARE_RELIC","is_prod":false,"is_daily":false,"chose_seed":false,"campfire_upgraded":6,"win_rate":0,"timestamp":1547452409,"path_taken":["M","?","M","$","M","E","R","?","T","$","?","M","R","E","R","BOSS","M","?","M","M","?","E","R","E","T","R","M","M","$","E","R","BOSS","M","?","M","?","M","R","E","R","T","M","E","?","?","E","R","BOSS","R","$","E","BOSS"],"build_version":"2019-01-10","purchased_purges":1,"victory":true,"max_hp_per_floor":[80,80,80,80,80,90,90,90,90,90,90,90,90,90,90,90,90,90,90,94,98,98,102,102,113,113,113,117,121,121,125,125,125,125,125,125,129,129,129,129,133,133,133,137,139,139,141,145,145,145,145,145,145,145,145],"card_choices":[{"not_picked":["Body Slam","Thunderclap"],"picked":"Searing Blow","floor":1},{"not_picked":["Sword Boomerang","Combust"],"picked":"Iron Wave","floor":3},{"not_picked":["Iron Wave","Sword Boomerang"],"picked":"Barricade","floor":5},{"not_picked":["Fire Breathing","Shrug It Off"],"picked":"Spot Weakness","floor":6},{"not_picked":["Hemokinesis","Anger"],"picked":"Intimidate","floor":12},{"not_picked":["Pummel","Anger"],"picked":"Havoc","floor":14},{"not_picked":["Fiend Fire","Limit Break"],"picked":"Feed","floor":16},{"not_picked":["Twin Strike","Headbutt"],"picked":"Iron Wave","floor":18},{"not_picked":["Reckless Charge","Heavy Blade+1"],"picked":"Twin Strike+1","floor":20},{"not_picked":["Sword Boomerang","Demon Form"],"picked":"Corruption","floor":21},{"not_picked":["Clash","Dual Wield"],"picked":"Thunderclap","floor":22},{"not_picked":["Evolve","Twin Strike","Rampage"],"picked":"SKIP","floor":23},{"not_picked":["Anger","Rupture","Clash"],"picked":"SKIP","floor":25},{"not_picked":["Anger","Rupture","Clash"],"picked":"SKIP","floor":25},{"not_picked":["Fire Breathing","Flex"],"picked":"Clothesline","floor":28},{"not_picked":["Cleave+1","Power Through"],"picked":"Sentinel","floor":29},{"not_picked":["Evolve","Dual Wield"],"picked":"Spot Weakness+1","floor":31},{"not_picked":["Exhume","Juggernaut"],"picked":"Demon Form","floor":33},{"not_picked":["Perfected Strike+1","Cleave","Rupture"],"picked":"SKIP","floor":35},{"not_picked":["Twin Strike","Whirlwind+1","Clash"],"picked":"SKIP","floor":37},{"not_picked":["Armaments+1","True Grit"],"picked":"Feel No Pain+1","floor":39},{"not_picked":["Berserk","Searing Blow+1"],"picked":"Intimidate+1","floor":41},{"not_picked":["Wild Strike","Seeing Red"],"picked":"Pommel Strike+1","floor":44},{"not_picked":["Heavy Blade","Shrug It Off+1","Reckless Charge"],"picked":"Singing Bowl","floor":45},{"not_picked":["Armaments+1","Flex","Combust+1"],"picked":"Singing Bowl","floor":47},{"not_picked":["Second Wind+1","Corruption"],"picked":"Disarm","floor":48},{"not_picked":["True Grit","Carnage+1"],"picked":"Clothesline+1","floor":54}],"player_experience":469318,"relics_obtained":[{"floor":6,"key":"Pear"},{"floor":9,"key":"Vajra"},{"floor":14,"key":"Ancient Tea Set"},{"floor":23,"key":"WingedGreaves"},{"floor":25,"key":"Strawberry"},{"floor":26,"key":"Mercury Hourglass"},{"floor":31,"key":"MawBank"},{"floor":41,"key":"Magic Flower"},{"floor":43,"key":"Singing Bowl"},{"floor":45,"key":"StoneCalendar"},{"floor":48,"key":"Art of War"},{"floor":54,"key":"Self Forming Clay"}],"event_choices":[{"damage_healed":0,"gold_gain":175,"player_choice":"AGREE","damage_taken":0,"max_hp_gain":0,"max_hp_loss":0,"event_name":"Liars Game","floor":2,"gold_loss":0,"cards_obtained":["Doubt"]},{"damage_healed":0,"gold_gain":0,"player_choice":"Entered Light","damage_taken":18,"max_hp_gain":0,"max_hp_loss":0,"event_name":"Shining Light","floor":8,"gold_loss":0,"cards_upgraded":["Spot Weakness","Defend_R"]},{"damage_healed":0,"gold_gain":30,"player_choice":"Searched \u00272\u0027 times","damage_taken":0,"relics_obtained":["Pen Nib"],"max_hp_gain":0,"max_hp_loss":0,"event_name":"Dead Adventurer","floor":11,"gold_loss":0},{"damage_healed":0,"gold_gain":0,"player_choice":"Upgraded","damage_taken":0,"max_hp_gain":0,"max_hp_loss":0,"event_name":"Upgrade Shrine","floor":19,"gold_loss":0,"cards_upgraded":["Feed"]},{"cards_removed":["Sentinel"],"damage_healed":0,"gold_gain":0,"player_choice":"Removed Skill","damage_taken":0,"max_hp_gain":0,"max_hp_loss":0,"event_name":"Falling","floor":36,"gold_loss":0},{"damage_healed":0,"gold_gain":0,"player_choice":"Ignored","damage_taken":0,"max_hp_gain":0,"max_hp_loss":0,"event_name":"Purifier","floor":46,"gold_loss":0}],"is_beta":false,"boss_relics":[{"not_picked":["Runic Pyramid","Black Blood"],"picked":"Snecko Eye"},{"not_picked":["Runic Cube","Empty Cage"],"picked":"Eternal Feather"}],"items_purged_floors":[4],"is_endless":false,"potions_floor_spawned":[3,6,20,23,25,33,37,39,41,48],"ascension_level":10}