{"gold_per_floor":[114,133,152,162,162,162,174,174,255,255,255,271,271,289,289,364,364,381,399,399],"floor_reached":20,"playtime":748,"items_purged":[],"score":302,"play_id":"2d09d9b8-fa44-4d8b-a3fe-05a34213dbfb","local_time":"20180925234213","is_ascension_mode":true,"campfire_choices":[{"data":"True Grit","floor":6,"key":"SMITH"},{"data":"Rampage","floor":8,"key":"SMITH"},{"data":"Bash","floor":11,"key":"SMITH"},{"data":"Shockwave","floor":13,"key":"SMITH"},{"data":"Sentinel","floor":15,"key":"SMITH"}],"neow_cost":"NONE","seed_source_timestamp":109626103740083,"circlet_count":0,"master_deck":["Strike_R","Strike_R","Strike_R","Strike_R","Defend_R","Defend_R","Defend_R","Defend_R","Bash+1","AscendersBane","Sentinel+1","Rampage+1","Shrug It Off","True Grit+1","Headbutt","Shockwave+1","Headbutt","Demon Form","Shrug It Off"],"relics":["Black Blood","Gremlin Horn","Gambling Chip"],"potions_floor_usage":[14,16],"damage_taken":[{"damage":9,"enemies":"Jaw Worm","floor":1,"turns":4},{"damage":3,"enemies":"Small Slimes","floor":2,"turns":5},{"damage":6,"enemies":"Cultist","floor":3,"turns":5},{"damage":7,"enemies":"Looter","floor":4,"turns":3},{"damage":0,"enemies":"2 Fungi Beasts","floor":7,"turns":5},{"damage":0,"enemies":"Exordium Wildlife","floor":12,"turns":5},{"damage":0,"enemies":"Lots of Slimes","floor":14,"turns":1},{"damage":26,"enemies":"The Guardian","floor":16,"turns":12},{"damage":3,"enemies":"3 Byrds","floor":18,"turns":5},{"damage":49,"enemies":"Spheric Guardian","floor":19,"turns":9},{"damage":35,"enemies":"3 Cultists","floor":20,"turns":6}],"seed_played":"952805706059392238","potions_obtained":[{"floor":1,"key":"Explosive Potion"},{"floor":2,"key":"SteroidPotion"}],"is_trial":false,"path_per_floor":["M","M","M","M","?","R","M","R","T","?","R","M","R","M","R","B",null,"M","M"],"character_chosen":"IRONCLAD","items_purchased":[],"campfire_rested":0,"item_purchase_floors":[],"current_hp_per_floor":[65,68,68,67,67,67,73,73,73,47,47,53,53,59,59,39,66,73,34,0],"gold":399,"neow_bonus":"TRANSFORM_CARD","is_prod":false,"is_daily":false,"chose_seed":false,"campfire_upgraded":5,"win_rate":0,"timestamp":1537944133,"path_taken":["M","M","M","M","?","R","M","R","T","?","R","M","R","M","R","BOSS","M","M","?"],"build_version":"2018-09-24","purchased_purges":0,"victory":false,"max_hp_per_floor":[75,75,75,75,75,75,75,75,75,75,75,75,75,75,75,75,75,75,75,75],"card_choices":[{"not_picked":["Entrench","Hemokinesis"],"picked":"Rampage","floor":1},{"not_picked":["Inflame","Warcry"],"picked":"Shrug It Off","floor":2},{"not_picked":["Wild Strike","Second Wind"],"picked":"True Grit","floor":3},{"not_picked":["Havoc","Shrug It Off"],"picked":"Headbutt","floor":4},{"not_picked":["Pummel","Blood for Blood"],"picked":"Shockwave","floor":7},{"not_picked":["Intimidate","Infernal Blade"],"picked":"Headbutt","floor":12},{"not_picked":["Sword Boomerang","Twin Strike","Heavy Blade"],"picked":"SKIP","floor":14},{"not_picked":["Reaper","Impervious"],"picked":"Demon Form","floor":16},{"not_picked":["Sword Boomerang+1","Cleave+1"],"picked":"Shrug It Off","floor":18},{"not_picked":["Thunderclap","Twin Strike","Perfected Strike"],"picked":"SKIP","floor":19}],"player_experience":836721,"relics_obtained":[{"floor":9,"key":"Gremlin Horn"}],"event_choices":[{"event_name":"Liars Game","player_choice":"disagreed","floor":5,"damage_taken":0},{"event_name":"Scrap Ooze","player_choice":"success","floor":10,"damage_taken":26}],"is_beta":true,"boss_relics":[{"not_picked":["Black Star","Snecko Eye"],"picked":"Black Blood"}],"items_purged_floors":[],"is_endless":false,"potions_floor_spawned":[1,2,7],"killed_by":"3 Cultists","ascension_level":16}