{"gold_per_floor":[114,127,139,150,150,150,160,160,160,160,176,176,189,208,208,282,282,298,298,314,46,46,46,76,89,137,148,148,148,166,91,91,91],"floor_reached":33,"playtime":4182,"items_purged":["Strike_R"],"score":496,"play_id":"b69a140e-a58a-4754-a332-34efd92f0425","local_time":"20190114163631","is_ascension_mode":true,"campfire_choices":[{"data":"Whirlwind","floor":6.0,"key":"SMITH"},{"data":"Uppercut","floor":8.0,"key":"SMITH"},{"data":"Shockwave","floor":10.0,"key":"SMITH"},{"data":"Flame Barrier","floor":15.0,"key":"SMITH"},{"data":"Armaments","floor":23.0,"key":"SMITH"},{"floor":28,"key":"REST"},{"floor":32,"key":"REST"}],"neow_cost":"NONE","seed_source_timestamp":0,"circlet_count":0,"master_deck":["AscendersBane","Strike_R","Strike_R","Strike_R+1","Defend_R","Defend_R","Defend_R","Defend_R","Bash","Clothesline","Whirlwind+1","Shrug It Off","Shrug It Off+1","Shockwave+1","Uppercut+1","Reckless Charge+1","Disarm","Flame Barrier+1","Limit Break","Body Slam","Armaments+1","Pommel Strike","Disarm"],"special_seed":0,"relics":["Burning Blood","Magic Flower","Velvet Choker","Ancient Tea Set","Ginger","Whetstone"],"potions_floor_usage":[24,27,33],"damage_taken":[{"damage":13.0,"enemies":"Jaw Worm","floor":1.0,"turns":5.0},{"damage":8.0,"enemies":"Small Slimes","floor":2.0,"turns":2.0},{"damage":12.0,"enemies":"Cultist","floor":3.0,"turns":4.0},{"damage":9.0,"enemies":"Blue Slaver","floor":4.0,"turns":5.0},{"damage":19.0,"enemies":"Looter","floor":7.0,"turns":3.0},{"damage":23.0,"enemies":"Exordium Thugs","floor":11.0,"turns":3.0},{"damage":0.0,"enemies":"3 Louse","floor":13.0,"turns":1.0},{"damage":8.0,"enemies":"Blue Slaver","floor":14.0,"turns":4.0},{"damage":14.0,"enemies":"Hexaghost","floor":16.0,"turns":13.0},{"damage":14.0,"enemies":"3 Byrds","floor":18.0,"turns":6.0},{"damage":15.0,"enemies":"Colosseum Slavers","floor":19.0,"turns":5.0},{"damage":14.0,"enemies":"Shell Parasite","floor":20.0,"turns":7.0},{"damage":4,"enemies":"Gremlin Leader","floor":24,"turns":9},{"damage":26,"enemies":"Sentry and Sphere","floor":25,"turns":8},{"damage":28,"enemies":"Snecko","floor":27,"turns":4},{"damage":1,"enemies":"Snake Plant","floor":30,"turns":4},{"damage":61,"enemies":"Collector","floor":33,"turns":10}],"seed_played":"7007894508824383665","potions_obtained":[{"floor":1.0,"key":"Energy Potion"},{"floor":4.0,"key":"Explosive Potion"},{"floor":27,"key":"SkillPotion"}],"is_trial":false,"path_per_floor":["M","M","M","M","?","R","M","R","T","R","M","?","M","M","R","B",null,"M","?","M","$","?","R","E","M","T","M","R","?","M","?","R","B"],"character_chosen":"IRONCLAD","items_purchased":["Armaments","Ancient Tea Set"],"campfire_rested":2,"item_purchase_floors":[21,21],"current_hp_per_floor":[61,59,53,50,50,50,37,37,37,37,23,23,32,33,33,28,63,58,52,47,47,47,47,52,35,35,16,38,17,25,25,49,0],"gold":91,"neow_bonus":"THREE_CARDS","is_prod":false,"is_daily":false,"chose_seed":false,"campfire_upgraded":5,"win_rate":0,"timestamp":1547512591,"path_taken":["M","M","M","M","?","R","M","R","T","R","M","?","M","M","R","BOSS","M","?","M","$","?","R","E","M","T","M","R","?","?","?","R","BOSS"],"build_version":"2019-01-10","purchased_purges":1,"victory":false,"max_hp_per_floor":[75,75,75,75,75,75,75,75,75,75,75,75,75,75,75,75,75,75,75,75,75,75,75,75,75,75,75,75,80,80,80,80,80],"card_choices":[{"not_picked":["Bloodletting","Warcry"],"picked":"Clothesline","floor":0.0},{"not_picked":["Intimidate","Pommel Strike"],"picked":"Whirlwind","floor":1.0},{"not_picked":["Clothesline","Heavy Blade"],"picked":"Shrug It Off","floor":2.0},{"not_picked":["Fire Breathing","Second Wind"],"picked":"Shrug It Off","floor":3.0},{"not_picked":["Pummel","Entrench"],"picked":"Shockwave","floor":4.0},{"not_picked":["Clash","Flex"],"picked":"Uppercut","floor":7.0},{"not_picked":["Headbutt","Corruption"],"picked":"Reckless Charge","floor":11.0},{"not_picked":["Burning Pact","Body Slam"],"picked":"Disarm","floor":13.0},{"not_picked":["Rupture","Body Slam"],"picked":"Flame Barrier","floor":14.0},{"not_picked":["Brutality","Exhume"],"picked":"Limit Break","floor":16.0},{"not_picked":["Perfected Strike","Flex","Clothesline"],"picked":"SKIP","floor":18.0},{"not_picked":["Anger+1","Thunderclap"],"picked":"Body Slam","floor":20.0},{"not_picked":["Iron Wave","Infernal Blade+1"],"picked":"Pommel Strike","floor":24},{"not_picked":["Searing Blow","Havoc","Clash+1"],"picked":"SKIP","floor":25},{"not_picked":["Dual Wield+1","Feel No Pain"],"picked":"Disarm","floor":27},{"not_picked":["Havoc","Combust","Iron Wave"],"picked":"SKIP","floor":30}],"player_experience":1676967,"relics_obtained":[{"floor":9.0,"key":"Magic Flower"},{"floor":24,"key":"Ginger"},{"floor":26,"key":"Whetstone"}],"event_choices":[{"damage_healed":0.0,"max_hp_gain":0.0,"max_hp_loss":0.0,"gold_gain":0.0,"event_name":"The Cleric","player_choice":"Leave","floor":5.0,"gold_loss":0.0,"damage_taken":0.0},{"damage_healed":0.0,"max_hp_gain":0.0,"max_hp_loss":0.0,"gold_gain":0.0,"event_name":"Upgrade Shrine","player_choice":"Upgraded","floor":12.0,"gold_loss":0.0,"damage_taken":0.0,"cards_upgraded":["Shrug It Off"]},{"damage_healed":0.0,"max_hp_gain":0.0,"max_hp_loss":0.0,"gold_gain":0.0,"event_name":"Colosseum","player_choice":"Fight","floor":19.0,"gold_loss":0.0,"damage_taken":0.0},{"damage_healed":0.0,"max_hp_gain":0.0,"max_hp_loss":0.0,"gold_gain":0.0,"event_name":"Colosseum","player_choice":"Fled From Nobs","floor":19.0,"gold_loss":0.0,"damage_taken":0.0},{"damage_healed":0.0,"max_hp_gain":0.0,"max_hp_loss":0.0,"gold_gain":0.0,"event_name":"Ghosts","player_choice":"Ignored","floor":22.0,"gold_loss":0.0,"damage_taken":0.0},{"damage_healed":0,"gold_gain":0,"player_choice":"Shed Blood","damage_taken":26,"max_hp_gain":5,"max_hp_loss":0,"event_name":"Forgotten Altar","floor":29,"gold_loss":0},{"cards_removed":["Strike_R"],"damage_healed":0,"gold_gain":0,"player_choice":"Gave Gold","damage_taken":0,"max_hp_gain":0,"max_hp_loss":0,"event_name":"Beggar","floor":31,"gold_loss":75}],"is_beta":false,"boss_relics":[{"not_picked":["Lizard Tail","Runic Cube"],"picked":"Velvet Choker"}],"items_purged_floors":[21],"is_endless":false,"potions_floor_spawned":[1,4,11,13,16,18,19,27],"killed_by":"Collector","ascension_level":18}