{"gold_per_floor":[17,31,31,31,42,42,56,56,109,141,141,56,67,32,32,103,153,168,168,186,203,218,218,218,143,195,195,209,227,227,240,240,317,317,332,344,357,357,51,51,82,82,82,92,92,92,27,76,76,76],"floor_reached":50,"playtime":4921,"items_purged":["Strike_G"],"score":920,"play_id":"06cacf28-e83c-4972-9e65-2700c3ec6a17","local_time":"20190108131320","is_ascension_mode":true,"campfire_choices":[{"data":"Blur","floor":6.0,"key":"SMITH"},{"data":"Noxious Fumes","floor":8.0,"key":"SMITH"},{"floor":11.0,"key":"REST"},{"data":"Crippling Poison","floor":15.0,"key":"SMITH"},{"data":"Wraith Form v2","floor":23.0,"key":"SMITH"},{"floor":27.0,"key":"REST"},{"floor":30.0,"key":"REST"},{"floor":32.0,"key":"REST"},{"floor":40,"key":"REST"},{"data":"A Thousand Cuts","floor":42,"key":"SMITH"},{"floor":49,"key":"REST"}],"neow_cost":"NO_GOLD","seed_source_timestamp":0,"circlet_count":0,"master_deck":["AscendersBane","Defend_G","Defend_G","Defend_G","Defend_G+1","Defend_G+1","Strike_G","Strike_G","Strike_G","Strike_G","Survivor","Neutralize+1","Terror","Blur+1","PiercingWail+1","Noxious Fumes+1","Crippling Poison+1","Dagger Spray","Wraith Form v2+1","Poisoned Stab","Escape Plan","Deadly Poison","Envenom","Poisoned Stab","Well Laid Plans","Deflect","A Thousand Cuts","A Thousand Cuts+1","Catalyst","Night Terror"],"special_seed":0,"relics":["Ring of the Snake","Gambling Chip","Bag of Marbles","Snake Skull","Tiny House","War Paint","Enchiridion","Centennial Puzzle","Snecko Eye","Anchor","The Courier","Smiling Mask","Omamori"],"potions_floor_usage":[35,41,50,50],"damage_taken":[{"damage":2.0,"enemies":"Small Slimes","floor":1.0,"turns":5.0},{"damage":0.0,"enemies":"Cultist","floor":2.0,"turns":3.0},{"damage":0.0,"enemies":"2 Louse","floor":5.0,"turns":5.0},{"damage":19.0,"enemies":"2 Fungi Beasts","floor":7.0,"turns":7.0},{"damage":14.0,"enemies":"Lagavulin","floor":10.0,"turns":8.0},{"damage":0.0,"enemies":"3 Louse","floor":13.0,"turns":4.0},{"damage":9.0,"enemies":"The Guardian","floor":16.0,"turns":9.0},{"damage":1.0,"enemies":"3 Byrds","floor":18.0,"turns":3.0},{"damage":14.0,"enemies":"Shell Parasite","floor":20.0,"turns":6.0},{"damage":9.0,"enemies":"3 Cultists","floor":21.0,"turns":5.0},{"damage":19.0,"enemies":"Centurion and Healer","floor":22.0,"turns":6.0},{"damage":3.0,"enemies":"Snecko","floor":28.0,"turns":5.0},{"damage":10.0,"enemies":"Snake Plant","floor":29.0,"turns":4.0},{"damage":5.0,"enemies":"Centurion and Healer","floor":31.0,"turns":6.0},{"damage":8.0,"enemies":"Champ","floor":33.0,"turns":13.0},{"damage":25,"enemies":"3 Darklings","floor":35,"turns":9},{"damage":0,"enemies":"Orb Walker","floor":36,"turns":3},{"damage":0,"enemies":"3 Darklings","floor":37,"turns":4},{"damage":8,"enemies":"Reptomancer","floor":41,"turns":8},{"damage":51,"enemies":"Transient","floor":44,"turns":6},{"damage":46,"enemies":"Time Eater","floor":50,"turns":4}],"seed_played":"-6417875217466017197","potions_obtained":[{"floor":1.0,"key":"Energy Potion"},{"floor":7.0,"key":"Energy Potion"},{"floor":28.0,"key":"GhostInAJar"},{"floor":41,"key":"LiquidBronze"}],"is_trial":false,"path_per_floor":["M","M","?","?","M","R","M","R","T","E","R","$","M","?","R","B",null,"M","?","M","M","M","R","?","?","T","R","M","M","R","M","R","B",null,"M","M","M","?","$","R","E","R","T","M","?","T","$","T","R","B"],"character_chosen":"THE_SILENT","items_purchased":["Crippling Poison","A Thousand Cuts","Catalyst","Regen Potion"],"campfire_rested":6,"item_purchase_floors":[12,39,39,47],"current_hp_per_floor":[57,57,62,62,62,62,43,43,43,29,50,50,50,67,67,58,73,72,72,58,49,30,30,9,9,9,31,28,18,40,35,57,49,69,44,44,44,44,44,65,57,57,57,6,6,6,6,6,27,0],"gold":76,"neow_bonus":"ONE_RARE_RELIC","is_prod":false,"is_daily":false,"chose_seed":false,"campfire_upgraded":5,"win_rate":0,"timestamp":1546982000,"path_taken":["M","M","?","?","?","R","M","R","T","E","R","$","M","?","R","BOSS","M","?","M","M","M","R","?","?","T","R","M","M","R","M","R","BOSS","M","M","M","?","$","R","E","R","T","M","?","?","?","?","R","BOSS"],"build_version":"2019-01-03v4","purchased_purges":1,"victory":false,"max_hp_per_floor":[66,66,71,71,71,71,71,71,71,71,71,71,71,71,71,71,76,76,76,76,76,76,76,76,76,76,76,76,76,76,76,76,76,76,76,76,76,72,72,72,72,72,72,72,72,72,72,72,72,72],"card_choices":[{"not_picked":["Expertise","Heel Hook"],"picked":"Terror","floor":1.0},{"not_picked":["Tactician","Riddle With Holes"],"picked":"Blur","floor":2.0},{"not_picked":["Blade Dance","Deflect"],"picked":"PiercingWail","floor":5.0},{"not_picked":["Eviscerate","Slice"],"picked":"Noxious Fumes","floor":7.0},{"not_picked":["Underhanded Strike","Acrobatics","Masterful Stab"],"picked":"SKIP","floor":10.0},{"not_picked":["Finisher","Acrobatics"],"picked":"Dagger Spray","floor":13.0},{"not_picked":["Burst","Doppelganger"],"picked":"Wraith Form v2","floor":16.0},{"not_picked":["Flying Knee","Deflect"],"picked":"Poisoned Stab","floor":17.0},{"not_picked":["Acrobatics","Quick Slash"],"picked":"Escape Plan","floor":18.0},{"not_picked":["Flechettes+1","Masterful Stab"],"picked":"Deadly Poison","floor":20.0},{"not_picked":["Dagger Spray","Outmaneuver+1"],"picked":"Envenom","floor":21.0},{"not_picked":["Expertise","Sucker Punch","Terror"],"picked":"SKIP","floor":22.0},{"not_picked":["Leg Sweep","Noxious Fumes"],"picked":"Poisoned Stab","floor":28.0},{"not_picked":["Escape Plan","Bane"],"picked":"Well Laid Plans","floor":29.0},{"not_picked":["Dodge and Roll","Sucker Punch"],"picked":"Deflect","floor":31.0},{"not_picked":["Night Terror","Storm of Steel"],"picked":"A Thousand Cuts","floor":33.0},{"not_picked":["Cloak And Dagger","Blade Dance","Dagger Spray"],"picked":"SKIP","floor":35},{"not_picked":["Heel Hook+1","Prepared","Escape Plan"],"picked":"SKIP","floor":36},{"not_picked":["Deflect","Slice+1","Expertise"],"picked":"SKIP","floor":37},{"not_picked":["Underhanded Strike","Bane","Dagger Throw"],"picked":"SKIP","floor":41},{"not_picked":["Underhanded Strike","Backflip"],"picked":"Night Terror","floor":44}],"player_experience":1659629,"relics_obtained":[{"floor":9.0,"key":"Bag of Marbles"},{"floor":10.0,"key":"Snake Skull"},{"floor":24.0,"key":"Enchiridion"},{"floor":26.0,"key":"Centennial Puzzle"},{"floor":41,"key":"Anchor"},{"floor":43,"key":"The Courier"},{"floor":46,"key":"Smiling Mask"},{"floor":48,"key":"Omamori"}],"event_choices":[{"damage_healed":0.0,"max_hp_gain":5.0,"max_hp_loss":0.0,"gold_gain":0.0,"event_name":"Big Fish","player_choice":"Donut","floor":3.0,"gold_loss":0.0,"damage_taken":0.0},{"damage_healed":0.0,"max_hp_gain":0.0,"max_hp_loss":0.0,"gold_gain":0.0,"event_name":"Upgrade Shrine","player_choice":"Upgraded","floor":4.0,"gold_loss":0.0,"damage_taken":0.0,"cards_upgraded":["Neutralize"]},{"damage_healed":17.0,"max_hp_gain":0.0,"max_hp_loss":0.0,"gold_gain":0.0,"event_name":"The Cleric","player_choice":"Healed","floor":14.0,"gold_loss":35.0,"damage_taken":0.0},{"damage_healed":0.0,"max_hp_gain":0.0,"max_hp_loss":0.0,"gold_gain":0.0,"event_name":"Addict","player_choice":"Stole Relic","floor":19.0,"gold_loss":0.0,"damage_taken":0.0,"relics_obtained":["War Paint"],"cards_obtained":["Shame"]},{"damage_healed":0.0,"max_hp_gain":0.0,"max_hp_loss":0.0,"gold_gain":0.0,"event_name":"Cursed Tome","player_choice":"Obtained Book","floor":24.0,"gold_loss":0.0,"damage_taken":21.0},{"cards_removed":["Shame"],"damage_healed":0.0,"max_hp_gain":0.0,"max_hp_loss":0.0,"gold_gain":0.0,"event_name":"Beggar","player_choice":"Gave Gold","floor":25.0,"gold_loss":75.0,"damage_taken":0.0},{"damage_healed":0,"gold_gain":0,"player_choice":"Max HP","damage_taken":0,"max_hp_gain":0,"max_hp_loss":4,"event_name":"Winding Halls","floor":38,"gold_loss":0},{"damage_healed":0,"gold_gain":0,"player_choice":"Ignored","damage_taken":0,"max_hp_gain":0,"max_hp_loss":0,"event_name":"Mysterious Sphere","floor":45,"gold_loss":0}],"is_beta":false,"boss_relics":[{"not_picked":["White Beast Statue","Runic Dome"],"picked":"Tiny House"},{"not_picked":["WristBlade","Lizard Tail"],"picked":"Snecko Eye"}],"items_purged_floors":[39],"is_endless":false,"potions_floor_spawned":[1,7,13,28,29,41],"killed_by":"Time Eater","ascension_level":19}