{"gold_per_floor":[118,132,142,41,52,52,78,78,78,106,106,106],"floor_reached":12,"playtime":659,"items_purged":["Writhe"],"score":92,"play_id":"c440fbd0-a8f1-4a4a-baac-fb261a3345e6","local_time":"20190129204921","is_ascension_mode":true,"campfire_choices":[{"data":"Darkness","floor":6,"key":"SMITH"},{"data":"Darkness","floor":8,"key":"SMITH"}],"neow_cost":"CURSE","seed_source_timestamp":238942327921062,"circlet_count":0,"master_deck":["Strike_B","Strike_B","Strike_B","Strike_B","Defend_B","Defend_B","Defend_B","Defend_B","Zap","Dualcast","Thinking Ahead","Sadistic Nature","Darkness+1","Darkness+1","Ball Lightning"],"relics":["Cracked Core","Symbiotic Virus","Shuriken","Blood Vial","GremlinMask"],"potions_floor_usage":[10],"damage_taken":[{"damage":1,"enemies":"Cultist","floor":1,"turns":4},{"damage":0,"enemies":"Small Slimes","floor":2,"turns":3},{"damage":2,"enemies":"2 Louse","floor":3,"turns":3},{"damage":1,"enemies":"Exordium Thugs","floor":5,"turns":4},{"damage":40,"enemies":"3 Sentries","floor":7,"turns":5},{"damage":26,"enemies":"Lagavulin","floor":10,"turns":4},{"damage":9,"enemies":"3 Sentries","floor":12,"turns":1}],"seed_played":"-7793820381929639579","potions_obtained":[{"floor":2,"key":"Poison Potion"},{"floor":5,"key":"LiquidBronze"},{"floor":7,"key":"Swift Potion"}],"is_trial":false,"path_per_floor":["M","M","M","$","M","R","E","R","T","E","?","E"],"character_chosen":"DEFECT","items_purchased":["Ball Lightning"],"campfire_rested":0,"item_purchase_floors":[4],"current_hp_per_floor":[74,74,72,72,71,71,31,31,31,5,5,0],"gold":106,"neow_bonus":"RANDOM_COLORLESS_2","is_prod":false,"is_daily":false,"chose_seed":false,"campfire_upgraded":2,"win_rate":0,"timestamp":1548755361,"path_taken":["M","M","M","$","?","R","E","R","T","E","?","E"],"build_version":"2019-01-23","purchased_purges":1,"victory":false,"max_hp_per_floor":[75,75,75,75,75,75,75,75,75,75,75,75],"card_choices":[{"not_picked":["Cold Snap","Blizzard"],"picked":"Darkness","floor":1},{"not_picked":["Steam","Undo","Hello World"],"picked":"SKIP","floor":2},{"not_picked":["Blizzard","Go for the Eyes"],"picked":"Darkness","floor":3},{"not_picked":["Cold Snap","Chaos","Compile Driver"],"picked":"SKIP","floor":5},{"not_picked":["Blizzard","Self Repair","Chill"],"picked":"SKIP","floor":7},{"not_picked":["Cold Snap","Beam Cell","Chill"],"picked":"SKIP","floor":10}],"player_experience":1156291,"relics_obtained":[{"floor":7,"key":"Symbiotic Virus"},{"floor":9,"key":"Shuriken"},{"floor":10,"key":"Blood Vial"}],"event_choices":[{"damage_healed":0,"gold_gain":0,"player_choice":"Trade","damage_taken":0,"relics_obtained":["GremlinMask"],"max_hp_gain":0,"max_hp_loss":0,"event_name":"FaceTrader","floor":11,"gold_loss":0}],"is_beta":true,"boss_relics":[],"items_purged_floors":[4],"is_endless":false,"potions_floor_spawned":[2,5,7],"killed_by":"3 Sentries","ascension_level":1}