{"gold_per_floor":[114,114,59,59,75,107,107,135,216,227,247,247,52,64,64,141,141,113,203,203,118,3,3,36,36,36,55,55,83,8,8,8,8],"floor_reached":33,"playtime":893,"items_purged":["Strike_R"],"score":628,"play_id":"9352130a-c4b9-4f8f-be83-212cf37c328b","local_time":"20181211000515","is_ascension_mode":true,"campfire_choices":[{"data":"Armaments","floor":7,"key":"SMITH"},{"data":"Shockwave","floor":12,"key":"SMITH"},{"data":"Body Slam","floor":15,"key":"SMITH"},{"floor":23,"key":"REST"},{"floor":28,"key":"REST"},{"floor":32,"key":"REST"}],"neow_cost":"NONE","seed_source_timestamp":15019979360804,"circlet_count":0,"master_deck":["AscendersBane","Strike_R+1","Strike_R","Strike_R+1","Strike_R","Defend_R","Defend_R","Bash","Shockwave+1","Armaments+1","Twin Strike","Bludgeon","Flame Barrier","Sword Boomerang","Offering","Shrug It Off","Body Slam+1","Uppercut","Juggernaut","True Grit","Feel No Pain","Body Slam","Feed"],"relics":["Burning Blood","PreservedInsect","Oddly Smooth Stone","Whetstone","Kunai","Mark of Pain","Art of War","Dodecahedron","FaceOfCleric","Sundial","Shuriken","Nloth\u0027s Gift"],"potions_floor_usage":[16,16,33,33],"damage_taken":[{"damage":0,"enemies":"Jaw Worm","floor":1,"turns":1},{"damage":0,"enemies":"Cultist","floor":5,"turns":1},{"damage":0,"enemies":"3 Sentries","floor":6,"turns":1},{"damage":15,"enemies":"Lagavulin","floor":8,"turns":7},{"damage":0,"enemies":"2 Louse","floor":10,"turns":3},{"damage":8,"enemies":"Exordium Thugs","floor":11,"turns":4},{"damage":10,"enemies":"3 Louse","floor":14,"turns":3},{"damage":20,"enemies":"The Guardian","floor":16,"turns":9},{"damage":22,"enemies":"2 Thieves","floor":18,"turns":4},{"damage":30,"enemies":"Slavers","floor":24,"turns":5},{"damage":6,"enemies":"Chosen","floor":27,"turns":4},{"damage":51,"enemies":"Gremlin Leader","floor":29,"turns":7},{"damage":49,"enemies":"Champ","floor":33,"turns":7}],"seed_played":"7271383457902463026","potions_obtained":[{"floor":1,"key":"Regen Potion"},{"floor":6,"key":"FearPotion"},{"floor":14,"key":"Strength Potion"},{"floor":18,"key":"Ancient Potion"},{"floor":29,"key":"BloodPotion"}],"is_trial":false,"path_per_floor":["M","?","$","?","M","E","R","E","T","M","M","R","$","M","R","B",null,"M","?","$","?","$","R","E","?","T","M","R","E","?","?","R","B"],"character_chosen":"IRONCLAD","items_purchased":["Armaments","Offering","Shrug It Off","Body Slam","Feel No Pain"],"campfire_rested":3,"item_purchase_floors":[3,13,13,13,22],"current_hp_per_floor":[74,56,56,56,62,68,68,59,59,65,63,63,63,59,59,45,68,52,38,38,38,38,60,36,36,36,37,59,15,15,15,38,0],"gold":8,"neow_bonus":"THREE_ENEMY_KILL","is_prod":false,"is_daily":false,"chose_seed":false,"campfire_upgraded":3,"win_rate":0,"timestamp":1544511915,"path_taken":["M","?","$","?","?","E","R","E","T","M","M","R","$","M","R","BOSS","M","?","?","?","$","R","E","?","T","?","R","E","?","?","R","BOSS"],"build_version":"2018-12-06","purchased_purges":1,"victory":false,"max_hp_per_floor":[75,75,75,75,75,75,75,75,75,75,75,75,75,75,75,75,75,75,75,75,75,75,75,75,75,75,76,76,77,77,77,77,77],"card_choices":[{"not_picked":["Sword Boomerang","Clothesline"],"picked":"Shockwave","floor":1},{"not_picked":["Iron Wave","Whirlwind"],"picked":"Twin Strike","floor":5},{"not_picked":["Blood for Blood","Evolve","Fire Breathing"],"picked":"SKIP","floor":6},{"not_picked":["Wild Strike","Pummel"],"picked":"Bludgeon","floor":8},{"not_picked":["Reckless Charge","Cleave"],"picked":"Flame Barrier","floor":10},{"not_picked":["Carnage","Flame Barrier"],"picked":"Sword Boomerang","floor":11},{"not_picked":["Wild Strike","Anger"],"picked":"Uppercut","floor":14},{"not_picked":["Fiend Fire","Feed"],"picked":"Juggernaut","floor":16},{"not_picked":["Headbutt","Carnage"],"picked":"True Grit","floor":18},{"not_picked":["Sever Soul","Rupture"],"picked":"Body Slam","floor":24},{"not_picked":["Power Through","Cleave","Sever Soul+1"],"picked":"SKIP","floor":27},{"not_picked":["Dual Wield","Perfected Strike"],"picked":"Feed","floor":29}],"player_experience":592601,"relics_obtained":[{"floor":6,"key":"Oddly Smooth Stone"},{"floor":8,"key":"Whetstone"},{"floor":9,"key":"Kunai"},{"floor":24,"key":"Dodecahedron"},{"floor":26,"key":"Sundial"},{"floor":29,"key":"Shuriken"}],"event_choices":[{"damage_healed":0,"gold_gain":0,"player_choice":"Success","damage_taken":18,"relics_obtained":["PreservedInsect"],"max_hp_gain":0,"max_hp_loss":0,"event_name":"Scrap Ooze","floor":2,"gold_loss":0},{"cards_removed":["Defend_R"],"damage_healed":0,"gold_gain":0,"player_choice":"Purged","damage_taken":0,"max_hp_gain":0,"max_hp_loss":0,"event_name":"Purifier","floor":4,"gold_loss":0},{"damage_healed":0,"gold_gain":90,"player_choice":"GOLD ","damage_taken":14,"max_hp_gain":0,"max_hp_loss":0,"event_name":"Knowing Skull","floor":19,"potions_obtained":[],"gold_loss":0,"cards_obtained":[]},{"damage_healed":0,"gold_gain":0,"player_choice":"Obtained Relic","damage_taken":0,"relics_obtained":["Art of War"],"max_hp_gain":0,"max_hp_loss":0,"event_name":"Addict","floor":21,"gold_loss":85},{"damage_healed":0,"gold_gain":0,"player_choice":"Trade","damage_taken":0,"relics_obtained":["FaceOfCleric"],"max_hp_gain":0,"max_hp_loss":0,"event_name":"FaceTrader","floor":25,"gold_loss":0},{"cards_removed":["Defend_R"],"damage_healed":0,"gold_gain":0,"player_choice":"Gave Gold","damage_taken":0,"max_hp_gain":0,"max_hp_loss":0,"event_name":"Beggar","floor":30,"gold_loss":75},{"damage_healed":0,"gold_gain":0,"player_choice":"Traded Relic","damage_taken":0,"relics_obtained":["Nloth\u0027s Gift"],"max_hp_gain":0,"max_hp_loss":0,"event_name":"N\u0027loth","floor":31,"relics_lost":["NeowsBlessing"],"gold_loss":0}],"is_beta":false,"boss_relics":[{"not_picked":["Velvet Choker","Lizard Tail"],"picked":"Mark of Pain"}],"items_purged_floors":[22],"is_endless":false,"potions_floor_spawned":[1,6,14,18,29],"killed_by":"Champ","ascension_level":20}