{"gold_per_floor":[366,366,377,157,170,170,196,196,196,196,208,227,243,263,263,336,336,346,316,273,285,45,45,45],"floor_reached":24,"playtime":4411,"items_purged":["Strike_R"],"score":380,"play_id":"975067de-2ed5-4af3-a23a-bf567a847441","local_time":"20181210110612","is_ascension_mode":true,"campfire_choices":[{"data":"Intimidate","floor":6.0,"key":"SMITH"},{"data":"Flame Barrier","floor":8.0,"key":"SMITH"},{"data":"Bash","floor":10.0,"key":"SMITH"},{"floor":15.0,"key":"REST"},{"data":"Cleave","floor":23,"key":"SMITH"}],"neow_cost":"PERCENT_DAMAGE","seed_source_timestamp":0,"circlet_count":0,"master_deck":["AscendersBane","Strike_R","Strike_R","Strike_R","Strike_R","Defend_R","Defend_R","Defend_R","Defend_R","Bash+1","Intimidate+1","Cleave+1","Shockwave","Shrug It Off","Flame Barrier+1","Armaments+1","Metallicize+1","Feel No Pain+1","True Grit+1","Barricade+1","Flame Barrier+1","Shrug It Off+1"],"special_seed":0,"relics":["Burning Blood","Toxic Egg 2","Frozen Egg 2","Cursed Key","Omamori"],"potions_floor_usage":[20,24,24],"damage_taken":[{"damage":7.0,"enemies":"Small Slimes","floor":1.0,"turns":4.0},{"damage":14.0,"enemies":"Cultist","floor":3.0,"turns":5.0},{"damage":5.0,"enemies":"Jaw Worm","floor":5.0,"turns":4.0},{"damage":24.0,"enemies":"Gremlin Nob","floor":7.0,"turns":4.0},{"damage":5.0,"enemies":"Lots of Slimes","floor":11.0,"turns":3.0},{"damage":8.0,"enemies":"Exordium Thugs","floor":12.0,"turns":6.0},{"damage":0.0,"enemies":"Blue Slaver","floor":13.0,"turns":7.0},{"damage":0.0,"enemies":"Large Slime","floor":14.0,"turns":7.0},{"damage":23.0,"enemies":"The Guardian","floor":16.0,"turns":18.0},{"damage":10.0,"enemies":"Shell Parasite","floor":18.0,"turns":11.0},{"damage":11,"enemies":"2 Thieves","floor":20,"turns":5},{"damage":9,"enemies":"Centurion and Healer","floor":21,"turns":14},{"damage":76,"enemies":"Gremlin Leader","floor":24,"turns":10}],"seed_played":"4514664531389099192","potions_obtained":[{"floor":1.0,"key":"Swift Potion"},{"floor":12.0,"key":"SkillPotion"},{"floor":16.0,"key":"SkillPotion"},{"floor":19.0,"key":"SteroidPotion"},{"floor":19.0,"key":"EssenceOfSteel"}],"is_trial":false,"path_per_floor":["M","?","M","$","M","R","E","R","T","R","M","M","M","M","R","B",null,"M","?","M","M","$","R","E"],"character_chosen":"IRONCLAD","items_purchased":["Shockwave","Shrug It Off","Fire Potion","Omamori","BloodPotion"],"campfire_rested":1,"item_purchase_floors":[4,4,4,22,22],"current_hp_per_floor":[49,49,41,41,42,42,24,24,24,24,25,23,29,35,57,40,66,62,62,57,54,54,54,0],"gold":45,"neow_bonus":"TWO_FIFTY_GOLD","is_prod":false,"is_daily":false,"chose_seed":false,"campfire_upgraded":4,"win_rate":0,"timestamp":1544468772,"path_taken":["M","?","M","$","M","R","E","R","T","R","M","M","M","M","R","BOSS","M","?","?","M","$","R","E"],"build_version":"2018-12-06","purchased_purges":1,"victory":false,"max_hp_per_floor":[75,75,75,75,75,75,75,75,75,75,75,75,75,75,75,75,75,75,75,75,75,75,75,75],"card_choices":[{"not_picked":["Dropkick","Twin Strike"],"picked":"Intimidate","floor":1.0},{"not_picked":["Body Slam","Sever Soul"],"picked":"Cleave","floor":3.0},{"not_picked":["Blood for Blood","Sever Soul"],"picked":"Flame Barrier","floor":5.0},{"not_picked":["Combust","Body Slam"],"picked":"Armaments","floor":7.0},{"not_picked":["Body Slam","Dual Wield+1"],"picked":"Metallicize+1","floor":11.0},{"not_picked":["Dual Wield+1","Seeing Red+1"],"picked":"Feel No Pain+1","floor":12.0},{"not_picked":["Warcry+1","Wild Strike"],"picked":"True Grit+1","floor":13.0},{"not_picked":["Fire Breathing+1","Pommel Strike","Intimidate+1"],"picked":"SKIP","floor":14.0},{"not_picked":["Juggernaut+1","Double Tap+1"],"picked":"Barricade+1","floor":16.0},{"not_picked":["Sever Soul","Clash+1"],"picked":"Flame Barrier+1","floor":18.0},{"not_picked":["Wild Strike","Sword Boomerang"],"picked":"Shrug It Off+1","floor":20},{"not_picked":["Bloodletting+1","Wild Strike","Twin Strike+1"],"picked":"SKIP","floor":21}],"player_experience":1547049,"relics_obtained":[{"floor":7.0,"key":"Toxic Egg 2"},{"floor":9.0,"key":"Frozen Egg 2"}],"event_choices":[{"damage_healed":0.0,"max_hp_gain":0.0,"max_hp_loss":0.0,"gold_gain":0.0,"event_name":"Shining Light","player_choice":"Ignored","floor":2.0,"gold_loss":0.0,"damage_taken":0.0},{"damage_healed":0.0,"max_hp_gain":0.0,"max_hp_loss":0.0,"gold_gain":0.0,"event_name":"The Woman in Blue","player_choice":"Bought 2 Potions","floor":19.0,"gold_loss":0.0,"damage_taken":0.0}],"is_beta":false,"boss_relics":[{"not_picked":["Busted Crown","Runic Pyramid"],"picked":"Cursed Key"}],"items_purged_floors":[4],"is_endless":false,"potions_floor_spawned":[1,12,16],"killed_by":"Gremlin Leader","ascension_level":18}