{"gold_per_floor":[16,16,41,41,55,55,93,116,116,116,116,116,129,129],"floor_reached":14,"playtime":981,"items_purged":[],"score":140,"play_id":"6372a831-3e49-43a2-9178-8f51d7ea7d03","local_time":"20181108163852","is_ascension_mode":true,"campfire_choices":[{"floor":6,"key":"REST"}],"neow_cost":"NO_GOLD","seed_source_timestamp":22621665107286,"circlet_count":0,"master_deck":["AscendersBane","Strike_B","Strike_B","Strike_B","Strike_B","Defend_B","Defend_B","Defend_B","Defend_B","Zap","Dualcast","Electrodynamics","Sweeping Beam","Defragment","Coolheaded","Capacitor","Storm"],"relics":["Cracked Core","Golden Idol","Pocketwatch","Bottled Lightning","Singing Bowl","Dream Catcher"],"potions_floor_usage":[13,13,13],"damage_taken":[{"damage":16,"enemies":"Small Slimes","floor":1,"turns":4},{"damage":8,"enemies":"Jaw Worm","floor":3,"turns":4},{"damage":1,"enemies":"Cultist","floor":5,"turns":3},{"damage":29,"enemies":"Gremlin Nob","floor":7,"turns":4},{"damage":8,"enemies":"Blue Slaver","floor":8,"turns":4},{"damage":0,"enemies":"2 Fungi Beasts","floor":13,"turns":3},{"damage":9,"enemies":"Exordium Thugs","floor":14,"turns":2}],"seed_played":"-6456673646017386465","potions_obtained":[{"floor":3,"key":"Ancient Potion"},{"floor":7,"key":"EntropicBrew"}],"is_trial":false,"path_per_floor":["M","?","M","T","M","R","E","M","T","?","?","T","M","M"],"character_chosen":"DEFECT","items_purchased":[],"campfire_rested":1,"item_purchase_floors":[],"current_hp_per_floor":[52,34,26,26,25,47,18,10,10,10,10,10,12,3],"gold":129,"neow_bonus":"THREE_RARE_CARDS","is_prod":false,"is_daily":false,"chose_seed":false,"campfire_upgraded":0,"win_rate":0,"timestamp":1541655532,"path_taken":["M","?","M","?","?","R","E","M","T","?","?","?","?","M"],"build_version":"2018-11-06","purchased_purges":0,"victory":false,"max_hp_per_floor":[75,75,75,75,75,75,75,75,75,75,75,75,77,77],"card_choices":[{"not_picked":["Machine Learning","Rainbow"],"picked":"Electrodynamics","floor":0},{"not_picked":["Beam Cell","Genetic Algorithm"],"picked":"Sweeping Beam","floor":1},{"not_picked":["Self Repair","Redo"],"picked":"Defragment","floor":3},{"not_picked":["Leap","Hologram"],"picked":"Coolheaded","floor":5},{"not_picked":["Stack","Redo"],"picked":"Capacitor","floor":7},{"not_picked":["Undo","Sweeping Beam"],"picked":"Storm","floor":8},{"not_picked":["Coolheaded","Recycle","Consume"],"picked":"Singing Bowl","floor":13}],"player_experience":736929,"relics_obtained":[{"floor":4,"key":"Pocketwatch"},{"floor":7,"key":"Bottled Lightning"},{"floor":9,"key":"Singing Bowl"},{"floor":12,"key":"Dream Catcher"}],"event_choices":[{"damage_healed":0,"gold_gain":0,"player_choice":"Take Damage","damage_taken":18,"relics_obtained":["Golden Idol"],"max_hp_gain":0,"max_hp_loss":0,"event_name":"Golden Idol","floor":2,"gold_loss":0},{"damage_healed":0,"gold_gain":0,"player_choice":"Ignored","damage_taken":0,"max_hp_gain":0,"max_hp_loss":0,"event_name":"Shining Light","floor":10,"gold_loss":0},{"damage_healed":0,"gold_gain":0,"player_choice":"Ignored","damage_taken":0,"max_hp_gain":0,"max_hp_loss":0,"event_name":"Liars Game","floor":11,"gold_loss":0}],"is_beta":true,"boss_relics":[],"items_purged_floors":[],"is_endless":false,"potions_floor_spawned":[3,7],"killed_by":"Exordium Thugs","ascension_level":11}