{"gold_per_floor":[18,18,18,32,86,86,98,127,152,152,183,203,278,278,278,368,368,368],"floor_reached":18,"playtime":665,"items_purged":[],"score":302,"play_id":"9409aceb-d5c3-45be-b9ae-451deae1fa00","local_time":"20190128222012","is_ascension_mode":true,"campfire_choices":[{"floor":6,"key":"REST"},{"floor":10,"key":"REST"},{"floor":15,"key":"REST"}],"neow_cost":"NO_GOLD","seed_source_timestamp":472580317083702,"circlet_count":0,"master_deck":["AscendersBane","Strike_B","Strike_B+1","Strike_B","Strike_B","Defend_B","Defend_B+1","Defend_B","Defend_B","Zap","Dualcast","Ball Lightning","Leap","Conserve Battery","Reboot","Blizzard","Coolheaded","Echo Form"],"relics":["Cracked Core","Unceasing Top","Boot","Ornamental Fan","Blood Vial","PreservedInsect","Golden Idol","Philosopher\u0027s Stone"],"potions_floor_usage":[8,16,16],"damage_taken":[{"damage":13,"enemies":"Small Slimes","floor":1,"turns":3},{"damage":2,"enemies":"Jaw Worm","floor":4,"turns":3},{"damage":10,"enemies":"2 Louse","floor":7,"turns":2},{"damage":13,"enemies":"Lagavulin","floor":8,"turns":5},{"damage":35,"enemies":"3 Sentries","floor":11,"turns":7},{"damage":3,"enemies":"2 Fungi Beasts","floor":12,"turns":3},{"damage":16,"enemies":"The Guardian","floor":16,"turns":14},{"damage":53,"enemies":"3 Byrds","floor":18,"turns":3}],"seed_played":"1427801772206873619","potions_obtained":[{"floor":4,"key":"EssenceOfSteel"},{"floor":7,"key":"Weak Potion"},{"floor":8,"key":"Strength Potion"}],"is_trial":false,"path_per_floor":["M","?","?","M","T","R","M","E","T","R","E","M","?","?","R","B",null,"M"],"character_chosen":"DEFECT","items_purchased":[],"campfire_rested":3,"item_purchase_floors":[],"current_hp_per_floor":[51,30,30,28,28,49,39,26,26,47,14,13,2,2,21,7,50,0],"gold":368,"neow_bonus":"ONE_RARE_RELIC","is_prod":false,"is_daily":false,"chose_seed":false,"campfire_upgraded":0,"win_rate":0,"timestamp":1548739212,"path_taken":["M","?","?","M","?","R","M","E","T","R","E","M","?","?","R","BOSS","M"],"build_version":"2019-01-23","purchased_purges":0,"victory":false,"max_hp_per_floor":[71,71,71,71,71,71,71,71,71,71,71,71,71,64,64,64,64,64],"card_choices":[{"not_picked":["Sweeping Beam","Hologram"],"picked":"Ball Lightning","floor":1},{"not_picked":["Scrape","Compile Driver"],"picked":"Leap","floor":4},{"not_picked":["Auto Shields","Storm"],"picked":"Conserve Battery","floor":7},{"not_picked":["Conserve Battery","Compile Driver"],"picked":"Reboot","floor":8},{"not_picked":["Barrage","Fusion"],"picked":"Blizzard","floor":11},{"not_picked":["Stack","Darkness"],"picked":"Coolheaded","floor":12},{"not_picked":["Meteor Strike","Creative AI"],"picked":"Echo Form","floor":16}],"player_experience":754436,"relics_obtained":[{"floor":5,"key":"Boot"},{"floor":8,"key":"Ornamental Fan"},{"floor":9,"key":"Blood Vial"},{"floor":11,"key":"PreservedInsect"}],"event_choices":[{"damage_healed":0,"gold_gain":0,"player_choice":"Entered Light","damage_taken":21,"max_hp_gain":0,"max_hp_loss":0,"event_name":"Shining Light","floor":2,"gold_loss":0,"cards_upgraded":["Defend_B","Strike_B"]},{"damage_healed":0,"gold_gain":0,"player_choice":"Leave","damage_taken":0,"max_hp_gain":0,"max_hp_loss":0,"event_name":"The Cleric","floor":3,"gold_loss":0},{"damage_healed":0,"gold_gain":75,"player_choice":"Gather Gold","damage_taken":11,"max_hp_gain":0,"max_hp_loss":0,"event_name":"World of Goop","floor":13,"gold_loss":0},{"damage_healed":0,"gold_gain":0,"player_choice":"Lose Max HP","damage_taken":0,"relics_obtained":["Golden Idol"],"max_hp_gain":0,"max_hp_loss":7,"event_name":"Golden Idol","floor":14,"gold_loss":0}],"is_beta":false,"boss_relics":[{"not_picked":["Busted Crown","Velvet Choker"],"picked":"Philosopher\u0027s Stone"}],"items_purged_floors":[],"is_endless":false,"potions_floor_spawned":[4,7,8],"killed_by":"3 Byrds","ascension_level":16}