{"gold_per_floor":[118,118,118,135,150,150,177,177,201,221,221,235,15,28,28,125,125,138,154,166,177,187,187,187],"floor_reached":24,"playtime":1323,"items_purged":["Strike_B"],"score":313,"play_id":"e321fc90-a332-45ef-934e-b303957dbd5e","local_time":"20181016075104","is_ascension_mode":true,"campfire_choices":[{"data":"Consume","floor":6.0,"key":"SMITH"},{"data":"Streamline","floor":8.0,"key":"SMITH"},{"floor":11.0,"key":"REST"},{"floor":15.0,"key":"REST"},{"floor":23.0,"key":"REST"}],"neow_cost":"NONE","seed_source_timestamp":0,"circlet_count":0,"master_deck":["Strike_B","Strike_B","Strike_B","Defend_B","Defend_B","Defend_B","Defend_B","Zap","Dualcast","AscendersBane","Streamline+1","Consume+1","Compile Driver","Leap","Reprogram","Defragment","Ball Lightning","Steam","Loop","Leap","Electrodynamics","Conserve Battery+1","Hologram","Conserve Battery+1","Recycle+1","Loop"],"special_seed":0,"relics":["Cracked Core","Bronze Scales","Happy Flower","Lantern","Regal Pillow","Runic Pyramid"],"potions_floor_usage":[24,24],"damage_taken":[{"damage":3.0,"enemies":"2 Louse","floor":1.0,"turns":3.0},{"damage":0.0,"enemies":"Small Slimes","floor":4.0,"turns":3.0},{"damage":3.0,"enemies":"Jaw Worm","floor":5.0,"turns":4.0},{"damage":30.0,"enemies":"3 Sentries","floor":7.0,"turns":5.0},{"damage":7.0,"enemies":"Large Slime","floor":10.0,"turns":4.0},{"damage":16.0,"enemies":"Lots of Slimes","floor":12.0,"turns":3.0},{"damage":16.0,"enemies":"Exordium Thugs","floor":14.0,"turns":4.0},{"damage":10.0,"enemies":"Slime Boss","floor":16.0,"turns":7.0},{"damage":19.0,"enemies":"Shell Parasite","floor":18.0,"turns":5.0},{"damage":9.0,"enemies":"Spheric Guardian","floor":19.0,"turns":4.0},{"damage":20.0,"enemies":"Snake Plant","floor":20.0,"turns":3.0},{"damage":3.0,"enemies":"Snecko","floor":21.0,"turns":5.0},{"damage":10.0,"enemies":"Cultist and Chosen","floor":22.0,"turns":6.0},{"damage":47,"enemies":"Slavers","floor":24,"turns":3}],"seed_played":"-28249494408057615","potions_obtained":[{"floor":1.0,"key":"Explosive Potion"},{"floor":5.0,"key":"Energy Potion"},{"floor":14.0,"key":"SpeedPotion"},{"floor":21.0,"key":"Strength Potion"},{"floor":22.0,"key":"Weak Potion"}],"is_trial":false,"path_per_floor":["M","?","?","M","M","R","E","R","T","M","R","M","$","M","R","B",null,"M","M","M","M","M","R"],"character_chosen":"DEFECT","items_purchased":["Ball Lightning","Steam","Loop"],"campfire_rested":3,"item_purchase_floors":[13,13,13],"current_hp_per_floor":[65,65,65,65,62,62,32,32,32,25,62,46,46,30,67,57,71,52,43,23,20,10,47,0],"gold":187,"neow_bonus":"RANDOM_COMMON_RELIC","is_prod":false,"is_daily":false,"chose_seed":false,"campfire_upgraded":2,"win_rate":0,"timestamp":1539701464,"path_taken":["M","?","?","M","M","R","E","R","T","M","R","M","$","M","R","BOSS","M","M","M","M","M","R","E"],"build_version":"2018-10-11","purchased_purges":1,"victory":false,"max_hp_per_floor":[75,75,75,75,75,75,75,75,75,75,75,75,75,75,75,75,75,75,75,75,75,75,75,75],"card_choices":[{"not_picked":["Double Energy","Heatsinks"],"picked":"Streamline","floor":1.0},{"not_picked":["Turbo","Loop"],"picked":"Consume","floor":4.0},{"not_picked":["Stack","Go for the Eyes"],"picked":"Compile Driver","floor":5.0},{"not_picked":["Redo","Aggregate"],"picked":"Leap","floor":7.0},{"not_picked":["Barrage","Rebound"],"picked":"Reprogram","floor":10.0},{"not_picked":["Chaos","Streamline"],"picked":"Defragment","floor":12.0},{"not_picked":["Streamline","Ball Lightning"],"picked":"Leap","floor":14.0},{"not_picked":["Creative AI","Biased Cognition"],"picked":"Electrodynamics","floor":16.0},{"not_picked":["Reinforced Body","Double Energy"],"picked":"Conserve Battery+1","floor":18.0},{"not_picked":["Steam","Undo"],"picked":"Hologram","floor":19.0},{"not_picked":["Beam Cell","Lockon"],"picked":"Conserve Battery+1","floor":20.0},{"not_picked":["Sweeping Beam","Streamline"],"picked":"Recycle+1","floor":21.0},{"not_picked":["Steam Power","Static Discharge+1"],"picked":"Loop","floor":22.0}],"player_experience":1165300,"relics_obtained":[{"floor":3.0,"key":"Happy Flower"},{"floor":7.0,"key":"Lantern"},{"floor":9.0,"key":"Regal Pillow"}],"event_choices":[{"event_name":"Liars Game","player_choice":"disagreed","floor":2.0,"damage_taken":0.0},{"event_name":"Wheel of Change","player_choice":"Relic","floor":3.0,"damage_taken":0.0}],"is_beta":false,"boss_relics":[{"not_picked":["Pandora\u0027s Box","Orrery"],"picked":"Runic Pyramid"}],"items_purged_floors":[13],"is_endless":false,"potions_floor_spawned":[1,5,14,21,22],"killed_by":"Slavers","ascension_level":11}