{"path_per_floor":["M","?","M","?","$","E","R","M","T","M","E","M","T","M","R","B",null,"M","?","?","?","$","E","$","?","T","R","M","M"],"character_chosen":"DEFECT","items_purchased":["Juzu Bracelet","Bottled Flame"],"gold_per_floor":[117,192,208,208,64,99,99,116,141,152,182,194,265,280,280,380,380,399,324,324,304,42,67,67,67,94,94,113,123,123],"floor_reached":30,"campfire_rested":2,"playtime":821,"item_purchase_floors":[5,22],"current_hp_per_floor":[75,64,64,64,64,64,64,64,64,57,58,50,50,38,62,35,82,63,63,63,63,63,23,23,23,23,47,12,8,0],"items_purged":["Writhe"],"gold":123,"score":283,"play_id":"79acef4c-d530-401c-acb1-6190c6e9a45d","local_time":"20180603222737","is_prod":false,"is_daily":false,"chose_seed":false,"is_ascension_mode":false,"campfire_upgraded":1,"win_rate":0.0,"timestamp":1528028857,"campfire_choices":[{"data":"Fusion","floor":7,"key":"SMITH"},{"floor":15,"key":"REST"},{"floor":27,"key":"REST"}],"path_taken":["M","?","M","?","$","E","R","M","T","M","E","M","?","M","R","BOSS","M","?","?","?","$","E","?","?","T","R","M","M","M"],"build_version":"2018-05-31","seed_source_timestamp":37265618641839,"purchased_purges":1,"victory":false,"master_deck":["Strike_B","Strike_B","Strike_B","Defend_B","Defend_B","Defend_B","Defend_B","Zap","Dualcast","Static Discharge+1","Darkness","Fusion+1","Beam Cell","Storm","Static Discharge","Streamline","Genetic Algorithm","Fission","Redo","Genetic Algorithm+1","Thunder Strike"],"max_hp_per_floor":[75,75,75,75,75,75,75,75,75,75,82,82,82,82,82,82,82,82,82,82,82,82,82,82,82,82,82,82,82,82],"relics":["Cracked Core","NeowsBlessing","Juzu Bracelet","Orichalcum","Bronze Scales","Strawberry","The Courier","Nuclear Battery","Bird Faced Urn","Bottled Flame","Dream Catcher","Blood Vial"],"card_choices":[{"not_picked":["Auto Shields","Blizzard"],"picked":"Static Discharge","floor":1},{"not_picked":["Chill","Steam"],"picked":"Darkness","floor":3},{"not_picked":["Cold Snap","Gash"],"picked":"Fusion","floor":6},{"not_picked":["Ball Lightning","Conserve Battery"],"picked":"Beam Cell","floor":8},{"not_picked":["Steam","Barrage"],"picked":"Storm","floor":10},{"not_picked":["Conserve Battery","Gash"],"picked":"Static Discharge","floor":11},{"not_picked":["Undo","Aggregate"],"picked":"Streamline","floor":12},{"not_picked":["Defragment","Ball Lightning"],"picked":"Genetic Algorithm","floor":14},{"not_picked":["Multi-Cast","Seek"],"picked":"Fission","floor":16},{"not_picked":["Reprogram","Ball Lightning"],"picked":"Redo","floor":18},{"not_picked":["Steam Power","Rebound","Stack+1"],"picked":"SKIP","floor":23},{"not_picked":["Hologram","Stack"],"picked":"Genetic Algorithm+1","floor":28},{"not_picked":["Stack+1","Heatsinks+1"],"picked":"Thunder Strike","floor":29}],"player_experience":301275,"potions_floor_usage":[11,11,18,23,29,30],"damage_taken":[{"damage":0,"enemies":"Jaw Worm","floor":1,"turns":1},{"damage":0,"enemies":"Small Slimes","floor":3,"turns":1},{"damage":0,"enemies":"Lagavulin","floor":6,"turns":2},{"damage":0,"enemies":"Cultist","floor":8,"turns":4},{"damage":7,"enemies":"3 Louse","floor":10,"turns":3},{"damage":15,"enemies":"3 Sentries","floor":11,"turns":4},{"damage":8,"enemies":"Blue Slaver","floor":12,"turns":3},{"damage":12,"enemies":"Lots of Slimes","floor":14,"turns":3},{"damage":27,"enemies":"The Guardian","floor":16,"turns":7},{"damage":19,"enemies":"3 Byrds","floor":18,"turns":3},{"damage":48,"enemies":"Book of Stabbing","floor":23,"turns":4},{"damage":41,"enemies":"2 Thieves","floor":28,"turns":4},{"damage":12,"enemies":"Snake Plant","floor":29,"turns":3},{"damage":15,"enemies":"Centurion and Healer","floor":30,"turns":4}],"relics_obtained":[{"floor":6,"key":"Orichalcum"},{"floor":9,"key":"Bronze Scales"},{"floor":11,"key":"Strawberry"},{"floor":13,"key":"The Courier"},{"floor":23,"key":"Dream Catcher"},{"floor":26,"key":"Blood Vial"}],"event_choices":[{"event_name":"World of Goop","player_choice":"Gather Gold","floor":2,"damage_taken":0},{"event_name":"Living Wall","player_choice":"Grow","floor":4,"damage_taken":0},{"event_name":"Beggar","player_choice":"Gave Gold","floor":19,"damage_taken":0},{"event_name":"The Mausoleum","player_choice":"Yes","floor":20,"damage_taken":0},{"event_name":"The Woman in Blue","player_choice":"Bought 1 Potion","floor":21,"damage_taken":0},{"event_name":"Addict","player_choice":"Ignored","floor":25,"damage_taken":0}],"boss_relics":[{"not_picked":["Inserter","Snecko Eye"],"picked":"Nuclear Battery"}],"items_purged_floors":[22],"potions_floor_spawned":[1,6,11,12,18,28],"seed_played":"83999294767681698","killed_by":"Centurion and Healer","ascension_level":0,"potions_obtained":[{"floor":1,"key":"SkillPotion"},{"floor":6,"key":"Regen Potion"},{"floor":11,"key":"EssenceOfSteel"},{"floor":12,"key":"PowerPotion"},{"floor":18,"key":"PowerPotion"},{"floor":21,"key":"SneckoOil"},{"floor":28,"key":"SteroidPotion"}],"is_trial":false}