{"gold_per_floor":[214,232,244,262,3,3,15,15,39,55,68,68,18,38,38,114,114,129,21,32,32,43,43,43],"floor_reached":24,"playtime":873,"items_purged":["Strike_B","Defend_B"],"score":384,"play_id":"a46edf6e-e214-4a84-a657-a169fae38e8d","local_time":"20181117110245","is_ascension_mode":true,"campfire_choices":[{"data":"Zap","floor":6,"key":"SMITH"},{"data":"Dualcast","floor":8,"key":"SMITH"},{"floor":15,"key":"REST"},{"floor":23,"key":"REST"}],"neow_cost":"NONE","seed_source_timestamp":769968369511841,"circlet_count":0,"master_deck":["AscendersBane","Strike_B","Strike_B","Strike_B","Defend_B","Defend_B","Defend_B","Zap+1","Dualcast+1","Conserve Battery","Doom and Gloom","White Noise","Reboot","Coolheaded","Conserve Battery","Leap","Undo","Rainbow","Compile Driver+1","Compile Driver+1"],"relics":["Cracked Core","Membership Card","Strawberry","CultistMask","Nuclear Battery","OrangePellets"],"potions_floor_usage":[14,16,24,24],"damage_taken":[{"damage":7,"enemies":"Jaw Worm","floor":1,"turns":4},{"damage":6,"enemies":"Cultist","floor":2,"turns":3},{"damage":7,"enemies":"Small Slimes","floor":3,"turns":2},{"damage":11,"enemies":"2 Fungi Beasts","floor":4,"turns":3},{"damage":10,"enemies":"3 Louse","floor":7,"turns":3},{"damage":5,"enemies":"Exordium Thugs","floor":10,"turns":5},{"damage":0,"enemies":"Looter","floor":11,"turns":3},{"damage":18,"enemies":"Gremlin Gang","floor":14,"turns":4},{"damage":8,"enemies":"Slime Boss","floor":16,"turns":9},{"damage":5,"enemies":"Spheric Guardian","floor":18,"turns":5},{"damage":20,"enemies":"2 Thieves","floor":20,"turns":5},{"damage":23,"enemies":"Centurion and Healer","floor":22,"turns":8},{"damage":60,"enemies":"Book of Stabbing","floor":24,"turns":6}],"seed_played":"-4434738244945792761","potions_obtained":[{"floor":4,"key":"SkillPotion"},{"floor":7,"key":"EssenceOfSteel"},{"floor":14,"key":"SkillPotion"},{"floor":20,"key":"Regen Potion"}],"is_trial":false,"path_per_floor":["M","M","M","M","$","R","M","R","T","M","M","?","$","M","R","B",null,"M","$","M","?","M","R","E"],"character_chosen":"DEFECT","items_purchased":["Membership Card","OrangePellets"],"campfire_rested":2,"item_purchase_floors":[5,19],"current_hp_per_floor":[57,51,44,33,33,33,23,23,30,25,25,25,25,7,30,22,64,59,59,39,39,16,39,0],"gold":43,"neow_bonus":"HUNDRED_GOLD","is_prod":false,"is_daily":false,"chose_seed":false,"campfire_upgraded":2,"win_rate":0,"timestamp":1542481365,"path_taken":["M","M","M","M","$","R","M","R","T","M","M","?","$","M","R","BOSS","M","$","M","?","M","R","E"],"build_version":"2018-11-15","purchased_purges":2,"victory":false,"max_hp_per_floor":[71,71,71,71,71,71,71,71,78,78,78,78,78,78,78,78,78,78,78,78,78,78,78,78],"card_choices":[{"not_picked":["Stack","Lockon"],"picked":"Conserve Battery","floor":1},{"not_picked":["Chaos","Gash"],"picked":"Doom and Gloom","floor":2},{"not_picked":["Melter","Redo"],"picked":"White Noise","floor":3},{"not_picked":["Barrage","Double Energy"],"picked":"Reboot","floor":4},{"not_picked":["Turbo","Darkness"],"picked":"Coolheaded","floor":7},{"not_picked":["Hologram","Rip and Tear"],"picked":"Conserve Battery","floor":10},{"not_picked":["Turbo","Aggregate"],"picked":"Leap","floor":11},{"not_picked":["Doom and Gloom","Gash"],"picked":"Undo","floor":14},{"not_picked":["Biased Cognition","Buffer"],"picked":"Rainbow","floor":16},{"not_picked":["Sweeping Beam","Redo"],"picked":"Compile Driver+1","floor":18},{"not_picked":["Aggregate","Melter"],"picked":"Compile Driver+1","floor":20},{"not_picked":["Barrage","Sweeping Beam","Gash"],"picked":"SKIP","floor":22}],"player_experience":939432,"relics_obtained":[{"floor":9,"key":"Strawberry"}],"event_choices":[{"damage_healed":0,"gold_gain":0,"player_choice":"Trade","damage_taken":0,"relics_obtained":["CultistMask"],"max_hp_gain":0,"max_hp_loss":0,"event_name":"FaceTrader","floor":12,"gold_loss":0},{"damage_healed":0,"gold_gain":0,"player_choice":"Ignored","damage_taken":0,"max_hp_gain":0,"max_hp_loss":0,"event_name":"Ghosts","floor":21,"gold_loss":0}],"is_beta":true,"boss_relics":[{"not_picked":["Lizard Tail","Ectoplasm"],"picked":"Nuclear Battery"}],"items_purged_floors":[5,13],"is_endless":false,"potions_floor_spawned":[4,7,10,14,20],"killed_by":"Book of Stabbing","ascension_level":20}