{"path_per_floor":["M","?","$","?","M","R","E","?","T","E","M","T","M","?","R","B",null,"M","?","M","M","?","R"],"character_chosen":"DEFECT","items_purchased":[],"gold_per_floor":[117,117,42,42,57,57,82,257,257,287,302,302,321,321,321,422,422,437,437,453,464,464,464,464],"floor_reached":24,"campfire_rested":2,"playtime":986,"item_purchase_floors":[],"current_hp_per_floor":[85,85,85,85,85,85,46,46,46,21,11,11,10,10,36,60,89,89,72,34,28,28,56,0],"items_purged":["Clumsy"],"gold":464,"score":317,"play_id":"de748072-10b1-4246-b607-5f722f5d3322","local_time":"20180611223127","is_prod":false,"is_daily":false,"chose_seed":false,"is_ascension_mode":true,"campfire_upgraded":1,"win_rate":0,"timestamp":1528774287,"campfire_choices":[{"data":"Zap","floor":6,"key":"SMITH"},{"floor":15,"key":"REST"},{"floor":23,"key":"REST"}],"path_taken":["M","?","$","?","M","R","E","?","T","E","M","?","M","?","R","BOSS","M","?","M","M","?","R","E"],"build_version":"2018-06-07v3","seed_source_timestamp":129806091226421,"purchased_purges":1,"victory":false,"master_deck":["Strike_B","Strike_B","Strike_B","Strike_B","Defend_B","Defend_B","Defend_B","Defend_B","Zap+1","Dualcast","Rip and Tear","Zap+1","Genetic Algorithm","Static Discharge","Doubt","Hello World","Rip and Tear","Creative AI","Amplify","Sweeping Beam","Self Repair","Capacitor"],"max_hp_per_floor":[89,89,89,89,89,89,89,89,89,89,89,89,89,89,89,89,89,89,94,94,94,94,94,94],"relics":["Cracked Core","Vajra","Bottled Flame","Bird Faced Urn","Matryoshka","Cursed Key"],"card_choices":[{"not_picked":["Hologram","Stack"],"picked":"Rip and Tear","floor":1},{"not_picked":["Streamline","Redo"],"picked":"Genetic Algorithm","floor":5},{"not_picked":["Compile Driver","Reboot"],"picked":"Static Discharge","floor":7},{"not_picked":["Steam Power","Leap"],"picked":"Hello World","floor":10},{"not_picked":["Coolheaded","Gash"],"picked":"Rip and Tear","floor":11},{"not_picked":["Streamline","Double Energy"],"picked":"Creative AI","floor":13},{"not_picked":["Hyperbeam","All For One"],"picked":"Amplify","floor":16},{"not_picked":["Hologram","Ball Lightning"],"picked":"Sweeping Beam","floor":18},{"not_picked":["Doom and Gloom+1","Chill"],"picked":"Self Repair","floor":20},{"not_picked":["Cold Snap","Turbo"],"picked":"Capacitor","floor":21}],"player_experience":268632,"potions_floor_usage":[16,16,16,21],"damage_taken":[{"damage":4,"enemies":"2 Louse","floor":1,"turns":3},{"damage":0,"enemies":"Cultist","floor":5,"turns":2},{"damage":39,"enemies":"3 Sentries","floor":7,"turns":7},{"damage":25,"enemies":"Lagavulin","floor":10,"turns":6},{"damage":12,"enemies":"Jaw Worm","floor":11,"turns":2},{"damage":5,"enemies":"2 Fungi Beasts","floor":13,"turns":3},{"damage":0,"enemies":"Slime Boss","floor":16,"turns":7},{"damage":3,"enemies":"Chosen","floor":18,"turns":5},{"damage":58,"enemies":"3 Byrds","floor":20,"turns":5},{"damage":33,"enemies":"3 Cultists","floor":21,"turns":4},{"damage":80,"enemies":"Slavers","floor":24,"turns":4}],"relics_obtained":[{"floor":7,"key":"Vajra"},{"floor":9,"key":"Bottled Flame"},{"floor":10,"key":"Bird Faced Urn"},{"floor":12,"key":"Matryoshka"}],"event_choices":[{"event_name":"Match and Keep!","player_choice":"1 cards matched","floor":2,"damage_taken":0},{"event_name":"Upgrade Shrine","player_choice":"Upgraded","floor":4,"damage_taken":0},{"event_name":"Liars Game","player_choice":"agreed","floor":8,"damage_taken":0},{"event_name":"Dead Adventurer","player_choice":"Searched \u00271\u0027 times","floor":14,"damage_taken":0},{"event_name":"Forgotten Altar","player_choice":"Shed Blood","floor":19,"damage_taken":0},{"event_name":"Ghosts","player_choice":"Ignored","floor":22,"damage_taken":0}],"boss_relics":[{"not_picked":["Busted Crown","Astrolabe"],"picked":"Cursed Key"}],"items_purged_floors":[3],"potions_floor_spawned":[5,7,13,20],"seed_played":"9034300678489064960","killed_by":"Slavers","ascension_level":3,"potions_obtained":[{"floor":5,"key":"PowerPotion"},{"floor":7,"key":"Energy Potion"},{"floor":13,"key":"FocusPotion"},{"floor":20,"key":"Explosive Potion"}],"is_trial":false}