{"gold_per_floor":[114,129,144,159,84,114,114,14,89,89,89,104,104,119,119,219,269,284,109,124,224,239,269,269,95,120,135,165,165,37,52,52,152,152,167,167,182,197,22,52,82,82,82,112,112,142,187,202,202,202],"floor_reached":51,"playtime":1367,"items_purged":["Defend_R","Defend_R","Pain","Pain","Defend_R"],"score":1155,"play_id":"75fdd755-ca04-48af-9f31-44a90c0744aa","local_time":"20190116110219","daily_mods":["Cursed Run","Time Dilation","Lethality"],"is_ascension_mode":false,"campfire_choices":[{"data":"Immolate","floor":7,"key":"SMITH"},{"data":"Warcry","floor":10,"key":"SMITH"},{"data":"Perfected Strike","floor":13,"key":"SMITH"},{"data":"Twin Strike","floor":15,"key":"SMITH"},{"data":"Perfected Strike","floor":32,"key":"SMITH"},{"floor":45,"key":"REST"},{"floor":49,"key":"REST"}],"neow_cost":"","seed_source_timestamp":0,"circlet_count":0,"master_deck":["Strike_R","Strike_R","Strike_R","Strike_R","Strike_R","Defend_R+1","Bash","Spot Weakness","Warcry","Perfected Strike+1","Immolate+1","Warcry+1","Twin Strike+1","Shame","Feed","Pummel","Twin Strike","Pommel Strike","Perfected Strike+1","Warcry+1","Twin Strike","Doubt","Limit Break+1","Pommel Strike","Perfected Strike","Infernal Blade+1","Clash+1","Injury","Headbutt","Pummel+1","Shockwave+1","Pommel Strike+1","Writhe","Doubt","Pummel","Flex+1","Metallicize+1","Limit Break+1","Pain"],"special_seed":17912,"relics":["Cursed Key","Darkstone Periapt","Du-Vu Doll","Pear","Toxic Egg 2","WarpedTongs","Tiny House","PreservedInsect","Boot","Strawberry","Fusion Hammer","WingedGreaves","Question Card","Ancient Tea Set","Pen Nib","Mummified Hand","Bird Faced Urn"],"potions_floor_usage":[18,31,33,33,40,46,50,50],"damage_taken":[{"damage":0,"enemies":"Small Slimes","floor":1,"turns":2},{"damage":0,"enemies":"Cultist","floor":2,"turns":2},{"damage":0,"enemies":"2 Louse","floor":3,"turns":2},{"damage":0,"enemies":"2 Fungi Beasts","floor":4,"turns":2},{"damage":0,"enemies":"Gremlin Nob","floor":6,"turns":2},{"damage":4,"enemies":"Looter","floor":12,"turns":1},{"damage":2,"enemies":"Blue Slaver","floor":14,"turns":1},{"damage":6,"enemies":"Slime Boss","floor":16,"turns":4},{"damage":14,"enemies":"2 Thieves","floor":18,"turns":2},{"damage":0,"enemies":"Spheric Guardian","floor":20,"turns":1},{"damage":0,"enemies":"Snake Plant","floor":22,"turns":1},{"damage":23,"enemies":"Slavers","floor":23,"turns":3},{"damage":0,"enemies":"Snecko","floor":27,"turns":2},{"damage":0,"enemies":"Gremlin Leader","floor":28,"turns":1},{"damage":3,"enemies":"Centurion and Healer","floor":31,"turns":2},{"damage":11,"enemies":"Champ","floor":33,"turns":4},{"damage":0,"enemies":"Orb Walker","floor":35,"turns":1},{"damage":6,"enemies":"3 Shapes","floor":37,"turns":1},{"damage":9,"enemies":"Sphere and 2 Shapes","floor":38,"turns":1},{"damage":75,"enemies":"Nemesis","floor":40,"turns":3},{"damage":0,"enemies":"Reptomancer","floor":41,"turns":2},{"damage":0,"enemies":"Nemesis","floor":44,"turns":1},{"damage":16,"enemies":"Reptomancer","floor":46,"turns":2},{"damage":0,"enemies":"2 Orb Walkers","floor":47,"turns":1},{"damage":24,"enemies":"4 Shapes","floor":48,"turns":3},{"damage":81,"enemies":"Time Eater","floor":50,"turns":7}],"seed_played":"-4273612193647818048","potions_obtained":[{"floor":2,"key":"Swift Potion"},{"floor":12,"key":"LiquidBronze"},{"floor":14,"key":"Poison Potion"},{"floor":17,"key":"Poison Potion"},{"floor":18,"key":"EssenceOfSteel"},{"floor":28,"key":"Block Potion"},{"floor":33,"key":"FairyPotion"},{"floor":37,"key":"LiquidBronze"},{"floor":44,"key":"SneckoOil"},{"floor":46,"key":"LiquidBronze"},{"floor":47,"key":"Weak Potion"}],"is_trial":false,"path_per_floor":["M","M","M","M","$","E","R","$","T","R","?","M","R","M","R","B",null,"M","$","M","?","M","E","?","$","T","M","E","?","$","M","R","B",null,"M","?","M","M","$","E","E","?","T","E","R","E","?","M","R","B",null],"character_chosen":"IRONCLAD","items_purchased":["Twin Strike","Twin Strike","Perfected Strike","Infernal Blade+1"],"campfire_rested":2,"item_purchase_floors":[19,25,30,30],"current_hp_per_floor":[80,80,80,80,80,90,90,90,96,96,102,98,98,96,96,96,113,102,102,106,106,106,83,83,83,89,89,96,96,96,93,93,88,139,139,139,136,130,130,55,55,97,103,103,150,134,134,113,160,85],"gold":202,"neow_bonus":"","is_prod":false,"is_daily":true,"chose_seed":false,"campfire_upgraded":5,"win_rate":0,"timestamp":1547632939,"path_taken":["M","M","M","M","$","E","R","$","T","R","?","?","R","M","R","BOSS","M","$","M","?","?","E","?","$","T","?","E","?","?","M","R","BOSS","M","?","M","M","$","E","E","?","T","E","R","E","?","M","R","BOSS"],"build_version":"2019-01-14v2","purchased_purges":5,"victory":true,"max_hp_per_floor":[80,80,80,80,80,90,90,90,96,96,102,102,102,102,102,108,113,116,116,120,120,120,120,120,120,126,126,133,133,133,133,133,139,139,139,139,142,145,145,145,145,151,157,157,157,157,157,160,160,166],"card_choices":[{"not_picked":["Flex","Flame Barrier"],"picked":"Spot Weakness","floor":1},{"not_picked":["Body Slam","Shrug It Off"],"picked":"Warcry","floor":2},{"not_picked":["Havoc","Wild Strike"],"picked":"Perfected Strike","floor":3},{"not_picked":["Combust","Body Slam"],"picked":"Warcry","floor":4},{"not_picked":["Clash","Thunderclap"],"picked":"Immolate","floor":6},{"not_picked":["Clothesline","Iron Wave"],"picked":"Warcry+1","floor":12},{"not_picked":["Warcry+1","Evolve"],"picked":"Twin Strike","floor":14},{"not_picked":["Bludgeon","Immolate"],"picked":"Feed","floor":16},{"not_picked":["Havoc+1","Flex+1"],"picked":"Pummel","floor":18},{"not_picked":["Anger+1","Rampage"],"picked":"Pommel Strike","floor":20},{"not_picked":["Dual Wield+1","Inflame"],"picked":"Perfected Strike","floor":22},{"not_picked":["Dropkick","Hemokinesis"],"picked":"Warcry+1","floor":23},{"not_picked":["Twin Strike+1","Clothesline"],"picked":"Limit Break+1","floor":27},{"not_picked":["Iron Wave+1","Reaper"],"picked":"Pommel Strike","floor":28},{"not_picked":["True Grit+1","Armaments+1"],"picked":"Clash+1","floor":31},{"not_picked":["Pommel Strike","Armaments+1"],"picked":"Headbutt","floor":35},{"not_picked":["Headbutt+1","Warcry+1"],"picked":"Pummel+1","floor":37},{"not_picked":["Sword Boomerang+1","Shrug It Off+1"],"picked":"Shockwave+1","floor":38},{"not_picked":["Rupture+1","Feel No Pain+1"],"picked":"Pommel Strike+1","floor":40},{"not_picked":["Searing Blow+1","Rampage","Metallicize"],"picked":"SKIP","floor":41},{"not_picked":["Pommel Strike","Carnage","Power Through+1"],"picked":"Pummel","floor":44},{"not_picked":["Burning Pact+1","Shrug It Off+1","Anger+1"],"picked":"Flex+1","floor":46},{"not_picked":["Twin Strike+1","Hemokinesis","Entrench+1"],"picked":"Metallicize+1","floor":47},{"not_picked":["Combust+1","Rampage+1","Armaments+1"],"picked":"Limit Break+1","floor":48}],"player_experience":185663,"relics_obtained":[{"floor":6,"key":"Pear"},{"floor":9,"key":"Toxic Egg 2"},{"floor":23,"key":"PreservedInsect"},{"floor":26,"key":"Boot"},{"floor":28,"key":"Strawberry"},{"floor":40,"key":"WingedGreaves"},{"floor":41,"key":"Question Card"},{"floor":43,"key":"Ancient Tea Set"},{"floor":44,"key":"Pen Nib"},{"floor":46,"key":"Mummified Hand"},{"floor":47,"key":"Bird Faced Urn"}],"event_choices":[{"damage_healed":0,"gold_gain":0,"player_choice":"Rummage","damage_taken":0,"relics_obtained":["WarpedTongs"],"max_hp_gain":0,"max_hp_loss":0,"event_name":"Accursed Blacksmith","floor":11,"gold_loss":0,"cards_obtained":["Pain"]},{"damage_healed":0,"gold_gain":100,"player_choice":"Pray","damage_taken":0,"max_hp_gain":0,"max_hp_loss":0,"event_name":"Golden Shrine","floor":21,"gold_loss":0},{"damage_healed":0,"gold_gain":0,"player_choice":"Got Potions","damage_taken":0,"max_hp_gain":0,"max_hp_loss":0,"event_name":"Lab","floor":24,"gold_loss":0},{"damage_healed":0,"gold_gain":0,"player_choice":"Bought 0 Potions","damage_taken":0,"max_hp_gain":0,"max_hp_loss":0,"event_name":"The Woman in Blue","floor":29,"gold_loss":0},{"cards_removed":["Warcry"],"damage_healed":0,"gold_gain":0,"player_choice":"Removed Skill","damage_taken":0,"max_hp_gain":0,"max_hp_loss":0,"event_name":"Falling","floor":36,"gold_loss":0},{"damage_healed":36,"gold_gain":0,"player_choice":"Writhe","damage_taken":0,"max_hp_gain":0,"max_hp_loss":0,"event_name":"Winding Halls","floor":42,"gold_loss":0,"cards_obtained":["Writhe"]},{"damage_healed":0,"gold_gain":0,"player_choice":"Fight","damage_taken":0,"max_hp_gain":0,"max_hp_loss":0,"event_name":"Mysterious Sphere","floor":47,"gold_loss":0}],"is_beta":true,"boss_relics":[{"not_picked":["Lizard Tail","Eternal Feather"],"picked":"Tiny House"},{"not_picked":["Runic Dome","Velvet Choker"],"picked":"Fusion Hammer"}],"items_purged_floors":[5,8,19,25,39],"is_endless":false,"potions_floor_spawned":[2,12,14,18,22,27,28,33,37,44,46,47,48],"ascension_level":0}