{"gold_per_floor":[113,113,128,148,4,4,21,21,47,85,97,124,136,173,185,275,287,312,324,336],"floor_reached":20,"playtime":628,"items_purged":[],"score":406,"play_id":"797fbf0b-d773-43c6-afe2-b87153ffe112","local_time":"20180923180746","is_ascension_mode":true,"campfire_choices":[{"data":"Thunderclap","floor":6,"key":"SMITH"},{"data":"Rampage","floor":8,"key":"SMITH"},{"data":"Battle Trance","floor":11,"key":"SMITH"},{"data":"Evolve","floor":13,"key":"SMITH"},{"data":"Bash","floor":15,"key":"SMITH"}],"neow_cost":"PERCENT_DAMAGE","seed_source_timestamp":91693912988565,"circlet_count":0,"master_deck":["Strike_R","Strike_R","Defend_R","Defend_R","Defend_R","Defend_R","Bash+1","AscendersBane","Reaper","Battle Trance+1","Thunderclap+1","Shrug It Off","Pommel Strike","Rampage+1","Headbutt","Evolve+1","Ghostly Armor","Dark Embrace"],"relics":["Burning Blood","Bronze Scales","MawBank","Strawberry","Omamori","Philosopher\u0027s Stone","Necronomicon"],"potions_floor_usage":[10,14,16,20,20],"damage_taken":[{"damage":11,"enemies":"2 Louse","floor":1,"turns":3},{"damage":15,"enemies":"Cultist","floor":3,"turns":5},{"damage":8,"enemies":"Jaw Worm","floor":4,"turns":5},{"damage":8,"enemies":"Red Slaver","floor":7,"turns":4},{"damage":17,"enemies":"3 Sentries","floor":10,"turns":7},{"damage":1,"enemies":"2 Fungi Beasts","floor":12,"turns":3},{"damage":16,"enemies":"Gremlin Nob","floor":14,"turns":3},{"damage":0,"enemies":"Slime Boss","floor":16,"turns":5},{"damage":48,"enemies":"Shell Parasite","floor":18,"turns":7},{"damage":19,"enemies":"Colosseum Slavers","floor":20,"turns":2}],"seed_played":"-9012635044978660425","potions_obtained":[{"floor":1,"key":"Poison Potion"},{"floor":3,"key":"Swift Potion"},{"floor":14,"key":"Fire Potion"},{"floor":16,"key":"EssenceOfSteel"},{"floor":18,"key":"Poison Potion"}],"is_trial":false,"path_per_floor":["M","?","M","M","$","R","M","R","T","E","R","M","R","E","R","B",null,"M","?"],"character_chosen":"IRONCLAD","items_purchased":["Bronze Scales"],"campfire_rested":0,"item_purchase_floors":[5],"current_hp_per_floor":[53,53,48,46,46,46,50,50,50,50,50,55,55,45,45,59,76,34,13,0],"gold":336,"neow_bonus":"TRANSFORM_TWO_CARDS","is_prod":false,"is_daily":false,"chose_seed":false,"campfire_upgraded":5,"win_rate":0,"timestamp":1537751266,"path_taken":["M","?","M","?","$","R","M","R","T","E","R","M","R","E","R","BOSS","M","?","?"],"build_version":"2018-09-20","purchased_purges":0,"victory":false,"max_hp_per_floor":[75,75,75,75,75,75,75,75,75,82,82,82,82,82,82,82,82,82,82,82],"card_choices":[{"not_picked":["Rupture","Rage"],"picked":"Thunderclap","floor":1},{"not_picked":["Corruption","Battle Trance"],"picked":"Shrug It Off","floor":3},{"not_picked":["Wild Strike","Hemokinesis"],"picked":"Pommel Strike","floor":4},{"not_picked":["Carnage","Iron Wave"],"picked":"Rampage","floor":7},{"not_picked":["Seeing Red","Intimidate"],"picked":"Headbutt","floor":10},{"not_picked":["Dropkick","Dual Wield"],"picked":"Evolve","floor":12},{"not_picked":["Inflame","Perfected Strike"],"picked":"Ghostly Armor","floor":14},{"not_picked":["Offering","Brutality"],"picked":"Dark Embrace","floor":16},{"not_picked":["Spot Weakness","Hemokinesis","Twin Strike"],"picked":"SKIP","floor":18}],"player_experience":826788,"relics_obtained":[{"floor":9,"key":"MawBank"},{"floor":10,"key":"Strawberry"},{"floor":14,"key":"Omamori"},{"floor":19,"key":"Necronomicon"}],"event_choices":[{"event_name":"Bonfire Elementals","player_choice":"BASIC","floor":2,"damage_taken":0},{"event_name":"Cursed Tome","player_choice":"Obtained Book","floor":19,"damage_taken":0},{"event_name":"Colosseum","player_choice":"Fight","floor":20,"damage_taken":0}],"is_beta":true,"boss_relics":[{"not_picked":["Tiny House","Ectoplasm"],"picked":"Philosopher\u0027s Stone"}],"items_purged_floors":[],"is_endless":false,"potions_floor_spawned":[1,3,14,16,18],"killed_by":"Colosseum Slavers","ascension_level":15}