{"gold_per_floor":[113,113,113,131,19,19,37,37,37,64,74,74,92,102,102,206,206,188,198,198,94,94,124,124,136,162,162,177,152,67,94,106,215,227,258,127,138,138,138,238,252,262,262,262],"floor_reached":44,"playtime":15539,"items_purged":[],"score":455,"play_id":"f5d4d155-78e1-4d50-b5fc-4de9326b6dc6","local_time":"20190201113149","is_ascension_mode":false,"campfire_choices":[{"floor":6.0,"key":"REST"},{"data":"Skewer","floor":8.0,"key":"SMITH"},{"data":"Flying Knee","floor":12.0,"key":"SMITH"},{"floor":15.0,"key":"REST"},{"data":"Infinite Blades","floor":24,"key":"SMITH"},{"data":"Well Laid Plans","floor":32,"key":"SMITH"}],"neow_cost":"NONE","seed_source_timestamp":1098135306735851,"circlet_count":0,"master_deck":["Defend_G","Defend_G","Defend_G","Defend_G","Strike_G","Strike_G","Strike_G","Strike_G","Survivor","Neutralize","Flying Knee+1","Skewer+1","Acrobatics","Calculated Gamble","Sucker Punch","Purity","Quick Slash","Leg Sweep","Flying Knee","Well Laid Plans+1","Dagger Throw","Bullet Time","Deflect","Deflect+1","Caltrops","Poisoned Stab","Infinite Blades+1","Acrobatics","Backflip","Slice","Noxious Fumes+1","Burst","Finisher+1","Backflip+1","All Out Attack","Outmaneuver","Tactician+1"],"special_seed":0,"relics":["Ring of the Snake","Pantograph","Paper Crane","FossilizedHelix","Coffee Dripper","MutagenicStrength","Juzu Bracelet","Boot","MawBank","WristBlade","Potion Belt","Girya","Toxic Egg 2"],"potions_floor_usage":[31],"damage_taken":[{"damage":1.0,"enemies":"Small Slimes","floor":1.0,"turns":4.0},{"damage":6.0,"enemies":"Cultist","floor":4.0,"turns":3.0},{"damage":3.0,"enemies":"Jaw Worm","floor":7.0,"turns":3.0},{"damage":16.0,"enemies":"Lagavulin","floor":10.0,"turns":6.0},{"damage":0.0,"enemies":"Exordium Thugs","floor":11.0,"turns":5.0},{"damage":0.0,"enemies":"Red Slaver","floor":13.0,"turns":3.0},{"damage":0.0,"enemies":"2 Fungi Beasts","floor":14.0,"turns":4.0},{"damage":41.0,"enemies":"Hexaghost","floor":16.0,"turns":15.0},{"damage":10,"enemies":"2 Thieves","floor":18,"turns":4},{"damage":20,"enemies":"3 Byrds","floor":19,"turns":6},{"damage":16,"enemies":"Gremlin Leader","floor":23,"turns":8},{"damage":1,"enemies":"Snecko","floor":25,"turns":6},{"damage":18,"enemies":"Snake Plant","floor":28,"turns":4},{"damage":0,"enemies":"Sentry and Sphere","floor":31,"turns":3},{"damage":17,"enemies":"Champ","floor":33,"turns":15},{"damage":0,"enemies":"Orb Walker","floor":35,"turns":3},{"damage":27,"enemies":"3 Darklings","floor":37,"turns":6},{"damage":0,"enemies":"Mind Bloom Boss Battle","floor":40,"turns":8},{"damage":24,"enemies":"Sphere and 2 Shapes","floor":41,"turns":7},{"damage":52,"enemies":"4 Shapes","floor":42,"turns":6},{"damage":25,"enemies":"Spire Growth","floor":44,"turns":3}],"seed_played":"-3522574908834413614","potions_obtained":[{"floor":1.0,"key":"Block Potion"},{"floor":7.0,"key":"Weak Potion"},{"floor":10.0,"key":"GhostInAJar"},{"floor":19,"key":"FairyPotion"},{"floor":28,"key":"Energy Potion"},{"floor":31,"key":"EssenceOfSteel"},{"floor":35,"key":"Regen Potion"},{"floor":37,"key":"FearPotion"}],"is_trial":false,"path_per_floor":["M","?","?","M","$","R","M","R","T","E","M","R","M","M","R","B",null,"M","M","?","$","?","E","R","M","T","?","M","$","?","M","R","B",null,"M","$","M","?","$","?","M","M","T","M"],"character_chosen":"THE_SILENT","items_purchased":["Sucker Punch","Purity","Caltrops","Poisoned Stab","Slice","Potion Belt"],"campfire_rested":2,"item_purchase_floors":[5,5,21,21,29,36],"current_hp_per_floor":[76,64,64,58,58,77,74,74,74,58,58,58,58,58,77,36,77,67,47,47,47,33,17,17,16,16,16,8,8,8,8,8,16,82,82,82,55,55,55,80,56,4,4,0],"gold":262,"neow_bonus":"TEN_PERCENT_HP_BONUS","is_prod":false,"is_daily":false,"chose_seed":false,"campfire_upgraded":4,"win_rate":0.0,"timestamp":1549020709,"path_taken":["M","?","?","M","$","R","?","R","T","E","M","R","M","M","R","BOSS","M","?","?","$","?","E","R","M","T","?","M","?","?","M","R","BOSS","M","$","M","?","$","?","M","M","T","M"],"build_version":"2019-01-23","purchased_purges":0,"victory":false,"max_hp_per_floor":[77,77,77,77,77,77,77,77,77,77,77,77,77,77,77,77,77,77,77,77,77,82,82,82,82,82,82,82,82,82,82,82,82,82,82,82,82,82,82,82,82,82,82,82],"card_choices":[{"not_picked":["Predator","Well Laid Plans"],"picked":"Flying Knee","floor":1.0},{"not_picked":["Leg Sweep","Choke"],"picked":"Calculated Gamble","floor":4.0},{"not_picked":["Predator","Flying Knee"],"picked":"Quick Slash","floor":7.0},{"not_picked":["Crippling Poison","Underhanded Strike"],"picked":"Leg Sweep","floor":10.0},{"not_picked":["Sucker Punch","Bouncing Flask"],"picked":"Flying Knee","floor":11.0},{"not_picked":["Slice","Quick Slash"],"picked":"Well Laid Plans","floor":13.0},{"not_picked":["Night Terror","Deadly Poison"],"picked":"Dagger Throw","floor":14.0},{"not_picked":["Venomology","Unload"],"picked":"Bullet Time","floor":16.0},{"not_picked":["Expertise","Calculated Gamble"],"picked":"Deflect","floor":18},{"not_picked":["Blade Dance","Flying Knee"],"picked":"Deflect+1","floor":19},{"not_picked":["Dodge and Roll","Slice"],"picked":"Infinite Blades","floor":23},{"not_picked":["Distraction","Leg Sweep"],"picked":"Acrobatics","floor":25},{"not_picked":["Quick Slash","Underhanded Strike"],"picked":"Backflip","floor":28},{"not_picked":["Dagger Throw","PiercingWail"],"picked":"Noxious Fumes+1","floor":31},{"not_picked":["Glass Knife","Venomology"],"picked":"Burst","floor":33},{"not_picked":["Underhanded Strike+1","Deflect"],"picked":"Finisher+1","floor":35},{"not_picked":["Calculated Gamble+1","Masterful Stab+1"],"picked":"Backflip+1","floor":37},{"not_picked":["Sucker Punch+1","Expertise+1"],"picked":"All Out Attack","floor":40},{"not_picked":["Eviscerate","Blade Dance+1"],"picked":"Outmaneuver","floor":41},{"not_picked":["Masterful Stab","Sucker Punch"],"picked":"Tactician+1","floor":42}],"player_experience":4520,"relics_obtained":[{"floor":9.0,"key":"Paper Crane"},{"floor":10.0,"key":"FossilizedHelix"},{"floor":23,"key":"Juzu Bracelet"},{"floor":26,"key":"Boot"},{"floor":40,"key":"Girya"},{"floor":43,"key":"Toxic Egg 2"}],"event_choices":[{"damage_healed":0.0,"max_hp_gain":0.0,"max_hp_loss":0.0,"gold_gain":0.0,"event_name":"Scrap Ooze","player_choice":"Success","floor":2.0,"gold_loss":0.0,"damage_taken":12.0,"relics_obtained":["Pantograph"]},{"damage_healed":0.0,"max_hp_gain":0.0,"max_hp_loss":0.0,"gold_gain":0.0,"event_name":"Match and Keep!","player_choice":"2 cards matched","floor":3.0,"gold_loss":0.0,"damage_taken":0.0,"cards_obtained":["Skewer","Acrobatics"]},{"damage_healed":0,"gold_gain":0,"player_choice":"Inject Mutagens","damage_taken":0,"relics_obtained":["MutagenicStrength"],"max_hp_gain":0,"max_hp_loss":0,"event_name":"Drug Dealer","floor":20,"gold_loss":0},{"damage_healed":0,"gold_gain":0,"player_choice":"Shed Blood","damage_taken":19,"max_hp_gain":5,"max_hp_loss":0,"event_name":"Forgotten Altar","floor":22,"gold_loss":0},{"cards_removed":["Strike_G"],"damage_healed":0,"gold_gain":0,"player_choice":"Purged","damage_taken":0,"max_hp_gain":0,"max_hp_loss":0,"event_name":"Purifier","floor":27,"gold_loss":0},{"damage_healed":0,"gold_gain":0,"player_choice":"Obtained Relic","damage_taken":0,"relics_obtained":["MawBank"],"max_hp_gain":0,"max_hp_loss":0,"event_name":"Addict","floor":30,"gold_loss":85},{"cards_removed":["Defend_G"],"damage_healed":0,"gold_gain":0,"player_choice":"Removed Skill","damage_taken":0,"max_hp_gain":0,"max_hp_loss":0,"event_name":"Falling","floor":38,"gold_loss":0},{"damage_healed":0,"gold_gain":0,"player_choice":"Fight","damage_taken":0,"max_hp_gain":0,"max_hp_loss":0,"event_name":"MindBloom","floor":40,"gold_loss":0}],"is_beta":false,"boss_relics":[{"not_picked":["Snecko Eye","White Beast Statue"],"picked":"Coffee Dripper"},{"not_picked":["Philosopher\u0027s Stone","Ring of the Serpent"],"picked":"WristBlade"}],"items_purged_floors":[],"is_endless":false,"potions_floor_spawned":[1,7,10,11,19,28,31,33,35,37],"killed_by":"Spire Growth","ascension_level":0}