{"gold_per_floor":[118,132,132,152,152,180,193,193,193,193],"floor_reached":10,"playtime":348,"items_purged":[],"score":136,"play_id":"d515aac6-ec6b-4a0e-9db9-f413d450c362","local_time":"20181105025408","is_ascension_mode":true,"campfire_choices":[{"floor":8,"key":"REST"}],"neow_cost":"NONE","seed_source_timestamp":642428730434523,"circlet_count":0,"master_deck":["Strike_R","Strike_R","Strike_R","Strike_R","Strike_R","Defend_R","Defend_R","Defend_R","Defend_R","Bash+1","AscendersBane","Shrug It Off+1","Battle Trance+1","Headbutt","Whirlwind","Limit Break"],"relics":["Burning Blood","Art of War","Orichalcum"],"potions_floor_usage":[6,6],"damage_taken":[{"damage":4,"enemies":"Small Slimes","floor":1,"turns":5},{"damage":3,"enemies":"Cultist","floor":2,"turns":4},{"damage":7,"enemies":"Jaw Worm","floor":4,"turns":3},{"damage":35,"enemies":"3 Sentries","floor":6,"turns":10},{"damage":14,"enemies":"3 Louse","floor":7,"turns":3},{"damage":37,"enemies":"Lagavulin","floor":10,"turns":6}],"seed_played":"-5342779487760870798","potions_obtained":[{"floor":0,"key":"Strength Potion"},{"floor":0,"key":"Poison Potion"}],"is_trial":false,"path_per_floor":["M","M","?","M","?","E","M","R","T","E"],"character_chosen":"IRONCLAD","items_purchased":[],"campfire_rested":1,"item_purchase_floors":[],"current_hp_per_floor":[70,73,50,49,49,20,12,34,34,0],"gold":193,"neow_bonus":"THREE_SMALL_POTIONS","is_prod":false,"is_daily":false,"chose_seed":false,"campfire_upgraded":0,"win_rate":0,"timestamp":1541404448,"path_taken":["M","M","?","M","?","E","M","R","T","E"],"build_version":"2018-10-30","purchased_purges":0,"victory":false,"max_hp_per_floor":[75,75,75,75,75,75,75,75,75,75],"card_choices":[{"not_picked":["Wild Strike","Havoc"],"picked":"Shrug It Off","floor":1},{"not_picked":["Cleave","Combust"],"picked":"Battle Trance","floor":2},{"not_picked":["Heavy Blade","Twin Strike"],"picked":"Headbutt","floor":4},{"not_picked":["Perfected Strike","Thunderclap"],"picked":"Whirlwind","floor":6},{"not_picked":["Rage","Burning Pact"],"picked":"Limit Break","floor":7}],"player_experience":920550,"relics_obtained":[{"floor":6,"key":"Art of War"},{"floor":9,"key":"Orichalcum"}],"event_choices":[{"damage_healed":0,"gold_gain":0,"player_choice":"Entered Light","damage_taken":23,"max_hp_gain":0,"max_hp_loss":0,"event_name":"Shining Light","floor":3,"gold_loss":0,"cards_upgraded":["Shrug It Off","Bash"]},{"damage_healed":0,"gold_gain":0,"player_choice":"Upgraded","damage_taken":0,"max_hp_gain":0,"max_hp_loss":0,"event_name":"Upgrade Shrine","floor":5,"gold_loss":0,"cards_upgraded":["Battle Trance"]}],"is_beta":true,"boss_relics":[],"items_purged_floors":[],"is_endless":false,"potions_floor_spawned":[2,4],"killed_by":"Lagavulin","ascension_level":20}