{"gold_per_floor":[109,109,109,128,139,168,168,200,200,213,229,229,229],"floor_reached":13,"playtime":422,"items_purged":[],"score":181,"play_id":"639a26f0-0af2-4e82-9a20-8ccb54a85330","local_time":"20181221154046","is_ascension_mode":true,"campfire_choices":[{"floor":7,"key":"REST"},{"floor":12,"key":"REST"}],"neow_cost":"NONE","seed_source_timestamp":27663088103187,"circlet_count":0,"master_deck":["AscendersBane","Strike_B","Strike_B","Strike_B","Strike_B","Defend_B","Defend_B","Defend_B","Defend_B","Zap","Dualcast","Coolheaded","Electrodynamics","Hologram","Conserve Battery","Ball Lightning","Cold Snap","Undo"],"relics":["Cracked Core","NeowsBlessing","Frozen Egg 2","Anchor","Bottled Flame"],"potions_floor_usage":[8,11],"damage_taken":[{"damage":0,"enemies":"Cultist","floor":1,"turns":1},{"damage":0,"enemies":"2 Louse","floor":4,"turns":1},{"damage":0,"enemies":"Small Slimes","floor":5,"turns":1},{"damage":60,"enemies":"Gremlin Nob","floor":6,"turns":5},{"damage":19,"enemies":"3 Sentries","floor":8,"turns":8},{"damage":0,"enemies":"2 Fungi Beasts","floor":10,"turns":2},{"damage":5,"enemies":"Large Slime","floor":11,"turns":5},{"damage":28,"enemies":"Gremlin Nob","floor":13,"turns":3}],"seed_played":"614588072437613015","potions_obtained":[{"floor":6,"key":"Block Potion"},{"floor":8,"key":"Poison Potion"}],"is_trial":false,"path_per_floor":["M","$","$","M","M","E","R","E","T","M","M","R","E"],"character_chosen":"DEFECT","items_purchased":[],"campfire_rested":2,"item_purchase_floors":[],"current_hp_per_floor":[64,64,64,64,64,4,25,6,6,6,1,22,0],"gold":229,"neow_bonus":"THREE_ENEMY_KILL","is_prod":false,"is_daily":false,"chose_seed":false,"campfire_upgraded":0,"win_rate":0,"timestamp":1545435646,"path_taken":["M","?","$","M","?","E","R","E","T","M","M","R","E"],"build_version":"2018-12-20","purchased_purges":0,"victory":false,"max_hp_per_floor":[71,71,71,71,71,71,71,71,71,71,71,71,71],"card_choices":[{"not_picked":["Rebound","Steam"],"picked":"Coolheaded","floor":1},{"not_picked":["Blizzard","Doom and Gloom"],"picked":"Electrodynamics","floor":4},{"not_picked":["Stack","Sweeping Beam"],"picked":"Hologram","floor":5},{"not_picked":["Steam","Beam Cell"],"picked":"Conserve Battery","floor":6},{"not_picked":["Lockon","Doom and Gloom"],"picked":"Ball Lightning","floor":8},{"not_picked":["Skim","Compile Driver"],"picked":"Cold Snap","floor":10},{"not_picked":["Tempest","Go for the Eyes"],"picked":"Undo","floor":11}],"player_experience":1611718,"relics_obtained":[{"floor":6,"key":"Frozen Egg 2"},{"floor":8,"key":"Anchor"},{"floor":9,"key":"Bottled Flame"}],"event_choices":[],"is_beta":false,"boss_relics":[],"items_purged_floors":[],"is_endless":false,"potions_floor_spawned":[6,8],"killed_by":"Gremlin Nob","ascension_level":18}