{"gold_per_floor":[113,38,56,73,90,90,117,117,117,117,128,128,190,210,210,309,309,323,1,13,13,13,40,59,71,71,71,71,88,88,6,6,108,108,120,20,20,31,48,48,58,58,58,69,169,169,189,199,199,199,199,199,45,73,73],"floor_reached":55,"playtime":1940,"items_purged":["Defend_R","Strike_R"],"score":882,"play_id":"48368520-7bbc-4238-b09c-d7589ee44e95","local_time":"20190131112831","is_ascension_mode":true,"campfire_choices":[{"data":"Whirlwind","floor":6,"key":"SMITH"},{"data":"Armaments","floor":10,"key":"SMITH"},{"data":"Bash","floor":12,"key":"SMITH"},{"data":"Iron Wave","floor":15,"key":"SMITH"},{"data":"Inflame","floor":27,"key":"SMITH"},{"floor":32,"key":"REST"},{"floor":40,"key":"RECALL"},{"data":"Headbutt","floor":42,"key":"SMITH"},{"data":"Strike_R","floor":46,"key":"SMITH"},{"floor":49,"key":"REST"},{"data":"Strike_R","floor":52,"key":"SMITH"}],"neow_cost":"NONE","seed_source_timestamp":9297860898507,"circlet_count":0,"master_deck":["Strike_R+1","Strike_R+1","Defend_R","Bash+1","Whirlwind+1","Armaments+1","Iron Wave+1","True Grit+1","Headbutt+1","Offering+1","Inflame+1","Anger+1","Double Tap+1","Spot Weakness+1","Inflame+1","Shrug It Off+1","Seeing Red+1","True Grit+1"],"relics":["Burning Blood","Pantograph","Toxic Egg 2","Singing Bowl","Astrolabe","Strange Spoon","Red Skull","Spirit Poop","Ginger","Bottled Lightning","Busted Crown","Pen Nib","Bag of Marbles"],"potions_floor_usage":[13,14,20,29,35,35,50,50,50,55],"damage_taken":[{"damage":0,"enemies":"2 Louse","floor":1,"turns":3},{"damage":0,"enemies":"Small Slimes","floor":3,"turns":3},{"damage":6,"enemies":"Cultist","floor":4,"turns":3},{"damage":13,"enemies":"Blue Slaver","floor":5,"turns":4},{"damage":30,"enemies":"Gremlin Nob","floor":7,"turns":5},{"damage":0,"enemies":"Large Slime","floor":11,"turns":5},{"damage":3,"enemies":"Gremlin Nob","floor":13,"turns":3},{"damage":23,"enemies":"Exordium Thugs","floor":14,"turns":5},{"damage":50,"enemies":"Slime Boss","floor":16,"turns":10},{"damage":0,"enemies":"Spheric Guardian","floor":18,"turns":3},{"damage":12,"enemies":"2 Thieves","floor":20,"turns":2},{"damage":40,"enemies":"Slavers","floor":23,"turns":2},{"damage":6,"enemies":"Centurion and Healer","floor":24,"turns":2},{"damage":24,"enemies":"Snake Plant","floor":25,"turns":4},{"damage":12,"enemies":"3 Cultists","floor":29,"turns":3},{"damage":33,"enemies":"Champ","floor":33,"turns":6},{"damage":11,"enemies":"3 Shapes","floor":35,"turns":4},{"damage":9,"enemies":"Orb Walker","floor":38,"turns":2},{"damage":6,"enemies":"Sphere and 2 Shapes","floor":39,"turns":2},{"damage":15,"enemies":"Transient","floor":41,"turns":5},{"damage":17,"enemies":"3 Darklings","floor":44,"turns":3},{"damage":24,"enemies":"Spire Growth","floor":47,"turns":3},{"damage":12,"enemies":"Maw","floor":48,"turns":4},{"damage":35,"enemies":"Donu and Deca","floor":50,"turns":3},{"damage":53,"enemies":"Shield and Spear","floor":54,"turns":3},{"damage":89,"enemies":"The Heart","floor":55,"turns":3}],"seed_played":"2093186030570429631","potions_obtained":[{"floor":5,"key":"Dexterity Potion"},{"floor":7,"key":"Strength Potion"},{"floor":13,"key":"Weak Potion"},{"floor":16,"key":"Fire Potion"},{"floor":24,"key":"PowerPotion"},{"floor":25,"key":"Regen Potion"},{"floor":29,"key":"Block Potion"},{"floor":30,"key":"Explosive Potion"},{"floor":35,"key":"SpeedPotion"},{"floor":41,"key":"LiquidBronze"},{"floor":54,"key":"Dexterity Potion"}],"is_trial":false,"path_per_floor":["M","$","M","M","M","R","E","?","T","R","M","R","?","M","R","B",null,"M","$","M","?","?","E","M","M","T","R","?","M","?","$","R","B",null,"M","$","?","M","M","R","M","R","T","M","?","R","M","M","R","B",null,"R","$","E","B"],"character_chosen":"IRONCLAD","items_purchased":["Strange Spoon","Spot Weakness+1","Inflame","Seeing Red+1","Pen Nib"],"campfire_rested":2,"item_purchase_floors":[19,19,19,31,53],"current_hp_per_floor":[86,86,88,88,81,81,57,57,57,57,63,63,68,53,53,34,78,86,86,82,82,82,48,50,34,34,34,34,30,30,30,60,60,93,99,99,99,98,100,100,93,93,93,84,84,84,68,64,99,89,111,111,111,64,0],"gold":73,"neow_bonus":"TEN_PERCENT_HP_BONUS","is_prod":false,"is_daily":false,"chose_seed":false,"campfire_upgraded":8,"win_rate":0,"timestamp":1548930511,"path_taken":["M","$","M","M","M","R","E","?","T","R","M","R","?","M","R","BOSS","M","$","M","?","?","E","?","M","T","R","?","M","?","$","R","BOSS","M","$","?","M","?","R","M","R","T","M","?","R","M","?","R","BOSS","R","$","E","BOSS"],"build_version":"2019-01-23","purchased_purges":2,"victory":false,"max_hp_per_floor":[88,88,88,88,88,88,88,88,88,88,88,88,90,92,92,92,92,94,94,96,96,96,96,98,100,100,100,100,102,102,102,102,104,104,106,106,106,108,110,110,112,112,112,114,114,114,116,118,118,118,118,118,118,118,118],"card_choices":[{"not_picked":["Shrug It Off","Rupture"],"picked":"Whirlwind","floor":1},{"not_picked":["Cleave","Blood for Blood","Pommel Strike"],"picked":"SKIP","floor":3},{"not_picked":["Heavy Blade","Wild Strike"],"picked":"Armaments","floor":4},{"not_picked":["Burning Pact","Feel No Pain"],"picked":"Iron Wave","floor":5},{"not_picked":["Blood for Blood","Flex"],"picked":"True Grit","floor":7},{"not_picked":["Thunderclap","Dark Embrace"],"picked":"Headbutt","floor":11},{"not_picked":["Flex+1","Bloodletting+1","Rampage"],"picked":"Singing Bowl","floor":13},{"not_picked":["Heavy Blade","Pommel Strike","Pummel"],"picked":"Singing Bowl","floor":14},{"not_picked":["Feed","Double Tap+1"],"picked":"Offering+1","floor":16},{"not_picked":["Armaments+1","Body Slam","Clothesline+1"],"picked":"Singing Bowl","floor":18},{"not_picked":["Wild Strike+1","Armaments+1","Cleave"],"picked":"Singing Bowl","floor":20},{"not_picked":["Warcry+1","Immolate"],"picked":"Shrug It Off+1","floor":23},{"not_picked":["Heavy Blade","Pommel Strike","Thunderclap"],"picked":"Singing Bowl","floor":24},{"not_picked":["Combust","Wild Strike","Pommel Strike"],"picked":"Singing Bowl","floor":25},{"not_picked":["Headbutt+1","Rupture","Burning Pact+1"],"picked":"Singing Bowl","floor":29},{"not_picked":["Exhume+1","Juggernaut","Bludgeon"],"picked":"Singing Bowl","floor":33},{"not_picked":["Cleave+1"],"picked":"Singing Bowl","floor":35},{"not_picked":["Headbutt"],"picked":"Singing Bowl","floor":38},{"not_picked":["Feel No Pain"],"picked":"Singing Bowl","floor":39},{"not_picked":["Anger"],"picked":"Singing Bowl","floor":41},{"not_picked":["Flex+1"],"picked":"Singing Bowl","floor":44},{"not_picked":["Reckless Charge+1"],"picked":"Singing Bowl","floor":47},{"not_picked":["Pommel Strike"],"picked":"Singing Bowl","floor":48},{"not_picked":[],"picked":"True Grit+1","floor":54}],"player_experience":225210,"relics_obtained":[{"floor":7,"key":"Pantograph"},{"floor":9,"key":"Toxic Egg 2"},{"floor":13,"key":"Singing Bowl"},{"floor":23,"key":"Ginger"},{"floor":26,"key":"Bottled Lightning"},{"floor":54,"key":"Bag of Marbles"}],"event_choices":[{"damage_healed":0,"gold_gain":0,"player_choice":"Grow","damage_taken":0,"max_hp_gain":0,"max_hp_loss":0,"event_name":"Living Wall","floor":8,"gold_loss":0,"cards_upgraded":["True Grit"]},{"damage_healed":0,"gold_gain":30,"player_choice":"Searched \u00272\u0027 times","damage_taken":0,"max_hp_gain":0,"max_hp_loss":0,"event_name":"Dead Adventurer","floor":13,"gold_loss":0},{"damage_healed":0,"gold_gain":0,"player_choice":"Stole Relic","damage_taken":0,"relics_obtained":["Red Skull"],"max_hp_gain":0,"max_hp_loss":0,"event_name":"Addict","floor":21,"gold_loss":0,"cards_obtained":["Shame"]},{"cards_removed":["Shame"],"damage_healed":0,"gold_gain":0,"player_choice":"Offered Curse","damage_taken":0,"relics_obtained":["Spirit Poop"],"max_hp_gain":0,"max_hp_loss":0,"event_name":"Bonfire Elementals","floor":22,"gold_loss":0},{"damage_healed":0,"gold_gain":0,"player_choice":"Ignored","damage_taken":0,"max_hp_gain":0,"max_hp_loss":0,"event_name":"Beggar","floor":28,"gold_loss":0},{"damage_healed":0,"gold_gain":0,"player_choice":"Got Potions","damage_taken":0,"max_hp_gain":0,"max_hp_loss":0,"event_name":"Lab","floor":30,"gold_loss":0},{"cards_removed":["Defend_R"],"damage_healed":0,"gold_gain":0,"player_choice":"Purged","damage_taken":0,"max_hp_gain":0,"max_hp_loss":0,"event_name":"Purifier","floor":37,"gold_loss":0},{"damage_healed":0,"gold_gain":100,"player_choice":"Pray","damage_taken":0,"max_hp_gain":0,"max_hp_loss":0,"event_name":"Golden Shrine","floor":45,"gold_loss":0}],"is_beta":true,"boss_relics":[{"not_picked":["Cursed Key","Eternal Feather"],"picked":"Astrolabe"},{"not_picked":["Snecko Eye","White Beast Statue"],"picked":"Busted Crown"}],"items_purged_floors":[2,36],"is_endless":false,"potions_floor_spawned":[5,7,13,16,24,25,29,33,35,41,54],"killed_by":"The Heart","ascension_level":6}