{"gold_per_floor":[113,127,146,146,246,246,280,292,315,315,334,353,353,385,385,385],"floor_reached":16,"playtime":554,"items_purged":[],"score":134,"play_id":"e0de990d-1331-43b0-8a48-74d4911dc54e","local_time":"20180813235350","is_ascension_mode":true,"campfire_choices":[{"data":"Sucker Punch","floor":6,"key":"SMITH"},{"floor":10,"key":"REST"},{"floor":15,"key":"REST"}],"neow_cost":"","seed_source_timestamp":14807654800227,"circlet_count":0,"master_deck":["Defend_G","Defend_G","Defend_G","Defend_G","Strike_G","Strike_G","Strike_G+1","Strike_G","Strike_G+1","Survivor","Neutralize","All Out Attack","Dagger Throw","Sucker Punch+1","Skewer","Slice","Prepared","Dagger Spray","Flying Knee","Flying Knee"],"relics":["Ring of the Snake","Whetstone","Omamori","Anchor"],"potions_floor_usage":[7,7,14,14,16],"damage_taken":[{"damage":6,"enemies":"Small Slimes","floor":1,"turns":4},{"damage":0,"enemies":"Cultist","floor":2,"turns":4},{"damage":2,"enemies":"Jaw Worm","floor":3,"turns":3},{"damage":32,"enemies":"Lagavulin","floor":7,"turns":7},{"damage":13,"enemies":"Large Slime","floor":8,"turns":5},{"damage":6,"enemies":"Gremlin Gang","floor":11,"turns":4},{"damage":7,"enemies":"3 Louse","floor":12,"turns":2},{"damage":1,"enemies":"Gremlin Nob","floor":14,"turns":3},{"damage":47,"enemies":"Hexaghost","floor":16,"turns":10}],"seed_played":"-2769944847612432007","potions_obtained":[{"floor":2,"key":"Weak Potion"},{"floor":3,"key":"SteroidPotion"},{"floor":11,"key":"Strength Potion"},{"floor":13,"key":"SpeedPotion"},{"floor":13,"key":"PowerPotion"},{"floor":13,"key":"Swift Potion"}],"is_trial":false,"path_per_floor":["M","M","M","?","?","R","E","M","T","R","M","M","?","E","R"],"character_chosen":"THE_SILENT","items_purchased":[],"campfire_rested":2,"item_purchase_floors":[],"current_hp_per_floor":[64,64,62,62,62,62,30,17,17,38,32,25,25,24,45,0],"gold":385,"neow_bonus":"","is_prod":false,"is_daily":false,"chose_seed":false,"campfire_upgraded":1,"win_rate":0,"timestamp":1534197230,"path_taken":["M","M","M","?","?","R","E","M","T","R","?","?","?","E","R","BOSS"],"build_version":"2018-08-08","purchased_purges":0,"victory":false,"max_hp_per_floor":[70,70,70,70,70,70,70,70,70,70,70,70,70,70,70,70],"card_choices":[{"not_picked":["Outmaneuver","Riddle With Holes"],"picked":"All Out Attack","floor":1},{"not_picked":["Acrobatics","Outmaneuver"],"picked":"Dagger Throw","floor":2},{"not_picked":["Reflex","Skewer"],"picked":"Sucker Punch","floor":3},{"not_picked":["Sucker Punch","Tactician"],"picked":"Slice","floor":7},{"not_picked":["Finisher","Bane"],"picked":"Prepared","floor":8},{"not_picked":["Prepared","Blade Dance"],"picked":"Dagger Spray","floor":11},{"not_picked":["Deadly Poison","Outmaneuver"],"picked":"Flying Knee","floor":12},{"not_picked":["PiercingWail","Choke"],"picked":"Flying Knee","floor":14}],"player_experience":402261,"relics_obtained":[{"floor":7,"key":"Whetstone"},{"floor":9,"key":"Omamori"},{"floor":14,"key":"Anchor"}],"event_choices":[{"event_name":"Transmorgrifier","player_choice":"Transform","floor":4,"damage_taken":0},{"event_name":"Golden Shrine","player_choice":"Pray","floor":5,"damage_taken":0},{"event_name":"The Lab","player_choice":"Got Potions","floor":13,"damage_taken":0}],"is_beta":true,"boss_relics":[],"items_purged_floors":[],"is_endless":false,"potions_floor_spawned":[2,3,11],"killed_by":"Hexaghost","ascension_level":4}