{"gold_per_floor":[15,190,115,134,114,114,143,143,143,143,175,192,192,209,209,281,281,293,148,148,148,166,200,200,219,219,219,232,232,331,331],"floor_reached":31,"playtime":1141,"items_purged":["Doubt"],"score":456,"play_id":"6a169a17-b611-420a-ac6f-c346cdad9448","local_time":"20190131215420","is_ascension_mode":true,"campfire_choices":[{"data":"Poisoned Stab","floor":6,"key":"SMITH"},{"floor":8,"key":"REST"},{"floor":10,"key":"REST"},{"data":"Catalyst","floor":13,"key":"SMITH"},{"data":"Terror","floor":15,"key":"SMITH"},{"data":"Footwork","floor":24,"key":"SMITH"},{"floor":27,"key":"REST"}],"neow_cost":"NO_GOLD","seed_source_timestamp":268846956345362,"circlet_count":0,"master_deck":["AscendersBane","Defend_G","Defend_G","Defend_G","Defend_G","Defend_G","Strike_G","Strike_G","Strike_G","Strike_G","Strike_G","Survivor","Neutralize","Poisoned Stab+1","Catalyst+1","Well Laid Plans","Terror+1","Blur","Flying Knee","Night Terror+1","Poisoned Stab","Footwork+1","Crippling Poison","Injury","Dagger Spray+1","Necronomicurse"],"relics":["Ring of the Snake","Matryoshka","Vajra","Pantograph","Bag of Preparation","Cursed Key","PreservedInsect","Strawberry","The Courier","Bottled Lightning","Necronomicon"],"potions_floor_usage":[16,16,23],"damage_taken":[{"damage":0,"enemies":"2 Louse","floor":1,"turns":3},{"damage":2,"enemies":"Cultist","floor":4,"turns":4},{"damage":66,"enemies":"3 Sentries","floor":7,"turns":15},{"damage":22,"enemies":"Lagavulin","floor":11,"turns":5},{"damage":3,"enemies":"Jaw Worm","floor":12,"turns":3},{"damage":5,"enemies":"2 Fungi Beasts","floor":14,"turns":2},{"damage":21,"enemies":"Hexaghost","floor":16,"turns":8},{"damage":33,"enemies":"Spheric Guardian","floor":18,"turns":5},{"damage":10,"enemies":"Shell Parasite","floor":22,"turns":4},{"damage":26,"enemies":"Gremlin Leader","floor":23,"turns":4},{"damage":8,"enemies":"Sentry and Sphere","floor":25,"turns":6},{"damage":14,"enemies":"Shelled Parasite and Fungi","floor":28,"turns":5},{"damage":33,"enemies":"Snake Plant","floor":31,"turns":3}],"seed_played":"1900233920305266832","potions_obtained":[{"floor":4,"key":"Weak Potion"},{"floor":5,"key":"LiquidBronze"},{"floor":16,"key":"SteroidPotion"},{"floor":22,"key":"Weak Potion"}],"is_trial":false,"path_per_floor":["M","?","$","M","?","R","E","R","T","R","E","M","R","M","R","B",null,"M","$","?","?","M","E","R","M","T","R","M","?","?","M"],"character_chosen":"THE_SILENT","items_purchased":["PreservedInsect"],"campfire_rested":3,"item_purchase_floors":[19],"current_hp_per_floor":[77,77,77,75,75,75,9,34,34,59,37,34,34,29,29,33,71,38,38,66,66,56,37,37,29,29,56,42,26,26,0],"gold":331,"neow_bonus":"TWENTY_PERCENT_HP_BONUS","is_prod":false,"is_daily":false,"chose_seed":false,"campfire_upgraded":4,"win_rate":0,"timestamp":1548993260,"path_taken":["M","?","$","M","?","R","E","R","T","R","E","M","R","?","R","BOSS","M","$","?","?","?","E","R","M","T","R","M","?","?","M"],"build_version":"2019-01-23","purchased_purges":1,"victory":false,"max_hp_per_floor":[84,84,84,84,84,84,84,84,84,84,84,84,84,84,84,84,84,84,84,84,84,84,91,91,91,91,91,91,91,91,91],"card_choices":[{"not_picked":["Outmaneuver","Bane"],"picked":"Poisoned Stab","floor":1},{"not_picked":["Prepared","Dagger Spray"],"picked":"Catalyst","floor":4},{"not_picked":["Accuracy","Blade Dance"],"picked":"Well Laid Plans","floor":7},{"not_picked":["Slice","Prepared"],"picked":"Terror","floor":11},{"not_picked":["Tactician","Finisher"],"picked":"Blur","floor":12},{"not_picked":["Prepared","Reflex"],"picked":"Flying Knee","floor":14},{"not_picked":["Wraith Form v2","Storm of Steel"],"picked":"Night Terror","floor":16},{"not_picked":["Cloak And Dagger","Concentrate"],"picked":"Poisoned Stab","floor":18},{"not_picked":["Terror","Underhanded Strike","Accuracy"],"picked":"SKIP","floor":22},{"not_picked":["PiercingWail","Prepared"],"picked":"Footwork","floor":23},{"not_picked":["Poisoned Stab","Outmaneuver"],"picked":"Crippling Poison","floor":25},{"not_picked":["Riddle With Holes+1","All Out Attack"],"picked":"Dagger Spray+1","floor":28}],"player_experience":505131,"relics_obtained":[{"floor":7,"key":"Matryoshka"},{"floor":9,"key":"Vajra"},{"floor":9,"key":"Pantograph"},{"floor":11,"key":"Bag of Preparation"},{"floor":23,"key":"Strawberry"},{"floor":26,"key":"The Courier"},{"floor":26,"key":"Bottled Lightning"},{"floor":29,"key":"Necronomicon"}],"event_choices":[{"damage_healed":0,"gold_gain":175,"player_choice":"AGREE","damage_taken":0,"max_hp_gain":0,"max_hp_loss":0,"event_name":"Liars Game","floor":2,"gold_loss":0,"cards_obtained":["Doubt"]},{"damage_healed":0,"gold_gain":0,"player_choice":"Bought 1 Potion","damage_taken":0,"max_hp_gain":0,"max_hp_loss":0,"event_name":"The Woman in Blue","floor":5,"gold_loss":0},{"damage_healed":28,"gold_gain":0,"player_choice":"Heal","damage_taken":0,"max_hp_gain":0,"max_hp_loss":0,"event_name":"The Library","floor":20,"gold_loss":0},{"damage_healed":0,"gold_gain":0,"player_choice":"Upgraded","damage_taken":0,"max_hp_gain":0,"max_hp_loss":0,"event_name":"Upgrade Shrine","floor":21,"gold_loss":0,"cards_upgraded":["Night Terror"]},{"damage_healed":0,"gold_gain":0,"player_choice":"Obtained Book","damage_taken":16,"max_hp_gain":0,"max_hp_loss":0,"event_name":"Cursed Tome","floor":29,"gold_loss":0},{"damage_healed":0,"gold_gain":99,"player_choice":"Stole From Cult","damage_taken":0,"max_hp_gain":0,"max_hp_loss":0,"event_name":"Nest","floor":30,"gold_loss":0}],"is_beta":false,"boss_relics":[{"not_picked":["Ectoplasm","Empty Cage"],"picked":"Cursed Key"}],"items_purged_floors":[3],"is_endless":false,"potions_floor_spawned":[4,12,16,22],"killed_by":"Snake Plant","ascension_level":13}