{"gold_per_floor":[118,118,118,137,152,152,152,179,179,179,198,217,232,81,81,186,186,205,222,242,257,56,56,66,66,66,91,91],"floor_reached":28,"playtime":2330,"items_purged":[],"score":344,"play_id":"2a983524-72ee-4f1e-a136-e028354eeb63","local_time":"20180629081622","is_ascension_mode":true,"campfire_choices":[{"data":"True Grit","floor":6.0,"key":"SMITH"},{"floor":10.0,"key":"REST"},{"floor":15.0,"key":"REST"},{"floor":23.0,"key":"REST"},{"floor":25,"key":"REST"}],"neow_cost":"","seed_source_timestamp":0,"circlet_count":0,"master_deck":["Strike_R","Strike_R+1","Strike_R","Strike_R+1","Defend_R","Defend_R","Defend_R","Defend_R","Bash","AscendersBane","Shrug It Off","Double Tap","True Grit+1","Pummel","Armaments","Rupture","Ghostly Armor","Demon Form","Brutality","Whirlwind","Rupture+1","Flame Barrier+1","Rampage+1","Apotheosis","Reaper","Heavy Blade+1"],"special_seed":0,"relics":["Burning Blood","Regal Pillow","Oddly Smooth Stone","Whetstone","Bag of Preparation","Kunai","Velvet Choker","Mercury Hourglass","Red Mask"],"potions_floor_usage":[24,27],"damage_taken":[{"damage":13.0,"enemies":"Jaw Worm","floor":1.0,"turns":5.0},{"damage":0.0,"enemies":"Small Slimes","floor":4.0,"turns":6.0},{"damage":2.0,"enemies":"2 Louse","floor":5.0,"turns":4.0},{"damage":44.0,"enemies":"Lagavulin","floor":8.0,"turns":9.0},{"damage":12.0,"enemies":"Looter","floor":11.0,"turns":3.0},{"damage":28.0,"enemies":"Lots of Slimes","floor":12.0,"turns":7.0},{"damage":24.0,"enemies":"Gremlin Gang","floor":13.0,"turns":9.0},{"damage":22.0,"enemies":"The Guardian","floor":16.0,"turns":12.0},{"damage":24.0,"enemies":"Spheric Guardian","floor":18.0,"turns":8.0},{"damage":4.0,"enemies":"3 Byrds","floor":19.0,"turns":5.0},{"damage":41.0,"enemies":"Snake Plant","floor":20.0,"turns":6.0},{"damage":14.0,"enemies":"Sentry and Sphere","floor":21.0,"turns":7.0},{"damage":52,"enemies":"Slaver and Parasite","floor":24,"turns":6},{"damage":13,"floor":27,"turns":2},{"damage":56,"enemies":"Gremlin Leader","floor":28,"turns":4}],"seed_played":"-3781153301960792011","potions_obtained":[{"floor":8.0,"key":"Regen Potion"},{"floor":11.0,"key":"Swift Potion"},{"floor":13.0,"key":"Swift Potion"},{"floor":16.0,"key":"BloodPotion"},{"floor":20.0,"key":"SteroidPotion"},{"floor":21.0,"key":"SteroidPotion"},{"floor":24,"key":"Strength Potion"}],"is_trial":false,"path_per_floor":["M","?","?","M","M","R","T","E","T","R","M","M","M","$","R","B",null,"M","M","M","M","$","R","M","R","T","?"],"character_chosen":"IRONCLAD","items_purchased":["Demon Form","Apotheosis"],"campfire_rested":4,"item_purchase_floors":[],"current_hp_per_floor":[65,62,55,61,65,65,65,27,27,66,60,53,35,35,74,58,75,57,67,32,24,24,63,17,56,56,49,0],"gold":91,"neow_bonus":"","is_prod":false,"is_daily":false,"chose_seed":false,"campfire_upgraded":1,"win_rate":0,"timestamp":1530285382,"path_taken":["M","?","?","M","?","R","?","E","T","R","?","M","M","?","R","BOSS","M","M","?","M","$","R","M","R","T","?","E"],"build_version":"2018-06-28","purchased_purges":0,"victory":false,"max_hp_per_floor":[80,80,80,80,80,80,80,80,80,80,80,80,80,80,80,80,80,80,80,80,80,80,80,80,80,80,80,80],"card_choices":[{"not_picked":["Wild Strike","Perfected Strike"],"picked":"Shrug It Off","floor":1.0},{"not_picked":["Bloodletting","Clash"],"picked":"Double Tap","floor":4.0},{"not_picked":["Havoc","Thunderclap"],"picked":"True Grit","floor":5.0},{"not_picked":["Twin Strike","Seeing Red"],"picked":"Pummel","floor":8.0},{"not_picked":["Flame Barrier","Twin Strike"],"picked":"Armaments","floor":11.0},{"not_picked":["Flex","Clash"],"picked":"Rupture","floor":12.0},{"not_picked":["Second Wind","Body Slam"],"picked":"Ghostly Armor","floor":13.0},{"not_picked":["Double Tap","Exhume"],"picked":"Brutality","floor":16.0},{"not_picked":["Armaments","Headbutt+1"],"picked":"Whirlwind","floor":18.0},{"not_picked":["Spot Weakness","Perfected Strike+1"],"picked":"Rupture+1","floor":19.0},{"not_picked":["Inflame","Havoc"],"picked":"Flame Barrier+1","floor":20.0},{"not_picked":["Feel No Pain","Thunderclap"],"picked":"Rampage+1","floor":21.0},{"not_picked":["Twin Strike","Armaments"],"picked":"Reaper","floor":24},{"not_picked":["Havoc","Anger+1"],"picked":"Heavy Blade+1","floor":27}],"player_experience":925135,"relics_obtained":[{"floor":7.0,"key":"Whetstone"},{"floor":8.0,"key":"Bag of Preparation"},{"floor":9.0,"key":"Kunai"},{"floor":26,"key":"Mercury Hourglass"},{"floor":27,"key":"Red Mask"}],"event_choices":[{"event_name":"Scrap Ooze","player_choice":"success","floor":2.0,"damage_taken":3.0},{"event_name":"Golden Wing","player_choice":"Card Removal","floor":3.0,"damage_taken":0.0},{"event_name":"Masked Bandits","player_choice":"Fought over 66 gold","floor":27,"damage_taken":0}],"boss_relics":[{"not_picked":["Calling Bell","Empty Cage"],"picked":"Velvet Choker"}],"items_purged_floors":[],"is_endless":false,"potions_floor_spawned":[8,11,13,16,20,21,24],"killed_by":"Gremlin Leader","ascension_level":11}