{"gold_per_floor":[112,112,37,52,52,87,87,121,121,121,121,121,121,132,132,232,232,248,248,338,43,60,60,92,109,109,24,0,34,34,52,52,52],"floor_reached":33,"playtime":1190,"items_purged":["Dualcast","Strike_B"],"score":424,"play_id":"a905633f-22c2-4e02-a104-05c6a2147446","local_time":"20190104222144","is_ascension_mode":true,"campfire_choices":[{"floor":7,"key":"REST"},{"floor":10,"key":"REST"},{"data":"Finesse","floor":13,"key":"SMITH"},{"floor":15,"key":"REST"},{"data":"Storm","floor":23,"key":"SMITH"},{"data":"Fission","floor":32,"key":"SMITH"}],"neow_cost":"NONE","seed_source_timestamp":1266548186741316,"circlet_count":0,"master_deck":["Strike_B","Strike_B","Defend_B","Defend_B","Defend_B+1","Defend_B","Zap+1","Ball Lightning","Leap","Skim+1","Conserve Battery","Storm+1","Core Surge","Reinforced Body","Finesse+1","Tempest","Electrodynamics","Conserve Battery+1","Loop","Cold Snap","Hello World","Glacier+1","Conserve Battery+1","Fission+1"],"relics":["Cracked Core","WingedGreaves","Kunai","Mercury Hourglass","Nuclear Battery","Blood Vial","DataDisk","War Paint","PreservedInsect","Strawberry"],"potions_floor_usage":[24,24,24,33],"damage_taken":[{"damage":6,"enemies":"2 Louse","floor":1,"turns":2},{"damage":0,"enemies":"Cultist","floor":4,"turns":3},{"damage":33,"enemies":"Lagavulin","floor":6,"turns":7},{"damage":46,"enemies":"Gremlin Nob","floor":8,"turns":5},{"damage":0,"enemies":"Small Slimes","floor":14,"turns":3},{"damage":12,"enemies":"The Guardian","floor":16,"turns":13},{"damage":2,"enemies":"Chosen","floor":18,"turns":3},{"damage":0,"enemies":"3 Byrds","floor":22,"turns":3},{"damage":14,"enemies":"Book of Stabbing","floor":24,"turns":5},{"damage":3,"enemies":"Shelled Parasite and Fungi","floor":25,"turns":5},{"damage":0,"enemies":"Gremlin Leader","floor":29,"turns":5},{"damage":7,"enemies":"Snecko","floor":31,"turns":3},{"damage":54,"enemies":"Collector","floor":33,"turns":6}],"seed_played":"-3738081829142486918","potions_obtained":[{"floor":6,"key":"Dexterity Potion"},{"floor":8,"key":"FocusPotion"},{"floor":16,"key":"SkillPotion"},{"floor":25,"key":"Poison Potion"},{"floor":29,"key":"Swift Potion"}],"is_trial":false,"path_per_floor":["M","?","$","M","$","E","R","E","T","R","?","?","R","M","R","B",null,"M","?","?","$","M","R","E","M","T","?","?","E","$","M","R","B"],"character_chosen":"DEFECT","items_purchased":["Loop","Blood Vial"],"campfire_rested":3,"item_purchase_floors":[21,21],"current_hp_per_floor":[62,62,62,62,62,29,51,5,5,27,27,27,27,27,49,37,66,64,64,50,50,52,52,40,39,39,39,39,48,48,43,43,0],"gold":52,"neow_bonus":"THREE_CARDS","is_prod":false,"is_daily":false,"chose_seed":false,"campfire_upgraded":3,"win_rate":0,"timestamp":1546662104,"path_taken":["M","?","?","M","$","E","R","E","T","R","?","?","R","M","R","BOSS","M","?","?","$","?","R","E","M","T","?","?","E","?","M","R","BOSS"],"build_version":"2019-01-03v4","purchased_purges":2,"victory":false,"max_hp_per_floor":[75,75,75,75,75,75,75,75,75,75,75,75,75,75,75,75,75,75,75,75,75,75,75,75,75,75,75,75,82,82,82,82,82],"card_choices":[{"not_picked":["Compile Driver","Stack"],"picked":"Ball Lightning","floor":0},{"not_picked":["Stack","Auto Shields"],"picked":"Leap","floor":1},{"not_picked":["Steam Power","Fusion"],"picked":"Conserve Battery","floor":4},{"not_picked":["Sweeping Beam","Sunder"],"picked":"Storm","floor":6},{"not_picked":["FTL","Stack"],"picked":"Core Surge","floor":8},{"not_picked":["Beam Cell","Compile Driver"],"picked":"Tempest","floor":14},{"not_picked":["All For One","Amplify"],"picked":"Electrodynamics","floor":16},{"not_picked":["Stack","Redo"],"picked":"Conserve Battery+1","floor":18},{"not_picked":["Redo","Melter"],"picked":"Cold Snap","floor":22},{"not_picked":["Blizzard","Gash"],"picked":"Hello World","floor":24},{"not_picked":["Undo","Leap+1"],"picked":"Glacier+1","floor":25},{"not_picked":["Turbo","BootSequence"],"picked":"Conserve Battery+1","floor":29},{"not_picked":["Skim+1","Sunder+1"],"picked":"Fission","floor":31}],"player_experience":376158,"relics_obtained":[{"floor":6,"key":"WingedGreaves"},{"floor":8,"key":"Kunai"},{"floor":9,"key":"Mercury Hourglass"},{"floor":24,"key":"DataDisk"},{"floor":26,"key":"War Paint"},{"floor":29,"key":"Strawberry"}],"event_choices":[{"damage_healed":0,"gold_gain":0,"cards_transformed":["Strike_B"],"player_choice":"Transformed","damage_taken":0,"max_hp_gain":0,"max_hp_loss":0,"event_name":"Transmorgrifier","floor":2,"gold_loss":0,"cards_obtained":["Skim"]},{"damage_healed":0,"gold_gain":0,"player_choice":"Grow","damage_taken":0,"max_hp_gain":0,"max_hp_loss":0,"event_name":"Living Wall","floor":11,"gold_loss":0,"cards_upgraded":["Zap"]},{"damage_healed":0,"gold_gain":0,"player_choice":"2 cards matched","damage_taken":0,"max_hp_gain":0,"max_hp_loss":0,"event_name":"Match and Keep!","floor":12,"gold_loss":0,"cards_obtained":["Reinforced Body","Finesse"]},{"damage_healed":0,"gold_gain":0,"player_choice":"Ignored","damage_taken":0,"max_hp_gain":0,"max_hp_loss":0,"event_name":"Vampires","floor":19,"gold_loss":0},{"damage_healed":0,"gold_gain":90,"player_choice":"GOLD ","damage_taken":14,"max_hp_gain":0,"max_hp_loss":0,"event_name":"Knowing Skull","floor":20,"potions_obtained":[],"gold_loss":0,"cards_obtained":[]},{"damage_healed":0,"gold_gain":0,"player_choice":"Obtained Relic","damage_taken":0,"relics_obtained":["PreservedInsect"],"max_hp_gain":0,"max_hp_loss":0,"event_name":"Addict","floor":27,"gold_loss":85},{"damage_healed":0,"gold_gain":0,"player_choice":"Paid Fearfully","damage_taken":0,"max_hp_gain":0,"max_hp_loss":0,"event_name":"Masked Bandits","floor":28,"gold_loss":24}],"is_beta":false,"boss_relics":[{"not_picked":["Philosopher\u0027s Stone","Snecko Eye"],"picked":"Nuclear Battery"}],"items_purged_floors":[3,21],"is_endless":false,"potions_floor_spawned":[6,8,16,18,25,29],"killed_by":"Collector","ascension_level":7}