{"path_per_floor":["M","?","M","$","M","E","R","M","T","R","M","?","$","M","R","B",null,"M","?","?","M","?","R","E","M","T","R","M","R","E","?","R","B",null,"M","M","?","M","$","E","R","?","T","R","?","E","T","E","R","B"],"character_chosen":"IRONCLAD","items_purchased":["Flex","Headbutt","Inflame","Thunderclap","Shrug It Off","Kunai","Rupture","SteroidPotion","Dexterity Potion"],"gold_per_floor":[115,115,128,59,77,105,105,125,199,199,217,217,78,88,88,187,217,235,150,150,162,162,162,188,205,232,232,243,243,269,269,269,364,364,379,394,394,405,31,60,60,60,60,60,0,29,29,63,63,63],"floor_reached":51,"campfire_rested":1,"playtime":2034,"item_purchase_floors":[4,4,13,13,13,39,39,39,39],"current_hp_per_floor":[92,92,96,96,96,67,67,83,83,83,86,67,67,65,65,23,101,101,108,92,64,64,96,104,81,81,81,88,88,70,107,107,58,112,114,107,107,116,116,98,98,90,90,90,90,95,95,106,106,42],"items_purged":[],"gold":63,"score":1055,"play_id":"03d23563-9879-49e7-9b08-33dddb9b5875","local_time":"20180603234000","is_prod":false,"is_daily":false,"chose_seed":false,"is_ascension_mode":true,"campfire_upgraded":6,"win_rate":0,"timestamp":1528062000,"campfire_choices":[{"data":"Iron Wave","floor":7,"key":"SMITH"},{"data":"Uppercut","floor":10,"key":"SMITH"},{"data":"Fire Breathing","floor":15,"key":"SMITH"},{"floor":23,"key":"REST"},{"data":"Immolate","floor":27,"key":"SMITH"},{"data":"Inflame","floor":29,"key":"SMITH"},{"data":"Shrug It Off","floor":32,"key":"SMITH"},{"data":"1","floor":41,"key":"LIFT"},{"data":"2","floor":44,"key":"LIFT"},{"data":"3","floor":49,"key":"LIFT"}],"path_taken":["M","?","?","$","M","E","R","M","T","R","M","?","$","M","R","BOSS","M","?","?","?","?","R","E","?","T","R","M","R","E","?","R","BOSS","M","?","?","M","$","E","R","?","T","R","?","E","?","E","R","BOSS"],"build_version":"2018-05-30v2","seed_source_timestamp":20675576847808,"purchased_purges":0,"victory":true,"master_deck":["Strike_R","Strike_R","Strike_R","Strike_R","Strike_R","Defend_R+1","Defend_R","Defend_R","Defend_R","Shrug It Off+1","Bloodletting","Flex","Headbutt","Iron Wave+1","Uppercut+1","Iron Wave+1","Inflame+1","Thunderclap+1","Shrug It Off","Fire Breathing+1","Thunderclap","Perfected Strike+1","Necronomicurse","Immolate+1","Metallicize+1","Perfected Strike+1","Offering","Shrug It Off+1","Rupture","Pommel Strike+1","Finesse","Thinking Ahead","Spot Weakness+1"],"max_hp_per_floor":[96,96,96,96,96,96,96,96,96,96,96,96,96,96,96,96,101,101,108,108,108,108,108,110,110,110,110,110,110,112,112,112,112,112,114,116,116,116,116,116,116,118,118,118,118,118,118,120,120,120],"relics":["Burning Blood","Magic Flower","Gremlin Horn","Tiny House","Strawberry","Necronomicon","Singing Bowl","Bag of Marbles","Turnip","Mark of Pain","Kunai","Girya","Mercury Hourglass","Red Mask","Blue Candle","Art of War","Ornamental Fan"],"card_choices":[{"not_picked":["Sword Boomerang","Blood for Blood"],"picked":"Shrug It Off","floor":1},{"not_picked":["Heavy Blade","Power Through"],"picked":"Bloodletting","floor":3},{"not_picked":["Burning Pact","Bloodletting"],"picked":"Iron Wave","floor":5},{"not_picked":["Heavy Blade","Reckless Charge"],"picked":"Uppercut","floor":6},{"not_picked":["Pommel Strike","Anger"],"picked":"Iron Wave","floor":8},{"not_picked":["Armaments","Anger","Wild Strike"],"picked":"SKIP","floor":11},{"not_picked":["Havoc","Dual Wield"],"picked":"Fire Breathing","floor":14},{"not_picked":["Juggernaut","Reaper"],"picked":"Brutality","floor":16},{"not_picked":["Heavy Blade","Pommel Strike"],"picked":"Thunderclap","floor":17},{"not_picked":["Wild Strike+1","Cleave"],"picked":"Perfected Strike+1","floor":18},{"not_picked":["Searing Blow","Wild Strike+1"],"picked":"Immolate","floor":21},{"not_picked":["Evolve+1","Reckless Charge","Intimidate+1"],"picked":"Singing Bowl","floor":24},{"not_picked":["Clash","Shrug It Off+1"],"picked":"Metallicize+1","floor":25},{"not_picked":["Body Slam","True Grit"],"picked":"Perfected Strike+1","floor":28},{"not_picked":["Whirlwind","Entrench","Reckless Charge"],"picked":"Singing Bowl","floor":30},{"not_picked":["Exhume","Impervious"],"picked":"Offering","floor":33},{"not_picked":["Body Slam","Headbutt+1","Entrench"],"picked":"Singing Bowl","floor":35},{"not_picked":["Sever Soul+1","Body Slam+1","Anger"],"picked":"Singing Bowl","floor":36},{"not_picked":["Rampage+1","Combust"],"picked":"Shrug It Off+1","floor":38},{"not_picked":["Flex+1","Body Slam+1"],"picked":"Pommel Strike+1","floor":40},{"not_picked":["Dark Shackles","Trip","Magnetism"],"picked":"Singing Bowl","floor":42},{"not_picked":["Sadistic Nature","Bandage Up"],"picked":"Finesse","floor":42},{"not_picked":["Purity","Trip"],"picked":"Thinking Ahead","floor":42},{"not_picked":["Burning Pact","Second Wind"],"picked":"Spot Weakness+1","floor":46},{"not_picked":["Blood for Blood","Brutality","Reckless Charge"],"picked":"Singing Bowl","floor":48}],"player_experience":209666,"potions_floor_usage":[8,11,24,28,33,33,50,50],"damage_taken":[{"damage":10,"enemies":"2 Louse","floor":1,"turns":4},{"damage":0,"enemies":"Cultist","floor":3,"turns":4},{"damage":2,"enemies":"Small Slimes","floor":5,"turns":4},{"damage":35,"enemies":"Gremlin Nob","floor":6,"turns":5},{"damage":7,"enemies":"2 Fungi Beasts","floor":8,"turns":3},{"damage":6,"enemies":"Blue Slaver","floor":11,"turns":2},{"damage":11,"enemies":"Looter","floor":14,"turns":3},{"damage":51,"enemies":"Hexaghost","floor":16,"turns":10},{"damage":4,"enemies":"Chosen","floor":18,"turns":5},{"damage":37,"enemies":"3 Byrds","floor":21,"turns":4},{"damage":3,"enemies":"Gremlin Leader","floor":24,"turns":3},{"damage":32,"enemies":"Sentry and Sphere","floor":25,"turns":6},{"damage":2,"enemies":"Centurion and Healer","floor":28,"turns":2},{"damage":29,"enemies":"Book of Stabbing","floor":30,"turns":5},{"damage":58,"enemies":"Champ","floor":33,"turns":7},{"damage":0,"enemies":"Orb Walker","floor":35,"turns":1},{"damage":18,"enemies":"3 Darklings","floor":36,"turns":3},{"damage":0,"enemies":"Flame Bruiser 2 Orb","floor":38,"turns":2},{"damage":27,"enemies":"Giant Head","floor":40,"turns":6},{"damage":4,"enemies":"Nemesis","floor":46,"turns":5},{"damage":0,"enemies":"2 Orb Walkers","floor":48,"turns":3},{"damage":73,"enemies":"Awakened One","floor":50,"turns":7}],"relics_obtained":[{"floor":6,"key":"Magic Flower"},{"floor":9,"key":"Gremlin Horn"},{"floor":20,"key":"Necronomicon"},{"floor":24,"key":"Singing Bowl"},{"floor":26,"key":"Bag of Marbles"},{"floor":30,"key":"Turnip"},{"floor":40,"key":"Girya"},{"floor":43,"key":"Mercury Hourglass"},{"floor":46,"key":"Blue Candle"},{"floor":47,"key":"Art of War"},{"floor":48,"key":"Ornamental Fan"}],"event_choices":[{"event_name":"Fountain of Cleansing","player_choice":"Removed Curse","floor":2,"damage_taken":0},{"event_name":"Shining Light","player_choice":"Entered Light","floor":12,"damage_taken":0},{"event_name":"Addict","player_choice":"Obtained Relic","floor":19,"damage_taken":0},{"event_name":"Cursed Tome","player_choice":"Obtained Book","floor":20,"damage_taken":0},{"event_name":"Bonfire Elementals","player_choice":"BASIC","floor":22,"damage_taken":0},{"event_name":"The Library","player_choice":"Heal","floor":31,"damage_taken":0},{"event_name":"SensoryStone","player_choice":"Memory 3","floor":42,"damage_taken":0},{"event_name":"Tomb of Lord Red Mask","player_choice":"Paid","floor":45,"damage_taken":0}],"boss_relics":[{"not_picked":["Philosopher\u0027s Stone","Runic Pyramid"],"picked":"Tiny House"},{"not_picked":["Cursed Key","Runic Dome"],"picked":"Mark of Pain"}],"items_purged_floors":[],"potions_floor_spawned":[3,8,14,16,18,24,25,40,48],"seed_played":"-2941145416998311416","ascension_level":4,"potions_obtained":[{"floor":3,"key":"BloodPotion"},{"floor":8,"key":"AttackPotion"},{"floor":14,"key":"Strength Potion"},{"floor":16,"key":"Fire Potion"},{"floor":17,"key":"EssenceOfSteel"},{"floor":24,"key":"Explosive Potion"},{"floor":40,"key":"AttackPotion"}],"is_trial":false}