{"gold_per_floor":[114,133,150,170,220,220,233,233,257,271,20,36,36,61,61,61],"floor_reached":16,"playtime":538,"items_purged":["Strike_R"],"score":208,"play_id":"2ec505a1-a34f-4bd6-bdde-912c4b1055c9","local_time":"20181011200922","is_ascension_mode":true,"campfire_choices":[{"data":"Clothesline","floor":6,"key":"SMITH"},{"data":"Bash","floor":8,"key":"SMITH"},{"data":"Strike_R","floor":15,"key":"SMITH"}],"neow_cost":"NONE","seed_source_timestamp":284010550069652,"circlet_count":0,"master_deck":["Strike_R","Strike_R","Strike_R+1","Strike_R","Defend_R","Defend_R","Defend_R","Defend_R","Bash+1","AscendersBane","Dark Embrace","Thunderclap","Power Through","Clothesline+1","Shrug It Off","Immolate","Ghostly Armor","Evolve"],"relics":["Burning Blood","Boot","Orichalcum","Bag of Preparation"],"potions_floor_usage":[7,14,14,16],"damage_taken":[{"damage":3,"enemies":"2 Louse","floor":1,"turns":3},{"damage":2,"enemies":"Cultist","floor":2,"turns":4},{"damage":15,"enemies":"Small Slimes","floor":3,"turns":5},{"damage":33,"enemies":"Exordium Thugs","floor":4,"turns":7},{"damage":12,"enemies":"2 Fungi Beasts","floor":7,"turns":3},{"damage":12,"enemies":"Blue Slaver","floor":10,"turns":5},{"damage":6,"enemies":"Gremlin Gang","floor":12,"turns":3},{"damage":1,"enemies":"3 Sentries","floor":14,"turns":5},{"damage":0,"enemies":"Hexaghost","floor":16,"turns":9}],"seed_played":"-1230768679530136582","potions_obtained":[{"floor":2,"key":"EssenceOfSteel"},{"floor":4,"key":"Explosive Potion"},{"floor":7,"key":"SkillPotion"},{"floor":14,"key":"EssenceOfSteel"}],"is_trial":false,"path_per_floor":["M","M","M","M","?","R","M","R","T","M","$","M","?","E","R"],"character_chosen":"IRONCLAD","items_purchased":["Immolate"],"campfire_rested":0,"item_purchase_floors":[11],"current_hp_per_floor":[71,75,66,39,39,39,33,33,33,27,27,27,22,27,27,27],"gold":61,"neow_bonus":"ONE_RANDOM_RARE_CARD","is_prod":false,"is_daily":false,"chose_seed":false,"campfire_upgraded":3,"win_rate":0,"timestamp":1539313762,"path_taken":["M","M","M","M","?","R","M","R","T","M","?","M","?","E","R","BOSS"],"build_version":"2018-10-10","purchased_purges":1,"victory":false,"max_hp_per_floor":[75,75,75,75,75,75,75,75,75,75,75,75,75,75,75,75],"card_choices":[{"not_picked":["Iron Wave","Wild Strike"],"picked":"Thunderclap","floor":1},{"not_picked":["Rupture","Havoc"],"picked":"Power Through","floor":2},{"not_picked":["Hemokinesis","Thunderclap"],"picked":"Clothesline","floor":3},{"not_picked":["Clash","Corruption","Clothesline"],"picked":"SKIP","floor":4},{"not_picked":["Body Slam","Wild Strike"],"picked":"Shrug It Off","floor":7},{"not_picked":["Body Slam","Flex","Cleave"],"picked":"SKIP","floor":10},{"not_picked":["Shrug It Off","Anger"],"picked":"Ghostly Armor","floor":12},{"not_picked":["Warcry","Pummel"],"picked":"Evolve","floor":14}],"player_experience":886745,"relics_obtained":[{"floor":9,"key":"Boot"},{"floor":14,"key":"Bag of Preparation"}],"event_choices":[{"event_name":"Golden Shrine","player_choice":"Pray","floor":5,"damage_taken":0},{"event_name":"Scrap Ooze","player_choice":"success","floor":13,"damage_taken":5}],"is_beta":true,"boss_relics":[],"items_purged_floors":[11],"is_endless":false,"potions_floor_spawned":[2,4,7,14],"killed_by":"Hexaghost","ascension_level":20}