{"gold_per_floor":[114,114,114,130,153,189,189],"floor_reached":7,"playtime":400,"items_purged":[],"score":77,"play_id":"ace2f6bb-2793-4262-9e4f-fdd11baf246d","local_time":"20190117035508","is_ascension_mode":true,"campfire_choices":[],"neow_cost":"TEN_PERCENT_HP_LOSS","seed_source_timestamp":192567742973122,"circlet_count":0,"master_deck":["AscendersBane","Strike_B","Strike_B","Strike_B","Strike_B","Defend_B","Defend_B","Defend_B","Defend_B","Zap","Dualcast","Echo Form","Gash","Injury","Gash","Steam","Go for the Eyes"],"relics":["Cracked Core","Golden Idol","Lantern"],"potions_floor_usage":[6],"damage_taken":[{"damage":9,"enemies":"Jaw Worm","floor":1,"turns":3},{"damage":10,"enemies":"2 Louse","floor":4,"turns":3},{"damage":6,"enemies":"Cultist","floor":5,"turns":3},{"damage":46,"enemies":"Lagavulin","floor":6,"turns":8},{"damage":14,"enemies":"Lots of Slimes","floor":7,"turns":2}],"seed_played":"-279096897723834134","potions_obtained":[{"floor":1,"key":"Regen Potion"},{"floor":6,"key":"Energy Potion"}],"is_trial":false,"path_per_floor":["M","?","?","M","M","E","M"],"character_chosen":"DEFECT","items_purchased":[],"campfire_rested":0,"item_purchase_floors":[],"current_hp_per_floor":[59,59,59,49,43,11,0],"gold":189,"neow_bonus":"THREE_RARE_CARDS","is_prod":false,"is_daily":false,"chose_seed":false,"campfire_upgraded":0,"win_rate":0,"timestamp":1547715308,"path_taken":["M","?","?","M","M","E","M"],"build_version":"2019-01-10","purchased_purges":0,"victory":false,"max_hp_per_floor":[68,68,68,68,68,68,68],"card_choices":[{"not_picked":["Machine Learning","Core Surge"],"picked":"Echo Form","floor":0},{"not_picked":["White Noise","Redo"],"picked":"Gash","floor":1},{"not_picked":["Hologram","Streamline"],"picked":"Gash","floor":4},{"not_picked":["Turbo","Darkness"],"picked":"Steam","floor":5},{"not_picked":["Biased Cognition","Rebound"],"picked":"Go for the Eyes","floor":6}],"player_experience":521602,"relics_obtained":[{"floor":6,"key":"Lantern"}],"event_choices":[{"damage_healed":0,"gold_gain":0,"player_choice":"Take Wound","damage_taken":0,"relics_obtained":["Golden Idol"],"max_hp_gain":0,"max_hp_loss":0,"event_name":"Golden Idol","floor":2,"gold_loss":0,"cards_obtained":["Injury"]},{"damage_healed":0,"gold_gain":0,"player_choice":"Ignored","damage_taken":0,"max_hp_gain":0,"max_hp_loss":0,"event_name":"Golden Wing","floor":3,"gold_loss":0}],"is_beta":false,"boss_relics":[],"items_purged_floors":[],"is_endless":false,"potions_floor_spawned":[1,6],"killed_by":"Lots of Slimes","ascension_level":10}