{"gold_per_floor":[110,285,285,298,45,76,76,101,101,118,169,169,169,149,149,274,274,307,327,327,87,106,160,171,86,86,86,105,139,139,198,198,316,316,332,349,362,18,36,70,70,96,96,96,121,158,189,239,239,239,239,239,19,72,72],"floor_reached":55,"playtime":4192,"items_purged":["Doubt","Strike_B"],"score":1587,"play_id":"7b3384a9-19fe-4b5a-a280-dc7032c6ac31","local_time":"20190127153649","is_ascension_mode":true,"campfire_choices":[{"data":"Fission","floor":7,"key":"SMITH"},{"data":"Fusion","floor":12,"key":"SMITH"},{"floor":15,"key":"REST"},{"data":"Zap","floor":27,"key":"SMITH"},{"data":"Creative AI","floor":32,"key":"SMITH"},{"data":"Thunder Strike","floor":44,"key":"SMITH"},{"floor":49,"key":"RECALL"},{"data":"Capacitor","floor":52,"key":"SMITH"}],"neow_cost":"NONE","seed_source_timestamp":1197578458400265,"circlet_count":0,"master_deck":["AscendersBane","Strike_B","Strike_B","Defend_B","Defend_B","Defend_B","Defend_B","Zap+1","Dualcast","Fusion+1","Fission+1","Skim","HandOfGreed","Electrodynamics","Capacitor+1","Leap+1","Creative AI+1","Self Repair","Conserve Battery+1","Ghostly+1","Ghostly+1","Ghostly+1","Ghostly+1","Ghostly+1","Echo Form","Conserve Battery+1","Loop","Tempest+1","Self Repair","Heatsinks+1","Thunder Strike+1","Chill+1","Stack+1","Ball Lightning","Force Field+1","Stack+1","Consume+1","Storm","Fission+1"],"relics":["Cracked Core","NeowsBlessing","Blue Candle","Toxic Egg 2","Orichalcum","FossilizedHelix","Velvet Choker","Bottled Lightning","Kunai","Darkstone Periapt","Singing Bowl","Coffee Dripper","Mummified Hand","Lantern","Bird Faced Urn","Art of War","Calipers","Strawberry","Anchor"],"potions_floor_usage":[10,11,19],"damage_taken":[{"damage":0,"enemies":"2 Louse","floor":1,"turns":1},{"damage":0,"enemies":"Jaw Worm","floor":4,"turns":1},{"damage":0,"enemies":"Gremlin Nob","floor":6,"turns":1},{"damage":30,"enemies":"Lagavulin","floor":8,"turns":5},{"damage":1,"enemies":"Small Slimes","floor":10,"turns":3},{"damage":19,"enemies":"3 Sentries","floor":11,"turns":7},{"damage":23,"enemies":"The Guardian","floor":16,"turns":14},{"damage":24,"enemies":"Shell Parasite","floor":18,"turns":9},{"damage":9,"enemies":"Chosen","floor":19,"turns":5},{"damage":16,"enemies":"Snake Plant","floor":22,"turns":5},{"damage":16,"enemies":"Slavers","floor":23,"turns":8},{"damage":0,"enemies":"Shelled Parasite and Fungi","floor":24,"turns":10},{"damage":0,"enemies":"Snecko","floor":28,"turns":5},{"damage":21,"enemies":"Book of Stabbing","floor":29,"turns":7},{"damage":0,"enemies":"Centurion and Healer","floor":31,"turns":9},{"damage":0,"enemies":"Champ","floor":33,"turns":13},{"damage":0,"enemies":"Orb Walker","floor":35,"turns":5},{"damage":0,"enemies":"3 Darklings","floor":36,"turns":4},{"damage":0,"enemies":"Transient","floor":37,"turns":5},{"damage":0,"enemies":"Jaw Worm Horde","floor":39,"turns":3},{"damage":0,"enemies":"Reptomancer","floor":40,"turns":6},{"damage":12,"enemies":"Nemesis","floor":42,"turns":9},{"damage":0,"enemies":"Giant Head","floor":45,"turns":8},{"damage":0,"enemies":"Sphere and 2 Shapes","floor":46,"turns":5},{"damage":0,"enemies":"4 Shapes","floor":47,"turns":6},{"damage":7,"enemies":"Nemesis","floor":48,"turns":7},{"damage":19,"enemies":"Awakened One","floor":50,"turns":10},{"damage":0,"enemies":"Shield and Spear","floor":54,"turns":6},{"damage":64,"enemies":"The Heart","floor":55,"turns":3}],"seed_played":"-6134481803112619874","potions_obtained":[{"floor":1,"key":"SkillPotion"},{"floor":6,"key":"Poison Potion"},{"floor":11,"key":"Explosive Potion"},{"floor":14,"key":"Block Potion"},{"floor":19,"key":"FearPotion"}],"is_trial":false,"path_per_floor":["M","?","?","M","$","E","R","E","T","M","E","R","?","?","R","B",null,"M","M","?","$","M","E","M","?","T","R","M","E","$","M","R","B",null,"M","M","M","$","M","E","?","E","T","R","E","M","M","E","R","B",null,"R","$","E","B"],"character_chosen":"DEFECT","items_purchased":["HandOfGreed","Echo Form","FairyPotion","Mummified Hand","Storm","Strawberry"],"campfire_rested":1,"item_purchase_floors":[5,21,21,38,53,53],"current_hp_per_floor":[68,68,68,68,68,68,68,38,38,37,18,18,18,18,40,17,61,37,35,35,35,26,17,24,24,24,24,24,17,17,39,39,39,39,41,41,41,41,41,43,43,43,43,43,43,43,45,47,47,47,47,47,54,54,0],"gold":72,"neow_bonus":"THREE_ENEMY_KILL","is_prod":false,"is_daily":false,"chose_seed":false,"campfire_upgraded":6,"win_rate":0,"timestamp":1548625009,"path_taken":["M","?","?","?","$","E","R","E","T","M","E","R","?","?","R","BOSS","M","?","?","$","M","E","M","?","T","R","M","E","?","M","R","BOSS","M","M","?","$","M","E","?","E","T","R","E","M","M","E","R","BOSS","R","$","E","BOSS"],"build_version":"2019-01-23","purchased_purges":2,"victory":false,"max_hp_per_floor":[75,75,75,75,75,75,75,75,75,75,75,75,75,75,75,75,75,75,75,37,37,37,37,37,37,37,37,37,37,37,39,39,39,39,41,41,41,41,41,43,43,43,43,43,43,43,45,47,47,47,47,47,54,54,54],"card_choices":[{"not_picked":["Reinforced Body","Redo"],"picked":"Fusion","floor":1},{"not_picked":["Barrage","Double Energy","Skim"],"picked":"SKIP","floor":4},{"not_picked":["Barrage","Double Energy"],"picked":"Skim","floor":4},{"not_picked":["Sweeping Beam","Turbo"],"picked":"Electrodynamics","floor":6},{"not_picked":["Streamline","Coolheaded"],"picked":"Capacitor","floor":8},{"not_picked":["Blizzard","Cold Snap"],"picked":"Leap+1","floor":10},{"not_picked":["Hyperbeam","Streamline"],"picked":"Ball Lightning","floor":11},{"not_picked":["Electrodynamics","All For One"],"picked":"Creative AI","floor":16},{"not_picked":["Reprogram+1","Loop"],"picked":"Self Repair","floor":18},{"not_picked":["Turbo+1","Go for the Eyes"],"picked":"Conserve Battery+1","floor":19},{"not_picked":["Compile Driver","Double Energy+1"],"picked":"Conserve Battery+1","floor":22},{"not_picked":["Gash","Capacitor"],"picked":"Loop","floor":23},{"not_picked":["Turbo+1","Sweeping Beam"],"picked":"Tempest+1","floor":24},{"not_picked":["Reprogram+1","Core Surge"],"picked":"Self Repair","floor":28},{"not_picked":["Conserve Battery+1","Doom and Gloom"],"picked":"Heatsinks+1","floor":29},{"not_picked":["Redo+1","Compile Driver","Blizzard"],"picked":"Singing Bowl","floor":31},{"not_picked":["All For One","Creative AI"],"picked":"Thunder Strike","floor":33},{"not_picked":["Hologram+1","Redo+1","Melter+1"],"picked":"Singing Bowl","floor":35},{"not_picked":["Hologram+1","Rip and Tear+1"],"picked":"Chill+1","floor":36},{"not_picked":["Streamline","Beam Cell"],"picked":"Stack+1","floor":37},{"not_picked":["Hello World","Rebound"],"picked":"Ball Lightning","floor":39},{"not_picked":["Hologram+1","Reboot+1","Compile Driver+1"],"picked":"Singing Bowl","floor":40},{"not_picked":["Leap+1","Compile Driver"],"picked":"Force Field+1","floor":42},{"not_picked":["Rebound","Barrage+1"],"picked":"Stack+1","floor":45},{"not_picked":["Go for the Eyes+1","Hologram+1"],"picked":"Consume+1","floor":46},{"not_picked":["Barrage","FTL","Turbo+1"],"picked":"Singing Bowl","floor":47},{"not_picked":["Gash+1","Double Energy+1","Steam Power+1"],"picked":"Singing Bowl","floor":48},{"not_picked":["Coolheaded+1","Barrage+1"],"picked":"Fission+1","floor":54}],"player_experience":481261,"relics_obtained":[{"floor":6,"key":"Blue Candle"},{"floor":8,"key":"Toxic Egg 2"},{"floor":9,"key":"Orichalcum"},{"floor":11,"key":"FossilizedHelix"},{"floor":23,"key":"Bottled Lightning"},{"floor":26,"key":"Darkstone Periapt"},{"floor":29,"key":"Singing Bowl"},{"floor":40,"key":"Lantern"},{"floor":42,"key":"Bird Faced Urn"},{"floor":45,"key":"Art of War"},{"floor":48,"key":"Calipers"},{"floor":54,"key":"Anchor"}],"event_choices":[{"damage_healed":0,"gold_gain":175,"player_choice":"AGREE","damage_taken":0,"max_hp_gain":0,"max_hp_loss":0,"event_name":"Liars Game","floor":2,"gold_loss":0,"cards_obtained":["Doubt"]},{"damage_healed":0,"gold_gain":0,"cards_transformed":["Strike_B"],"player_choice":"Change","damage_taken":0,"max_hp_gain":0,"max_hp_loss":0,"event_name":"Living Wall","floor":3,"gold_loss":0,"cards_obtained":["Fission"]},{"damage_healed":0,"gold_gain":0,"player_choice":"Fled","damage_taken":0,"max_hp_gain":0,"max_hp_loss":0,"event_name":"Scrap Ooze","floor":13,"gold_loss":0},{"damage_healed":0,"gold_gain":0,"player_choice":"Bought 1 Potion","damage_taken":0,"max_hp_gain":0,"max_hp_loss":0,"event_name":"The Woman in Blue","floor":14,"gold_loss":0},{"damage_healed":0,"gold_gain":0,"player_choice":"Became a Ghost","damage_taken":0,"max_hp_gain":0,"max_hp_loss":38,"event_name":"Ghosts","floor":20,"gold_loss":0,"cards_obtained":["Ghostly","Ghostly","Ghostly","Ghostly","Ghostly"]},{"damage_healed":0,"gold_gain":0,"player_choice":"Obtained Relic","damage_taken":0,"relics_obtained":["Kunai"],"max_hp_gain":0,"max_hp_loss":0,"event_name":"Addict","floor":25,"gold_loss":85},{"cards_removed":["Ball Lightning"],"damage_healed":0,"gold_gain":0,"player_choice":"Removed Attack","damage_taken":0,"max_hp_gain":0,"max_hp_loss":0,"event_name":"Falling","floor":41,"gold_loss":0}],"is_beta":false,"boss_relics":[{"not_picked":["Sozu","Black Star"],"picked":"Velvet Choker"},{"not_picked":["Pandora\u0027s Box","Calling Bell"],"picked":"Coffee Dripper"}],"items_purged_floors":[5,38],"is_endless":false,"potions_floor_spawned":[1,6,11,19,23,29,33,36,39,40,46,47],"killed_by":"The Heart","ascension_level":12}