{"gold_per_floor":[116,80,80,45,55,88,88,115,115,115,115,115,115,16,16,113,113,124,124,142,142,152,152,251,251,251,46,46,57,84,100,100,204,204,223,223,1,12,112,112,127,3,3,3,17,17,28,28,28,28,28,28,28,28],"floor_reached":54,"playtime":2340,"items_purged":["Regret","Defend_R","Defend_R"],"score":948,"play_id":"49ac0ace-a24c-4b14-8319-67a0f939be96","local_time":"20190203213149","is_ascension_mode":true,"campfire_choices":[{"data":"Uppercut","floor":7,"key":"SMITH"},{"floor":11,"key":"REST"},{"data":"Body Slam","floor":13,"key":"SMITH"},{"data":"Iron Wave","floor":15,"key":"SMITH"},{"floor":23,"key":"REST"},{"data":"Bash","floor":25,"key":"SMITH"},{"floor":32,"key":"REST"},{"data":"Body Slam","floor":40,"key":"SMITH"},{"floor":44,"key":"REST"},{"floor":49,"key":"RECALL"},{"floor":52,"key":"REST"}],"neow_cost":"NONE","seed_source_timestamp":89126615577528,"circlet_count":0,"master_deck":["Strike_R","Strike_R","Strike_R+1","Strike_R+1","Strike_R","Defend_R","Defend_R","Bash+1","Flame Barrier","Evolve","Body Slam+1","Uppercut+1","Iron Wave+1","Offering","Iron Wave","Intimidate+1","Shrug It Off","Barricade+1","Iron Wave","Madness","Madness","Body Slam+1","Flame Barrier","Dual Wield+1","Inflame+1","Purity"],"relics":["Burning Blood","Pen Nib","Frozen Egg 2","Whetstone","Mango","The Courier","Juzu Bracelet","Mark of Pain","MutagenicStrength","FaceOfCleric","Mummified Hand","Bag of Preparation","Shuriken","Runic Pyramid","Anchor","Pocketwatch","Charon\u0027s Ashes"],"potions_floor_usage":[6,16,33,47,50,50,50],"damage_taken":[{"damage":23,"enemies":"Jaw Worm","floor":1,"turns":4},{"damage":0,"enemies":"2 Louse","floor":5,"turns":3},{"damage":34,"enemies":"Gremlin Nob","floor":6,"turns":5},{"damage":36,"enemies":"Lagavulin","floor":8,"turns":7},{"damage":36,"enemies":"The Guardian","floor":16,"turns":12},{"damage":26,"enemies":"2 Thieves","floor":18,"turns":5},{"damage":31,"enemies":"3 Byrds","floor":20,"turns":5},{"damage":7,"enemies":"Centurion and Healer","floor":22,"turns":5},{"damage":19,"enemies":"Chosen and Byrds","floor":29,"turns":5},{"damage":39,"enemies":"Book of Stabbing","floor":30,"turns":5},{"damage":8,"enemies":"3 Cultists","floor":31,"turns":4},{"damage":60,"enemies":"Champ","floor":33,"turns":10},{"damage":0,"enemies":"Orb Walker","floor":35,"turns":3},{"damage":8,"enemies":"3 Darklings","floor":38,"turns":7},{"damage":6,"enemies":"Mind Bloom Boss Battle","floor":39,"turns":3},{"damage":22,"enemies":"Jaw Worm Horde","floor":41,"turns":4},{"damage":6,"enemies":"Transient","floor":45,"turns":5},{"damage":6,"enemies":"4 Shapes","floor":47,"turns":4},{"damage":74,"enemies":"Time Eater","floor":50,"turns":9},{"damage":108,"enemies":"Shield and Spear","floor":54,"turns":5}],"seed_played":"-2509843538075536707","potions_obtained":[{"floor":1,"key":"Regen Potion"},{"floor":8,"key":"BloodPotion"},{"floor":16,"key":"Dexterity Potion"},{"floor":22,"key":"LiquidBronze"},{"floor":33,"key":"SmokeBomb"},{"floor":39,"key":"GamblersBrew"},{"floor":46,"key":"SkillPotion"},{"floor":47,"key":"SteroidPotion"}],"is_trial":false,"path_per_floor":["M","$","?","?","M","E","R","E","T","T","R","?","R","$","R","B",null,"M","?","M","?","M","R","?","R","T","$","?","M","E","M","R","B",null,"M","?","$","M","?","R","M","$","T","R","M","?","M","$","R","B",null,"R","$","E"],"character_chosen":"IRONCLAD","items_purchased":["Evolve","SteroidPotion","Bag of Preparation","Anchor","Inflame+1","Purity"],"campfire_rested":5,"item_purchase_floors":[2,14,27,37,42,42],"current_hp_per_floor":[55,55,43,63,69,53,53,37,37,37,65,65,65,65,65,44,82,62,62,37,37,37,65,65,65,65,65,95,83,51,50,79,26,81,88,75,75,74,75,75,60,60,60,90,91,91,92,92,92,25,86,106,106,0],"gold":28,"neow_bonus":"RANDOM_COMMON_RELIC","is_prod":false,"is_daily":false,"chose_seed":false,"campfire_upgraded":5,"win_rate":0,"timestamp":1549225909,"path_taken":["M","$","?","?","M","E","R","E","T","?","R","?","R","$","R","BOSS","M","?","M","?","M","R","?","R","T","$","?","M","E","M","R","BOSS","M","?","$","M","?","R","M","?","T","R","M","?","M","$","R","BOSS","R","$","E"],"build_version":"2019-01-23","purchased_purges":3,"victory":false,"max_hp_per_floor":[80,80,80,80,80,80,80,94,94,94,94,94,94,94,94,94,94,94,94,94,94,95,95,95,95,95,95,95,96,97,98,98,99,99,100,100,100,101,102,102,103,103,103,103,104,104,105,105,105,106,106,106,106,106],"card_choices":[{"not_picked":["Rupture","Bloodletting"],"picked":"Flame Barrier","floor":1},{"not_picked":["Clash","Hemokinesis"],"picked":"Body Slam","floor":5},{"not_picked":["Battle Trance","Pommel Strike"],"picked":"Uppercut","floor":6},{"not_picked":["Wild Strike","Heavy Blade"],"picked":"Iron Wave","floor":8},{"not_picked":["Immolate","Exhume"],"picked":"Offering","floor":16},{"not_picked":["Cleave","Clash","Sever Soul+1"],"picked":"SKIP","floor":18},{"not_picked":["Rampage","Pummel"],"picked":"Iron Wave","floor":20},{"not_picked":["Warcry","Twin Strike","Searing Blow"],"picked":"SKIP","floor":22},{"not_picked":["True Grit","Cleave","Sentinel"],"picked":"SKIP","floor":29},{"not_picked":["Headbutt+1","Shrug It Off"],"picked":"Intimidate+1","floor":30},{"not_picked":["Perfected Strike+1","Sentinel"],"picked":"Shrug It Off","floor":31},{"not_picked":["Berserk+1","Offering"],"picked":"Barricade+1","floor":33},{"not_picked":["Twin Strike+1","Iron Wave","Clothesline+1"],"picked":"SKIP","floor":35},{"not_picked":["Twin Strike+1","Clothesline+1"],"picked":"Iron Wave","floor":35},{"not_picked":["Intimidate+1","Heavy Blade"],"picked":"Body Slam","floor":38},{"not_picked":["Havoc+1","Thunderclap"],"picked":"Flame Barrier","floor":39},{"not_picked":["Second Wind+1","Reckless Charge+1"],"picked":"Dual Wield+1","floor":41},{"not_picked":["Flex+1","Havoc+1","Exhume"],"picked":"SKIP","floor":45},{"not_picked":["Warcry+1","Shrug It Off","Cleave+1"],"picked":"SKIP","floor":47}],"player_experience":242481,"relics_obtained":[{"floor":6,"key":"Whetstone"},{"floor":8,"key":"Mango"},{"floor":10,"key":"The Courier"},{"floor":26,"key":"Mummified Hand"},{"floor":30,"key":"Shuriken"},{"floor":39,"key":"Pocketwatch"},{"floor":43,"key":"Charon\u0027s Ashes"}],"event_choices":[{"damage_healed":0,"gold_gain":0,"player_choice":"Success","damage_taken":12,"relics_obtained":["Frozen Egg 2"],"max_hp_gain":0,"max_hp_loss":0,"event_name":"Scrap Ooze","floor":3,"gold_loss":0},{"damage_healed":20,"gold_gain":0,"player_choice":"Healed","damage_taken":0,"max_hp_gain":0,"max_hp_loss":0,"event_name":"The Cleric","floor":4,"gold_loss":35},{"damage_healed":0,"gold_gain":0,"player_choice":"Box","damage_taken":0,"relics_obtained":["Juzu Bracelet"],"max_hp_gain":0,"max_hp_loss":0,"event_name":"Big Fish","floor":12,"gold_loss":0,"cards_obtained":["Regret"]},{"damage_healed":0,"gold_gain":0,"player_choice":"Inject Mutagens","damage_taken":0,"relics_obtained":["MutagenicStrength"],"max_hp_gain":0,"max_hp_loss":0,"event_name":"Drug Dealer","floor":19,"gold_loss":0},{"damage_healed":0,"gold_gain":0,"player_choice":"Trade","damage_taken":0,"relics_obtained":["FaceOfCleric"],"max_hp_gain":0,"max_hp_loss":0,"event_name":"FaceTrader","floor":21,"gold_loss":0},{"damage_healed":0,"gold_gain":99,"player_choice":"Stole From Cult","damage_taken":0,"max_hp_gain":0,"max_hp_loss":0,"event_name":"Nest","floor":24,"gold_loss":0},{"damage_healed":31,"gold_gain":0,"player_choice":"Heal","damage_taken":0,"max_hp_gain":0,"max_hp_loss":0,"event_name":"The Library","floor":28,"gold_loss":0},{"damage_healed":0,"gold_gain":0,"player_choice":"Embrace Madness","damage_taken":13,"max_hp_gain":0,"max_hp_loss":0,"event_name":"Winding Halls","floor":36,"gold_loss":0,"cards_obtained":["Madness","Madness"]},{"damage_healed":0,"gold_gain":0,"player_choice":"Fight","damage_taken":0,"max_hp_gain":0,"max_hp_loss":0,"event_name":"MindBloom","floor":39,"gold_loss":0},{"damage_healed":0,"gold_gain":0,"player_choice":"Got Potions","damage_taken":0,"max_hp_gain":0,"max_hp_loss":0,"event_name":"Lab","floor":46,"gold_loss":0}],"is_beta":true,"boss_relics":[{"not_picked":["Pandora\u0027s Box","Orrery"],"picked":"Mark of Pain"},{"not_picked":["Sozu","Velvet Choker"],"picked":"Runic Pyramid"}],"items_purged_floors":[14,27,37],"is_endless":false,"potions_floor_spawned":[1,8,16,22,29,33,39,47],"killed_by":"Shield and Spear","ascension_level":8}