{"gold_per_floor":[109,123,123,48,48,48,81,105,155,188,188,207,207,218,218,218],"floor_reached":16,"playtime":374,"items_purged":[],"score":266,"play_id":"49158ef0-479f-40e4-ac2e-5121bccd2448","local_time":"20190125135203","is_ascension_mode":true,"campfire_choices":[{"data":"Loop","floor":6,"key":"SMITH"},{"floor":11,"key":"REST"},{"floor":13,"key":"REST"},{"data":"Sunder","floor":15,"key":"SMITH"}],"neow_cost":"NONE","seed_source_timestamp":769254104898077,"circlet_count":0,"master_deck":["AscendersBane","Strike_B+1","Strike_B","Strike_B","Strike_B","Defend_B","Defend_B","Defend_B","Defend_B+1","Zap","Dualcast","Sweeping Beam","Barrage","Loop+1","Ball Lightning","Glacier","Ball Lightning","Sunder+1","Ball Lightning"],"relics":["Cracked Core","NeowsBlessing","Potion Belt","Odd Mushroom","Anchor","Unceasing Top"],"potions_floor_usage":[8],"damage_taken":[{"damage":0,"enemies":"2 Louse","floor":1,"turns":1},{"damage":0,"enemies":"Jaw Worm","floor":2,"turns":1},{"damage":0,"enemies":"3 Sentries","floor":7,"turns":1},{"damage":18,"enemies":"The Mushroom Lair","floor":8,"turns":3},{"damage":29,"enemies":"Gremlin Nob","floor":10,"turns":5},{"damage":0,"enemies":"Cultist","floor":12,"turns":3},{"damage":5,"enemies":"Blue Slaver","floor":14,"turns":3},{"damage":43,"enemies":"The Guardian","floor":16,"turns":9}],"seed_played":"1440529969044474783","potions_obtained":[{"floor":7,"key":"SkillPotion"},{"floor":12,"key":"Weak Potion"}],"is_trial":false,"path_per_floor":["M","M","?","$","?","R","E","?","T","E","R","M","R","M","R","B"],"character_chosen":"DEFECT","items_purchased":["Loop"],"campfire_rested":2,"item_purchase_floors":[4],"current_hp_per_floor":[64,64,43,43,48,48,48,30,30,1,23,23,45,40,40,0],"gold":218,"neow_bonus":"THREE_ENEMY_KILL","is_prod":false,"is_daily":false,"chose_seed":false,"campfire_upgraded":2,"win_rate":0,"timestamp":1548453123,"path_taken":["M","M","?","$","?","R","E","?","T","E","R","?","R","M","R","BOSS"],"build_version":"2019-01-23","purchased_purges":0,"victory":false,"max_hp_per_floor":[71,71,71,71,76,76,76,76,76,76,76,76,76,76,76,76],"card_choices":[{"not_picked":["Conserve Battery","Melter"],"picked":"Sweeping Beam","floor":1},{"not_picked":["Redo","Steam"],"picked":"Barrage","floor":2},{"not_picked":["Barrage","Hologram"],"picked":"Ball Lightning","floor":7},{"not_picked":["Turbo","Buffer"],"picked":"Glacier","floor":8},{"not_picked":["Doom and Gloom","Turbo"],"picked":"Ball Lightning","floor":10},{"not_picked":["Turbo","Stack"],"picked":"Sunder","floor":12},{"not_picked":["Gash","Consume"],"picked":"Ball Lightning","floor":14}],"player_experience":1766311,"relics_obtained":[{"floor":7,"key":"Potion Belt"},{"floor":8,"key":"Odd Mushroom"},{"floor":9,"key":"Anchor"},{"floor":10,"key":"Unceasing Top"}],"event_choices":[{"damage_healed":0,"gold_gain":0,"player_choice":"Entered Light","damage_taken":21,"max_hp_gain":0,"max_hp_loss":0,"event_name":"Shining Light","floor":3,"gold_loss":0,"cards_upgraded":["Strike_B","Defend_B"]},{"damage_healed":0,"gold_gain":0,"player_choice":"Donut","damage_taken":0,"max_hp_gain":5,"max_hp_loss":0,"event_name":"Big Fish","floor":5,"gold_loss":0},{"damage_healed":0,"gold_gain":0,"player_choice":"Fought Mushrooms","damage_taken":0,"max_hp_gain":0,"max_hp_loss":0,"event_name":"Mushrooms","floor":8,"gold_loss":0}],"is_beta":false,"boss_relics":[],"items_purged_floors":[],"is_endless":false,"potions_floor_spawned":[7,12],"killed_by":"The Guardian","ascension_level":20}