{"path_per_floor":["M","?","M","?","M","R","M","?","T","M","$","T","M","M","R"],"character_chosen":"DEFECT","items_purchased":["Ancient Tea Set"],"gold_per_floor":[116,81,101,101,115,115,128,228,228,248,29,53,65,83,83,83],"floor_reached":16,"campfire_rested":2,"playtime":637,"current_hp_per_floor":[37,55,54,54,49,71,64,64,64,53,53,53,41,15,37,0],"items_purged":["Strike_B"],"gold":83,"score":94,"play_id":"6a8b3730-de64-4433-a147-9f2dbb4fbdac","local_time":"20180506115937","is_prod":false,"is_daily":false,"chose_seed":false,"is_ascension_mode":false,"campfire_upgraded":0,"timestamp":1525600777,"path_taken":["M","?","?","?","M","R","M","?","T","?","?","?","?","M","R","BOSS"],"build_version":"2018-05-03","seed_source_timestamp":11085591578003,"purchased_purges":1,"victory":false,"master_deck":["Strike_B","Strike_B","Defend_B","Defend_B","Defend_B","Defend_B","Zap","Dualcast","Ball Lightning","FTL","Coolheaded","Buffer","Capacitor","Streamline"],"max_hp_per_floor":[75,75,75,75,75,75,75,75,75,75,75,75,75,75,75,75],"relics":["Cracked Core","Peace Pipe","Calipers","Ancient Tea Set","Happy Flower"],"card_choices":[{"not_picked":["Double Energy","Stack"],"picked":"Ball Lightning","floor":1},{"not_picked":["Self Repair","Reprogram"],"picked":"FTL","floor":3},{"not_picked":["Steam Power","Capacitor"],"picked":"Coolheaded","floor":5},{"not_picked":["Beam Cell","Barrage"],"picked":"Buffer","floor":7},{"not_picked":["Rip and Tear","Defragment"],"picked":"Capacitor","floor":13},{"not_picked":["Impulse","BootSequence"],"picked":"Streamline","floor":14}],"player_experience":27541,"potions_floor_usage":[],"damage_taken":[{"damage":1,"enemies":"Small Slimes","floor":1,"turns":3},{"damage":1,"enemies":"Jaw Worm","floor":3,"turns":3},{"damage":5,"enemies":"Cultist","floor":5,"turns":4},{"damage":7,"enemies":"Exordium Wildlife","floor":7,"turns":5},{"damage":11,"enemies":"2 Fungi Beasts","floor":10,"turns":3},{"damage":12,"enemies":"Gremlin Gang","floor":13,"turns":6},{"damage":26,"enemies":"Exordium Thugs","floor":14,"turns":4},{"damage":38,"enemies":"The Guardian","floor":16,"turns":8}],"event_choices":[{"event_name":"The Cleric","player_choice":"Healed","floor":2,"damage_taken":0},{"event_name":"Living Wall","player_choice":"Forget","floor":4,"damage_taken":0},{"event_name":"Golden Shrine","player_choice":"Pray","floor":8,"damage_taken":0}],"boss_relics":[],"potions_floor_spawned":[1,13,14],"seed_played":"-2588664342936777335","killed_by":"The Guardian","ascension_level":0,"is_trial":false}