{"gold_per_floor":[114,114,132,57,72,98,98,48,48,74,90,90,90],"floor_reached":13,"playtime":346,"items_purged":["Strike_R"],"score":104,"play_id":"d49fb89a-4368-4fe1-802e-ed4fb5ea380c","local_time":"20190203192150","is_ascension_mode":true,"campfire_choices":[{"data":"True Grit","floor":7,"key":"SMITH"},{"data":"Bash","floor":12,"key":"SMITH"}],"neow_cost":"NONE","seed_source_timestamp":25066253887138,"circlet_count":0,"master_deck":["Strike_R","Strike_R","Strike_R","Defend_R","Defend_R+1","Defend_R+1","Defend_R","Bash+1","Clothesline","True Grit+1","Reckless Charge"],"relics":["Burning Blood","NeowsBlessing","War Paint","Du-Vu Doll","Meat on the Bone","Odd Mushroom"],"potions_floor_usage":[10,11],"damage_taken":[{"damage":0,"enemies":"Cultist","floor":1,"turns":1},{"damage":0,"enemies":"Jaw Worm","floor":3,"turns":1},{"damage":0,"enemies":"Small Slimes","floor":5,"turns":1},{"damage":30,"enemies":"Gremlin Nob","floor":6,"turns":5},{"damage":28,"enemies":"The Mushroom Lair","floor":10,"turns":4},{"damage":0,"enemies":"Looter","floor":11,"turns":4},{"damage":52,"enemies":"3 Sentries","floor":13,"turns":9}],"seed_played":"-5316941519012068021","potions_obtained":[{"floor":3,"key":"FearPotion"},{"floor":6,"key":"Strength Potion"},{"floor":10,"key":"Swift Potion"}],"is_trial":false,"path_per_floor":["M","T","M","$","M","E","R","?","T","?","M","R","E"],"character_chosen":"IRONCLAD","items_purchased":[],"campfire_rested":0,"item_purchase_floors":[],"current_hp_per_floor":[80,80,80,80,80,56,56,56,56,46,52,52,0],"gold":90,"neow_bonus":"THREE_ENEMY_KILL","is_prod":false,"is_daily":false,"chose_seed":false,"campfire_upgraded":2,"win_rate":0,"timestamp":1549189310,"path_taken":["M","?","?","$","?","E","R","?","T","?","M","R","E"],"build_version":"2019-01-23","purchased_purges":1,"victory":false,"max_hp_per_floor":[80,80,80,80,80,80,80,80,80,80,80,80,80],"card_choices":[{"not_picked":["Perfected Strike","Wild Strike"],"picked":"Clothesline","floor":1},{"not_picked":["Sword Boomerang","Blood for Blood","Havoc"],"picked":"SKIP","floor":3},{"not_picked":["Rupture","Wild Strike","Iron Wave"],"picked":"SKIP","floor":5},{"not_picked":["Twin Strike","Brutality"],"picked":"True Grit","floor":6},{"not_picked":["Flex","Iron Wave"],"picked":"Reckless Charge","floor":11}],"player_experience":794973,"relics_obtained":[{"floor":2,"key":"War Paint"},{"floor":6,"key":"Du-Vu Doll"},{"floor":9,"key":"Meat on the Bone"},{"floor":10,"key":"Odd Mushroom"}],"event_choices":[{"cards_removed":["Strike_R"],"damage_healed":0,"gold_gain":0,"player_choice":"Card Removal","damage_taken":0,"max_hp_gain":0,"max_hp_loss":0,"event_name":"The Cleric","floor":8,"gold_loss":50},{"damage_healed":0,"gold_gain":0,"player_choice":"Fought Mushrooms","damage_taken":0,"max_hp_gain":0,"max_hp_loss":0,"event_name":"Mushrooms","floor":10,"gold_loss":0}],"is_beta":false,"boss_relics":[],"items_purged_floors":[4],"is_endless":false,"potions_floor_spawned":[3,6,10],"killed_by":"3 Sentries","ascension_level":5}