{"gold_per_floor":[118,42,56,66,116,150,150,161,187,206,220,220,116,130,130,130],"floor_reached":16,"playtime":1060,"items_purged":["Strike_B"],"score":203,"play_id":"a5edba87-0a5e-4755-822a-c56d25ca8866","local_time":"20190102204615","is_ascension_mode":true,"campfire_choices":[{"data":"Tempest","floor":7,"key":"SMITH"},{"floor":15,"key":"REST"}],"neow_cost":"NONE","seed_source_timestamp":0,"circlet_count":0,"master_deck":["AscendersBane","Strike_B","Strike_B","Strike_B+1","Defend_B","Defend_B","Defend_B","Defend_B","Zap+1","Dualcast","Rainbow","Self Repair","Gash","Gash","Tempest+1","Skim","Cold Snap","Hologram","All For One"],"special_seed":0,"relics":["Cracked Core","Tiny Chest","Ancient Tea Set","Bag of Preparation"],"potions_floor_usage":[14,16],"damage_taken":[{"damage":12,"enemies":"Small Slimes","floor":1,"turns":3},{"damage":0,"enemies":"Cultist","floor":3,"turns":4},{"damage":0,"enemies":"2 Louse","floor":4,"turns":2},{"damage":20,"enemies":"Lagavulin","floor":6,"turns":5},{"damage":12,"enemies":"Lots of Slimes","floor":8,"turns":2},{"damage":0,"enemies":"Large Slime","floor":10,"turns":4},{"damage":4,"enemies":"Looter","floor":11,"turns":3},{"damage":1,"enemies":"Blue Slaver","floor":14,"turns":2},{"damage":41,"enemies":"Hexaghost","floor":16,"turns":7}],"seed_played":"-2767964599168374283","potions_obtained":[{"floor":4,"key":"SteroidPotion"},{"floor":8,"key":"Swift Potion"},{"floor":10,"key":"Strength Potion"}],"is_trial":false,"path_per_floor":["M","?","M","M","?","E","R","M","T","M","M","?","$","M","R","B"],"character_chosen":"DEFECT","items_purchased":["Hologram"],"campfire_rested":1,"item_purchase_floors":[13],"current_hp_per_floor":[52,52,59,59,59,46,46,34,34,34,37,16,16,15,36,0],"gold":130,"neow_bonus":"ONE_RANDOM_RARE_CARD","is_prod":false,"is_daily":false,"chose_seed":false,"campfire_upgraded":1,"win_rate":0,"timestamp":1546422375,"path_taken":["M","?","?","M","?","E","R","M","T","?","M","?","$","M","R","BOSS"],"build_version":"2018-11-15","purchased_purges":1,"victory":false,"max_hp_per_floor":[71,71,71,71,71,71,71,71,71,71,71,71,71,71,71,71],"card_choices":[{"not_picked":["Compile Driver","Reprogram"],"picked":"Self Repair","floor":1},{"not_picked":["Stack","Skim"],"picked":"Gash","floor":3},{"not_picked":["Auto Shields","Conserve Battery"],"picked":"Gash","floor":4},{"not_picked":["Compile Driver","Steam"],"picked":"Tempest","floor":6},{"not_picked":["Compile Driver","Barrage"],"picked":"Skim","floor":8},{"not_picked":["Chaos","Static Discharge","Lockon"],"picked":"SKIP","floor":10},{"not_picked":["Ball Lightning","Steam"],"picked":"Cold Snap","floor":11},{"not_picked":["Chill","Beam Cell"],"picked":"All For One","floor":14}],"player_experience":980586,"relics_obtained":[{"floor":6,"key":"Ancient Tea Set"},{"floor":9,"key":"Bag of Preparation"}],"event_choices":[{"damage_healed":0,"gold_gain":0,"player_choice":"Paid Gold","damage_taken":0,"relics_obtained":["Tiny Chest"],"max_hp_gain":0,"max_hp_loss":0,"event_name":"WeMeetAgain","floor":2,"gold_loss":106},{"damage_healed":0,"gold_gain":50,"player_choice":"Pray","damage_taken":0,"max_hp_gain":0,"max_hp_loss":0,"event_name":"Golden Shrine","floor":5,"gold_loss":0},{"damage_healed":0,"gold_gain":0,"player_choice":"Entered Light","damage_taken":21,"max_hp_gain":0,"max_hp_loss":0,"event_name":"Shining Light","floor":12,"gold_loss":0,"cards_upgraded":["Strike_B","Zap"]}],"is_beta":true,"boss_relics":[],"items_purged_floors":[13],"is_endless":false,"potions_floor_spawned":[4,8,10],"killed_by":"Hexaghost","ascension_level":19}