{"gold_per_floor":[111,125,50,69,79,105,105,125,152,152,152,152,152,81,81,81],"floor_reached":16,"playtime":718,"items_purged":["Strike_B"],"score":155,"play_id":"dc834fb2-50f8-4913-b44f-57271bf94699","local_time":"20181111140233","is_ascension_mode":true,"campfire_choices":[{"data":"Hologram","floor":7,"key":"SMITH"},{"data":"Recycle","floor":10,"key":"SMITH"},{"floor":13,"key":"REST"},{"floor":15,"key":"REST"}],"neow_cost":"NONE","seed_source_timestamp":102441164998645,"circlet_count":0,"master_deck":["AscendersBane","Strike_B+1","Strike_B","Defend_B","Defend_B","Defend_B","Defend_B+1","Zap","Dualcast","Sweeping Beam","Gash","Hologram+1","Conserve Battery","Recycle+1","Machine Learning"],"relics":["Cracked Core","NeowsBlessing","Emotion Chip","Vajra"],"potions_floor_usage":[16],"damage_taken":[{"damage":0,"enemies":"Cultist","floor":1,"turns":1},{"damage":0,"enemies":"Jaw Worm","floor":2,"turns":1},{"damage":0,"enemies":"Small Slimes","floor":4,"turns":1},{"damage":3,"enemies":"Blue Slaver","floor":5,"turns":4},{"damage":33,"enemies":"3 Sentries","floor":6,"turns":9},{"damage":0,"enemies":"Looter","floor":8,"turns":3},{"damage":37,"enemies":"Slime Boss","floor":16,"turns":6}],"seed_played":"-4996843127082061267","potions_obtained":[{"floor":2,"key":"Ancient Potion"},{"floor":6,"key":"Swift Potion"}],"is_trial":false,"path_per_floor":["M","M","$","M","M","E","R","M","T","R","?","?","R","$","R","B"],"character_chosen":"DEFECT","items_purchased":["Machine Learning"],"campfire_rested":2,"item_purchase_floors":[14],"current_hp_per_floor":[68,68,68,68,65,32,32,32,32,32,17,10,32,32,54,17],"gold":81,"neow_bonus":"THREE_ENEMY_KILL","is_prod":false,"is_daily":false,"chose_seed":false,"campfire_upgraded":2,"win_rate":0,"timestamp":1541905353,"path_taken":["M","?","$","?","M","E","R","?","T","R","?","?","R","?","R","BOSS"],"build_version":"2018-11-06","purchased_purges":1,"victory":false,"max_hp_per_floor":[75,75,75,75,75,75,75,75,75,75,75,75,75,75,75,75],"card_choices":[{"not_picked":["Rebound","Double Energy"],"picked":"Sweeping Beam","floor":1},{"not_picked":["Beam Cell","Stack"],"picked":"Gash","floor":2},{"not_picked":["White Noise","Turbo"],"picked":"Hologram","floor":4},{"not_picked":["Chaos","Self Repair"],"picked":"Conserve Battery","floor":5},{"not_picked":["Auto Shields","Compile Driver","Redo"],"picked":"SKIP","floor":6},{"not_picked":["Compile Driver","All For One"],"picked":"Recycle","floor":8}],"player_experience":751158,"relics_obtained":[{"floor":6,"key":"Emotion Chip"},{"floor":9,"key":"Vajra"}],"event_choices":[{"damage_healed":0,"gold_gain":0,"player_choice":"Entered Light","damage_taken":15,"max_hp_gain":0,"max_hp_loss":0,"event_name":"Shining Light","floor":11,"gold_loss":0,"cards_upgraded":["Defend_B","Strike_B"]},{"cards_removed":["Strike_B"],"damage_healed":0,"gold_gain":0,"player_choice":"Card Removal","damage_taken":7,"max_hp_gain":0,"max_hp_loss":0,"event_name":"Golden Wing","floor":12,"gold_loss":0}],"is_beta":true,"boss_relics":[],"items_purged_floors":[3],"is_endless":false,"potions_floor_spawned":[2,6],"killed_by":"Slime Boss","ascension_level":11}