{"gold_per_floor":[111,129,149,168,183,209,209,240,266,324,35,35,35,52,52,147,147,163,163,113,21,31,31,62,62,62,77,124,154,166,195,195,298,298,310,323,374,374,14,14,25,25,52,52,4,14,14,34,34,34],"floor_reached":51,"playtime":2483,"items_purged":[],"score":915,"play_id":"c77bf694-ef8e-4c8f-9bcb-79c77e67d0f0","local_time":"20180826141955","is_ascension_mode":true,"campfire_choices":[{"data":"Bash","floor":7,"key":"SMITH"},{"floor":13,"key":"REST"},{"floor":15,"key":"REST"},{"data":"Iron Wave","floor":23,"key":"SMITH"},{"floor":32,"key":"REST"},{"data":"Searing Blow+1","floor":40,"key":"SMITH"},{"data":"Searing Blow+2","floor":42,"key":"SMITH"},{"data":"Searing Blow+3","floor":44,"key":"SMITH"},{"data":"Searing Blow+4","floor":47,"key":"SMITH"},{"data":"Searing Blow+5","floor":49,"key":"SMITH"}],"neow_cost":"NONE","seed_source_timestamp":13599018164359,"circlet_count":0,"master_deck":["Strike_R+1","Strike_R","Strike_R","Strike_R+1","Strike_R+1","Defend_R+1","Defend_R","Defend_R+1","Bash+1","Clothesline","Thunderclap","Headbutt","Shrug It Off+1","Iron Wave+1","Clash","Intimidate+1","Finesse+1","Infernal Blade+1","Havoc+1","Offering+1","Flex+1","Infernal Blade+1","Havoc+1","Flame Barrier+1","True Grit+1","Warcry+1","Pommel Strike+1","Clash+1","Double Tap+1","Searing Blow+6","Shrug It Off+1","Brutality+1","Perfected Strike+1","Battle Trance+1","Body Slam+1","Inflame+1","Apotheosis+1","Rage+1","Havoc+1","Body Slam+1","Clash+1"],"relics":["Burning Blood","Lantern","Toxic Egg 2","Ancient Tea Set","Tiny Chest","Whetstone","Black Star","Calipers","Orichalcum","Bronze Scales","Potion Belt","Boot","Sundial","Thread and Needle","War Paint","Strawberry","Astrolabe","Charon\u0027s Ashes","Bird Faced Urn","Oddly Smooth Stone","Regal Pillow"],"potions_floor_usage":[4,6,10,22,27,27,30,31,33,36,36,50],"damage_taken":[{"damage":3,"enemies":"Small Slimes","floor":1,"turns":4},{"damage":4,"enemies":"Jaw Worm","floor":2,"turns":4},{"damage":0,"enemies":"2 Louse","floor":3,"turns":3},{"damage":22,"enemies":"Exordium Thugs","floor":4,"turns":5},{"damage":8,"enemies":"Looter","floor":5,"turns":4},{"damage":27,"enemies":"Gremlin Nob","floor":6,"turns":4},{"damage":22,"enemies":"3 Sentries","floor":8,"turns":8},{"damage":5,"enemies":"Gremlin Nob","floor":10,"turns":4},{"damage":3,"enemies":"Gremlin Gang","floor":14,"turns":3},{"damage":43,"enemies":"The Guardian","floor":16,"turns":8},{"damage":25,"enemies":"Spheric Guardian","floor":18,"turns":4},{"damage":6,"enemies":"Chosen","floor":22,"turns":2},{"damage":26,"enemies":"Gremlin Leader","floor":24,"turns":7},{"damage":9,"enemies":"Centurion and Healer","floor":27,"turns":6},{"damage":26,"enemies":"Book of Stabbing","floor":29,"turns":5},{"damage":4,"enemies":"Snake Plant","floor":30,"turns":4},{"damage":13,"enemies":"Slavers","floor":31,"turns":3},{"damage":76,"enemies":"Automaton","floor":33,"turns":10},{"damage":1,"enemies":"Orb Walker","floor":35,"turns":2},{"damage":12,"enemies":"3 Darklings","floor":36,"turns":7},{"damage":29,"enemies":"Mysterious Sphere","floor":37,"turns":4},{"damage":9,"enemies":"Mind Bloom Boss Battle","floor":38,"turns":4},{"damage":2,"enemies":"Spire Growth","floor":41,"turns":3},{"damage":10,"enemies":"Maw","floor":46,"turns":5},{"damage":0,"enemies":"Flame Bruiser 2 Orb","floor":48,"turns":2},{"damage":55,"enemies":"Time Eater","floor":50,"turns":6}],"seed_played":"-2235582022352653649","potions_obtained":[{"floor":3,"key":"SteroidPotion"},{"floor":4,"key":"BloodPotion"},{"floor":6,"key":"Ancient Potion"},{"floor":14,"key":"Regen Potion"},{"floor":22,"key":"Ancient Potion"},{"floor":29,"key":"Regen Potion"},{"floor":30,"key":"Regen Potion"},{"floor":31,"key":"GamblersBrew"},{"floor":33,"key":"PowerPotion"},{"floor":35,"key":"EssenceOfSteel"},{"floor":37,"key":"Fire Potion"},{"floor":41,"key":"Strength Potion"},{"floor":48,"key":"SteroidPotion"}],"is_trial":false,"path_per_floor":["M","M","M","M","M","E","R","E","T","E","$","?","R","M","R","B",null,"M","T","?","$","M","R","E","?","T","M","T","E","M","E","R","B",null,"M","M","?","?","$","R","M","R","T","R","$","M","R","M","R","B"],"character_chosen":"IRONCLAD","items_purchased":["Whetstone","Finesse+1","Infernal Blade+1","Infernal Blade+1","AttackPotion","Apotheosis+1","Oddly Smooth Stone","Havoc+1"],"campfire_rested":3,"item_purchase_floors":[11,11,11,21,21,39,39,45],"current_hp_per_floor":[80,80,80,64,62,49,49,33,33,34,34,18,42,45,69,32,80,61,61,61,61,61,61,41,41,41,53,53,33,44,53,79,9,87,87,81,74,71,71,71,77,77,77,77,77,82,82,87,87,40],"gold":34,"neow_bonus":"THREE_CARDS","is_prod":false,"is_daily":false,"chose_seed":false,"campfire_upgraded":7,"win_rate":0,"timestamp":1535285995,"path_taken":["M","M","M","M","M","E","R","E","T","E","$","?","R","?","R","BOSS","M","?","?","$","M","R","E","?","T","M","?","E","M","E","R","BOSS","M","M","?","?","?","R","?","R","T","R","$","M","R","M","R","BOSS"],"build_version":"2018-08-23v2","purchased_purges":0,"victory":true,"max_hp_per_floor":[80,80,80,80,80,80,80,80,80,80,80,80,80,80,80,80,80,80,80,80,80,80,80,80,80,80,80,80,80,80,87,87,87,87,87,87,87,87,87,87,87,87,87,87,87,87,87,87,87,87],"card_choices":[{"not_picked":["Sword Boomerang","True Grit"],"picked":"Clothesline","floor":0},{"not_picked":["Heavy Blade","Spot Weakness"],"picked":"Thunderclap","floor":1},{"not_picked":["True Grit","Clothesline"],"picked":"Headbutt","floor":2},{"not_picked":["Cleave","Armaments"],"picked":"Warcry","floor":3},{"not_picked":["Sever Soul","Armaments"],"picked":"Shrug It Off","floor":4},{"not_picked":["Cleave","Rupture"],"picked":"Iron Wave","floor":5},{"not_picked":["Body Slam","Feel No Pain"],"picked":"Clash","floor":6},{"not_picked":["Anger","Sword Boomerang"],"picked":"Intimidate","floor":8},{"not_picked":["Clothesline","Double Tap+1"],"picked":"Bloodletting+1","floor":10},{"not_picked":["Whirlwind","Rupture"],"picked":"Havoc+1","floor":14},{"not_picked":["Immolate","Impervious+1"],"picked":"Offering+1","floor":16},{"not_picked":["Shrug It Off+1","Inflame+1"],"picked":"Flex+1","floor":18},{"not_picked":["Clothesline","Second Wind+1"],"picked":"Havoc+1","floor":22},{"not_picked":["Sever Soul","Havoc+1"],"picked":"Flame Barrier+1","floor":24},{"not_picked":["Bludgeon","Metallicize"],"picked":"True Grit+1","floor":27},{"not_picked":["Flame Barrier+1","Shockwave+1"],"picked":"Warcry+1","floor":29},{"not_picked":["Metallicize","Sword Boomerang"],"picked":"Pommel Strike+1","floor":30},{"not_picked":["Shrug It Off+1","Fire Breathing"],"picked":"Clash+1","floor":31},{"not_picked":["Brutality","Demon Form"],"picked":"Double Tap+1","floor":33},{"not_picked":["Body Slam+1","Cleave"],"picked":"Perfected Strike+1","floor":35},{"not_picked":["Warcry+1","Sever Soul+1"],"picked":"Battle Trance+1","floor":36},{"not_picked":["Whirlwind","Heavy Blade"],"picked":"Body Slam+1","floor":37},{"not_picked":["Spot Weakness+1","Whirlwind"],"picked":"Inflame+1","floor":38},{"not_picked":["Iron Wave","Corruption+1"],"picked":"Rage+1","floor":41},{"not_picked":["Rupture+1","Headbutt+1"],"picked":"Body Slam+1","floor":46},{"not_picked":["Twin Strike","Sword Boomerang"],"picked":"Clash+1","floor":48}],"player_experience":58776,"relics_obtained":[{"floor":6,"key":"Lantern"},{"floor":8,"key":"Toxic Egg 2"},{"floor":9,"key":"Ancient Tea Set"},{"floor":10,"key":"Tiny Chest"},{"floor":19,"key":"Calipers"},{"floor":24,"key":"Orichalcum"},{"floor":24,"key":"Bronze Scales"},{"floor":26,"key":"Potion Belt"},{"floor":28,"key":"Boot"},{"floor":29,"key":"Sundial"},{"floor":29,"key":"Thread and Needle"},{"floor":31,"key":"War Paint"},{"floor":31,"key":"Strawberry"},{"floor":37,"key":"Charon\u0027s Ashes"},{"floor":38,"key":"Bird Faced Urn"},{"floor":43,"key":"Regal Pillow"}],"event_choices":[{"event_name":"Shining Light","player_choice":"Entered Light","floor":12,"damage_taken":0},{"event_name":"The Joust","player_choice":"Bet on Owner","floor":20,"damage_taken":0},{"event_name":"Beggar","player_choice":"Ignored","floor":25,"damage_taken":0},{"event_name":"Mysterious Sphere","player_choice":"Fight","floor":37,"damage_taken":0},{"event_name":"MindBloom","player_choice":"Fight","floor":38,"damage_taken":0}],"is_beta":true,"boss_relics":[{"not_picked":["Runic Pyramid","Lizard Tail"],"picked":"Black Star"},{"not_picked":["Tiny House","Snecko Eye"],"picked":"Astrolabe"}],"items_purged_floors":[],"is_endless":false,"potions_floor_spawned":[3,4,6,14,22,29,30,31,33,35,37,41,48],"ascension_level":4}