{"gold_per_floor":[114,33,33,45,63,63,96,96,123,141,173,195,268,311,323,434,446,472,503,515,442,454,466],"floor_reached":23,"playtime":1490,"items_purged":[],"score":271,"play_id":"989cb736-5f45-451a-80b3-a1f1ea02c80a","local_time":"20181202232618","is_ascension_mode":true,"campfire_choices":[{"data":"Armaments","floor":6,"key":"SMITH"},{"floor":8,"key":"RECALL"},{"floor":15,"key":"REST"}],"neow_cost":"NONE","seed_source_timestamp":745329532778009,"circlet_count":0,"master_deck":["Strike_R","Strike_R","Strike_R","Strike_R","Strike_R","Defend_R","Defend_R","Defend_R","Defend_R","Bash","Shrug It Off","Armaments+1","Flame Barrier","Feel No Pain","Iron Wave","Pommel Strike","Juggernaut","Heavy Blade","Pummel","Uppercut","Flex","Feed","Pommel Strike","Iron Wave","Warcry","Wild Strike","Intimidate","Sword Boomerang+1","Perfected Strike+1","Ghostly","Ghostly","Ghostly","Ghostly","Ghostly"],"relics":["Burning Blood","Bronze Scales","Oddly Smooth Stone","MawBank","Boot","Bottled Lightning","Orrery","Bag of Marbles","Mercury Hourglass"],"potions_floor_usage":[11,14],"damage_taken":[{"damage":3,"enemies":"2 Louse","floor":1,"turns":3},{"damage":6,"enemies":"Jaw Worm","floor":4,"turns":4},{"damage":0,"enemies":"Small Slimes","floor":5,"turns":5},{"damage":22,"enemies":"Gremlin Nob","floor":7,"turns":6},{"damage":0,"enemies":"Blue Slaver","floor":10,"turns":4},{"damage":28,"enemies":"3 Sentries","floor":11,"turns":7},{"damage":0,"enemies":"3 Louse","floor":12,"turns":3},{"damage":13,"enemies":"Gremlin Nob","floor":13,"turns":4},{"damage":0,"enemies":"Gremlin Nob","floor":14,"turns":2},{"damage":32,"enemies":"The Guardian","floor":16,"turns":12},{"damage":15,"enemies":"3 Byrds","floor":18,"turns":4},{"damage":5,"enemies":"Shell Parasite","floor":19,"turns":6},{"damage":47,"enemies":"Gremlin Leader","floor":23,"turns":6}],"seed_played":"-321109640401604347","potions_obtained":[{"floor":5,"key":"AttackPotion"},{"floor":7,"key":"AttackPotion"},{"floor":11,"key":"BloodPotion"},{"floor":14,"key":"SkillPotion"},{"floor":18,"key":"FearPotion"}],"is_trial":false,"path_per_floor":["M","$","?","M","M","R","E","R","T","M","E","M","?","E","R","B",null,"M","M","?","?","T","E"],"character_chosen":"IRONCLAD","items_purchased":["Flame Barrier"],"campfire_rested":1,"item_purchase_floors":[2],"current_hp_per_floor":[80,80,85,85,85,85,69,69,69,75,53,59,52,58,83,57,85,76,77,42,42,42,0],"gold":466,"neow_bonus":"THREE_CARDS","is_prod":false,"is_daily":false,"chose_seed":false,"campfire_upgraded":1,"win_rate":0,"timestamp":1543811178,"path_taken":["M","$","?","M","M","R","E","R","T","M","E","M","?","E","R","BOSS","M","M","?","?","?","E"],"build_version":"2018-11-15","purchased_purges":0,"victory":false,"max_hp_per_floor":[80,80,85,85,85,85,85,85,85,85,85,85,85,85,85,85,85,85,85,42,42,42,42],"card_choices":[{"not_picked":["Clothesline","Dual Wield"],"picked":"Shrug It Off","floor":0},{"not_picked":["Sword Boomerang","Burning Pact"],"picked":"Armaments","floor":1},{"not_picked":["Thunderclap","Seeing Red"],"picked":"Feel No Pain","floor":4},{"not_picked":["Pommel Strike","Armaments"],"picked":"Iron Wave","floor":5},{"not_picked":["True Grit","Cleave"],"picked":"Pommel Strike","floor":7},{"not_picked":["Anger","Headbutt"],"picked":"Juggernaut","floor":10},{"not_picked":["Pommel Strike","Wild Strike"],"picked":"Heavy Blade","floor":11},{"not_picked":["Dropkick","Heavy Blade"],"picked":"Pummel","floor":12},{"not_picked":["Headbutt","Hemokinesis"],"picked":"Uppercut","floor":13},{"not_picked":["Searing Blow","Rupture"],"picked":"Flex","floor":14},{"not_picked":["Bludgeon","Immolate"],"picked":"Feed","floor":16},{"not_picked":["Sword Boomerang","Sever Soul"],"picked":"Pommel Strike","floor":17},{"not_picked":["Anger","Power Through"],"picked":"Iron Wave","floor":17},{"not_picked":["Clothesline","Feel No Pain"],"picked":"Warcry","floor":17},{"not_picked":["Shrug It Off","Clash"],"picked":"Wild Strike","floor":17},{"not_picked":["True Grit","Pommel Strike"],"picked":"Intimidate","floor":17},{"not_picked":["Bludgeon","Wild Strike"],"picked":"Sword Boomerang+1","floor":18},{"not_picked":["Armaments","Fiend Fire"],"picked":"Perfected Strike+1","floor":19}],"player_experience":132959,"relics_obtained":[{"floor":7,"key":"Bronze Scales"},{"floor":9,"key":"Oddly Smooth Stone"},{"floor":11,"key":"MawBank"},{"floor":14,"key":"Bottled Lightning"},{"floor":22,"key":"Mercury Hourglass"}],"event_choices":[{"damage_healed":0,"gold_gain":0,"player_choice":"Donut","damage_taken":0,"max_hp_gain":5,"max_hp_loss":0,"event_name":"Big Fish","floor":3,"gold_loss":0},{"damage_healed":0,"gold_gain":0,"player_choice":"Searched \u00272\u0027 times","damage_taken":0,"relics_obtained":["Boot"],"max_hp_gain":0,"max_hp_loss":0,"event_name":"Dead Adventurer","floor":13,"gold_loss":0},{"damage_healed":0,"gold_gain":0,"player_choice":"Became a Ghost","damage_taken":0,"max_hp_gain":0,"max_hp_loss":43,"event_name":"Ghosts","floor":20,"gold_loss":0,"cards_obtained":["Ghostly","Ghostly","Ghostly","Ghostly","Ghostly"]},{"damage_healed":0,"gold_gain":0,"player_choice":"Obtained Relic","damage_taken":0,"relics_obtained":["Bag of Marbles"],"max_hp_gain":0,"max_hp_loss":0,"event_name":"Addict","floor":21,"gold_loss":85}],"is_beta":false,"boss_relics":[{"not_picked":["Coffee Dripper","Empty Cage"],"picked":"Orrery"}],"items_purged_floors":[],"is_endless":false,"potions_floor_spawned":[5,7,11,14,18],"killed_by":"Gremlin Leader","ascension_level":1}