{"gold_per_floor":[119,394,409,409,420,454,454,464,464,491,491],"floor_reached":11,"playtime":303,"items_purged":[],"score":166,"play_id":"7b7f62f5-6387-4914-8e13-248d93cfbc26","local_time":"20181208232403","is_ascension_mode":true,"campfire_choices":[{"floor":7,"key":"REST"}],"neow_cost":"NONE","seed_source_timestamp":122604680937398,"circlet_count":0,"master_deck":["AscendersBane","Strike_R","Strike_R","Strike_R","Strike_R","Strike_R","Defend_R","Defend_R","Defend_R","Defend_R","Bash","Shrug It Off","Regret","Armaments","Bash","True Grit","Ghostly Armor","Exhume","Pommel Strike"],"relics":["Burning Blood","NeowsBlessing","Ancient Tea Set","Regal Pillow","Toxic Egg 2"],"potions_floor_usage":[10,10],"damage_taken":[{"damage":0,"enemies":"Small Slimes","floor":1,"turns":1},{"damage":0,"enemies":"Cultist","floor":3,"turns":1},{"damage":0,"enemies":"2 Louse","floor":5,"turns":1},{"damage":64,"enemies":"Lagavulin","floor":6,"turns":8},{"damage":7,"enemies":"Looter","floor":8,"turns":5},{"damage":30,"enemies":"3 Sentries","floor":10,"turns":10},{"damage":9,"enemies":"Exordium Wildlife","floor":11,"turns":2}],"seed_played":"-8973748581027452287","potions_obtained":[{"floor":3,"key":"Swift Potion"},{"floor":6,"key":"PowerPotion"}],"is_trial":false,"path_per_floor":["M","?","M","?","M","E","R","M","T","E","M"],"character_chosen":"IRONCLAD","items_purchased":[],"campfire_rested":1,"item_purchase_floors":[],"current_hp_per_floor":[74,74,75,75,75,17,39,38,38,14,5],"gold":491,"neow_bonus":"THREE_ENEMY_KILL","is_prod":false,"is_daily":false,"chose_seed":false,"campfire_upgraded":0,"win_rate":0,"timestamp":1544336643,"path_taken":["M","?","?","?","M","E","R","M","T","E","M"],"build_version":"2018-12-06","purchased_purges":0,"victory":false,"max_hp_per_floor":[75,75,75,75,75,75,75,75,75,75,75],"card_choices":[{"not_picked":["Sever Soul","Havoc"],"picked":"Shrug It Off","floor":1},{"not_picked":["Havoc","Corruption"],"picked":"Armaments","floor":3},{"not_picked":["Heavy Blade","Second Wind"],"picked":"True Grit","floor":5},{"not_picked":["Flex","Armaments"],"picked":"Ghostly Armor","floor":6},{"not_picked":["True Grit","Armaments"],"picked":"Exhume","floor":8},{"not_picked":["Flex","Twin Strike"],"picked":"Pommel Strike","floor":10}],"player_experience":551755,"relics_obtained":[{"floor":6,"key":"Ancient Tea Set"},{"floor":9,"key":"Regal Pillow"},{"floor":10,"key":"Toxic Egg 2"}],"event_choices":[{"damage_healed":0,"gold_gain":275,"player_choice":"Desecrate","damage_taken":0,"max_hp_gain":0,"max_hp_loss":0,"event_name":"Golden Shrine","floor":2,"gold_loss":0,"cards_obtained":["Regret"]},{"damage_healed":0,"gold_gain":0,"player_choice":"1 cards matched","damage_taken":0,"max_hp_gain":0,"max_hp_loss":0,"event_name":"Match and Keep!","floor":4,"gold_loss":0,"cards_obtained":["Bash"]}],"is_beta":false,"boss_relics":[],"items_purged_floors":[],"is_endless":false,"potions_floor_spawned":[3,6],"killed_by":"Exordium Wildlife","ascension_level":20}