{"gold_per_floor":[112,130,130,144,144,144,155,184,184,184,195,222,222,239,239,341,341,326,326,178,192,205,205,224,224,299,299,299,299,314,6,6,101,101,121,136,151,76,0,0,31,31,31,44,44,44,76,0,0,0],"floor_reached":51,"playtime":12133,"items_purged":["Shame"],"score":850,"play_id":"34703c02-b8b5-4b3b-8321-8274a16d82e9","local_time":"20180905101626","is_ascension_mode":true,"campfire_choices":[{"data":"Beam Cell","floor":6.0,"key":"SMITH"},{"data":"Hologram","floor":10.0,"key":"SMITH"},{"floor":13.0,"key":"REST"},{"data":"Glacier","floor":15.0,"key":"SMITH"},{"data":"Barrage","floor":23.0,"key":"SMITH"},{"data":"Streamline","floor":25.0,"key":"SMITH"},{"data":"Dualcast","floor":27.0,"key":"SMITH"},{"floor":32.0,"key":"REST"},{"data":"Doom and Gloom","floor":40,"key":"SMITH"},{"data":"Coolheaded","floor":42,"key":"SMITH"},{"floor":49,"key":"REST"}],"neow_cost":"NONE","seed_source_timestamp":0,"circlet_count":0,"master_deck":["Strike_B","Strike_B","Strike_B","Strike_B","Defend_B","Defend_B","Defend_B","Defend_B","Zap+1","Dualcast+1","Beam Cell+1","Cold Snap","Buffer+1","Hologram+1","Loop+1","Coolheaded+1","Glacier+1","Barrage+1","All For One","Beam Cell+1","Streamline+1","Streamline","Doom and Gloom+1","Beam Cell","Biased Cognition+1","Defragment+1","Chill+1","Doubt","Compile Driver","Sunder","Ball Lightning+1"],"special_seed":0,"relics":["Cracked Core","Frozen Egg 2","Emotion Chip","Gambling Chip","Odd Mushroom","Cursed Key","Omamori","Meat on the Bone","Necronomicon","Centennial Puzzle","Runic Capacitor","Snecko Eye","Red Mask","Dream Catcher","Girya","Letter Opener"],"potions_floor_usage":[41,50,50],"damage_taken":[{"damage":8.0,"enemies":"Small Slimes","floor":1.0,"turns":3.0},{"damage":1.0,"enemies":"Cultist","floor":2.0,"turns":3.0},{"damage":2.0,"enemies":"Jaw Worm","floor":4.0,"turns":3.0},{"damage":12.0,"enemies":"Exordium Wildlife","floor":7.0,"turns":4.0},{"damage":12.0,"enemies":"3 Sentries","floor":8.0,"turns":8.0},{"damage":5.0,"enemies":"Looter","floor":11.0,"turns":3.0},{"damage":17.0,"enemies":"The Mushroom Lair","floor":12.0,"turns":4.0},{"damage":3.0,"enemies":"Exordium Thugs","floor":14.0,"turns":5.0},{"damage":26.0,"enemies":"Hexaghost","floor":16.0,"turns":12.0},{"damage":3.0,"enemies":"2 Thieves","floor":18.0,"turns":4.0},{"damage":6.0,"enemies":"3 Byrds","floor":21.0,"turns":4.0},{"damage":0.0,"enemies":"Snake Plant","floor":22.0,"turns":6.0},{"damage":3.0,"enemies":"Centurion and Healer","floor":24.0,"turns":5.0},{"damage":5.0,"enemies":"Chosen and Byrds","floor":30.0,"turns":3.0},{"damage":44.0,"enemies":"Automaton","floor":33.0,"turns":9.0},{"damage":0,"enemies":"Orb Walker","floor":35,"turns":2},{"damage":0,"enemies":"3 Shapes","floor":36,"turns":2},{"damage":21,"enemies":"3 Darklings","floor":37,"turns":3},{"damage":9,"enemies":"Giant Head","floor":41,"turns":6},{"damage":0,"enemies":"Spire Growth","floor":44,"turns":4},{"damage":0,"enemies":"Nemesis","floor":47,"turns":7},{"damage":43,"enemies":"Donu and Deca","floor":50,"turns":6}],"seed_played":"-4185018740435527361","potions_obtained":[{"floor":2.0,"key":"SneckoOil"},{"floor":14.0,"key":"Dexterity Potion"},{"floor":16.0,"key":"Poison Potion"},{"floor":18.0,"key":"Energy Potion"},{"floor":24.0,"key":"FairyPotion"},{"floor":41,"key":"Dexterity Potion"}],"is_trial":false,"path_per_floor":["M","M","?","M","$","R","M","E","T","R","M","?","R","M","R","B",null,"M","?","$","M","M","R","M","R","T","R","?","?","M","$","R","B",null,"M","M","M","$","?","R","E","R","T","M","?","$","E","$","R","B"],"character_chosen":"DEFECT","items_purchased":["Omamori","Doom and Gloom","Runic Capacitor","Beam Cell","Ancient Potion"],"campfire_rested":3,"item_purchase_floors":[20,31,31,31,48],"current_hp_per_floor":[67,66,66,64,64,64,52,40,40,40,35,18,40,37,37,11,59,56,56,56,50,50,50,47,47,47,47,31,31,38,38,60,28,63,63,63,42,42,42,42,45,45,45,45,45,45,45,45,66,35],"gold":0,"neow_bonus":"UPGRADE_CARD","is_prod":false,"is_daily":false,"chose_seed":false,"campfire_upgraded":8,"win_rate":0,"timestamp":1536167786,"path_taken":["M","M","?","M","$","R","M","E","T","R","M","?","R","M","R","BOSS","M","?","$","M","M","R","M","R","T","R","?","?","M","$","R","BOSS","M","M","M","$","?","R","E","R","T","M","?","?","E","$","R","BOSS"],"build_version":"2018-08-30","purchased_purges":1,"victory":true,"max_hp_per_floor":[75,75,75,75,75,75,75,75,75,75,75,75,75,75,75,75,75,75,75,75,75,75,75,75,75,75,75,75,75,75,75,75,75,75,75,75,75,75,75,75,75,75,75,75,71,71,71,71,71,71],"card_choices":[{"not_picked":["Gash","Compile Driver"],"picked":"Beam Cell","floor":1.0},{"not_picked":["Coolheaded","Turbo"],"picked":"Cold Snap","floor":2.0},{"not_picked":["Streamline","Beam Cell"],"picked":"Buffer+1","floor":4.0},{"not_picked":["Compile Driver","Coolheaded"],"picked":"Hologram","floor":7.0},{"not_picked":["Blizzard","Core Surge"],"picked":"Loop+1","floor":8.0},{"not_picked":["Chaos","Heatsinks+1"],"picked":"Coolheaded","floor":11.0},{"not_picked":["Storm+1","Go for the Eyes"],"picked":"Glacier","floor":12.0},{"not_picked":["Sweeping Beam","Coolheaded"],"picked":"Barrage","floor":14.0},{"not_picked":["Meteor Strike","Seek"],"picked":"All For One","floor":16.0},{"not_picked":["Glacier","Coolheaded"],"picked":"Beam Cell+1","floor":18.0},{"not_picked":["White Noise+1","Lockon","Gash"],"picked":"SKIP","floor":21.0},{"not_picked":["Turbo+1","Hologram","Glacier"],"picked":"SKIP","floor":22.0},{"not_picked":["Heatsinks+1","Force Field"],"picked":"Streamline","floor":24.0},{"not_picked":["Go for the Eyes+1","Ball Lightning"],"picked":"Streamline","floor":30.0},{"not_picked":["Multi-Cast","Machine Learning+1"],"picked":"Biased Cognition+1","floor":33.0},{"not_picked":["Capacitor+1","Glacier"],"picked":"Defragment+1","floor":35},{"not_picked":["Cold Snap","Sweeping Beam+1","Gash"],"picked":"SKIP","floor":36},{"not_picked":["Leap","Turbo+1"],"picked":"Chill+1","floor":37},{"not_picked":["Stack+1","Redo","Chaos"],"picked":"SKIP","floor":41},{"not_picked":["Leap","Sweeping Beam+1"],"picked":"Compile Driver","floor":44},{"not_picked":["Recycle","Darkness+1"],"picked":"Sunder","floor":47},{"not_picked":["Amplify","Leap+1"],"picked":"Ball Lightning+1","floor":49}],"player_experience":998776,"relics_obtained":[{"floor":3.0,"key":"Frozen Egg 2"},{"floor":8.0,"key":"Emotion Chip"},{"floor":9.0,"key":"Gambling Chip"},{"floor":12.0,"key":"Odd Mushroom"},{"floor":26.0,"key":"Meat on the Bone"},{"floor":28.0,"key":"Necronomicon"},{"floor":41,"key":"Dream Catcher"},{"floor":43,"key":"Girya"},{"floor":47,"key":"Letter Opener"}],"event_choices":[{"event_name":"Wheel of Change","player_choice":"Relic","floor":3.0,"damage_taken":0.0},{"event_name":"Mushrooms","player_choice":"Fought Mushrooms","floor":12.0,"damage_taken":0.0},{"event_name":"N\u0027loth","player_choice":"Ignored","floor":19.0,"damage_taken":0.0},{"event_name":"Cursed Tome","player_choice":"Obtained Book","floor":28.0,"damage_taken":0.0},{"event_name":"Addict","player_choice":"Stole Relic","floor":29.0,"damage_taken":0.0},{"event_name":"Tomb of Lord Red Mask","player_choice":"Paid","floor":39,"damage_taken":0},{"event_name":"Winding Halls","player_choice":"Max HP","floor":45,"damage_taken":0}],"is_beta":false,"boss_relics":[{"not_picked":["White Beast Statue","Calling Bell"],"picked":"Cursed Key"},{"not_picked":["FrozenCore","Tiny House"],"picked":"Snecko Eye"}],"items_purged_floors":[38],"is_endless":false,"potions_floor_spawned":[2,14,16,18,24,33,36,41],"ascension_level":5}