{"gold_per_floor":[114,114,44,119,137,164,164,175,245,278,278,298,60,74,74,173,173,193,2,17,28,28,28,39,66,66,66,93,107,206,221,221,221],"floor_reached":33,"playtime":2233,"items_purged":["Regret"],"score":347,"play_id":"34c8494d-ced3-4b60-b0c2-6d10800518e0","local_time":"20180811083717","is_ascension_mode":false,"campfire_choices":[{"floor":15,"key":"DIG"},{"floor":23,"key":"DIG"},{"floor":27,"key":"REST"},{"floor":32,"key":"DIG"}],"neow_cost":"NONE","seed_source_timestamp":220585819672472,"circlet_count":0,"master_deck":["Strike_B","Strike_B","Strike_B","Strike_B+1","Defend_B","Defend_B","Defend_B","Defend_B","Zap","Dualcast","Conserve Battery","Cold Snap+1","Sweeping Beam","Reinforced Body","Defragment","Hologram","Machine Learning","Electrodynamics","Ball Lightning","Thunder Strike","Ball Lightning+1","Go for the Eyes","Undo","Ball Lightning+1","Redo+1"],"relics":["Cracked Core","NeowsBlessing","Meat on the Bone","Strawberry","Shovel","Bottled Flame","Art of War","Dodecahedron","Black Star","Lee\u0027s Waffle","Turnip","Mercury Hourglass","Molten Egg 2","Bottled Lightning","Gremlin Horn","Symbiotic Virus","Bird Faced Urn"],"potions_floor_usage":[10,16,16,18,20,25,28,28,33],"damage_taken":[{"damage":0,"enemies":"Cultist","floor":1,"turns":1},{"damage":0,"enemies":"Jaw Worm","floor":5,"turns":1},{"damage":0,"enemies":"3 Sentries","floor":6,"turns":1},{"damage":2,"enemies":"Small Slimes","floor":8,"turns":4},{"damage":19,"enemies":"Gremlin Nob","floor":10,"turns":5},{"damage":3,"enemies":"Looter","floor":12,"turns":3},{"damage":9,"enemies":"Large Slime","floor":14,"turns":5},{"damage":18,"enemies":"Hexaghost","floor":16,"turns":9},{"damage":5,"enemies":"3 Byrds","floor":18,"turns":4},{"damage":18,"enemies":"2 Thieves","floor":20,"turns":4},{"damage":20,"enemies":"Chosen and Byrds","floor":21,"turns":5},{"damage":30,"enemies":"Cultist and Chosen","floor":24,"turns":5},{"damage":8,"enemies":"Gremlin Leader","floor":25,"turns":6},{"damage":16,"enemies":"Slavers","floor":28,"turns":4},{"damage":14,"enemies":"Centurion and Healer","floor":29,"turns":5},{"damage":14,"enemies":"Snake Plant","floor":31,"turns":4},{"damage":48,"enemies":"Collector","floor":33,"turns":7}],"seed_played":"-2844723857302928250","potions_obtained":[{"floor":1,"key":"Energy Potion"},{"floor":6,"key":"FocusPotion"},{"floor":12,"key":"Strength Potion"},{"floor":14,"key":"SkillPotion"},{"floor":16,"key":"SkillPotion"},{"floor":18,"key":"EssenceOfSteel"},{"floor":24,"key":"AttackPotion"},{"floor":25,"key":"Dexterity Potion"},{"floor":29,"key":"AttackPotion"},{"floor":31,"key":"SmokeBomb"}],"is_trial":false,"path_per_floor":["M","T","$","?","M","E","?","M","T","E","?","M","$","M","R","B",null,"M","$","M","M","?","R","M","E","T","R","E","M","?","M","R"],"character_chosen":"DEFECT","items_purchased":["Cold Snap","Sweeping Beam","Electrodynamics","Lee\u0027s Waffle"],"campfire_rested":1,"item_purchase_floors":[3,3,13,19],"current_hp_per_floor":[75,75,75,68,68,75,75,73,73,54,38,47,47,50,50,44,82,77,89,71,51,34,34,16,20,20,48,44,42,42,40,40,0],"gold":221,"neow_bonus":"THREE_ENEMY_KILL","is_prod":false,"is_daily":false,"chose_seed":false,"campfire_upgraded":0,"win_rate":0,"timestamp":1533940637,"path_taken":["M","?","$","?","?","E","?","?","T","E","?","M","$","M","R","BOSS","M","$","M","M","?","R","M","E","T","R","E","M","?","M","R","BOSS"],"build_version":"2018-08-09","purchased_purges":1,"victory":false,"max_hp_per_floor":[75,75,75,75,75,82,82,82,82,82,82,82,82,82,82,82,82,82,89,89,89,94,94,94,94,94,94,94,94,94,94,94,94],"card_choices":[{"not_picked":["Storm","Barrage"],"picked":"Conserve Battery","floor":1},{"not_picked":["Sweeping Beam","Aggregate"],"picked":"Reinforced Body","floor":5},{"not_picked":["Melter","Beam Cell"],"picked":"Defragment","floor":6},{"not_picked":["Go for the Eyes","Steam"],"picked":"Hologram","floor":8},{"not_picked":["Beam Cell","Genetic Algorithm","Double Energy"],"picked":"SKIP","floor":10},{"not_picked":["Compile Driver","Gash"],"picked":"Machine Learning","floor":12},{"not_picked":["Defragment","Turbo"],"picked":"Ball Lightning","floor":14},{"not_picked":["Seek","Fission"],"picked":"Thunder Strike","floor":16},{"not_picked":["Turbo","Melter","Beam Cell"],"picked":"SKIP","floor":18},{"not_picked":["Lockon","Rebound","Leap"],"picked":"SKIP","floor":20},{"not_picked":["Compile Driver","Redo"],"picked":"Ball Lightning+1","floor":21},{"not_picked":["Electrodynamics","Streamline"],"picked":"Go for the Eyes","floor":24},{"not_picked":["Gash","Darkness"],"picked":"Undo","floor":25},{"not_picked":["Fusion","Barrage+1"],"picked":"Ball Lightning+1","floor":28},{"not_picked":["Scrape+1","Stack","Turbo"],"picked":"SKIP","floor":29},{"not_picked":["Melter+1","Electrodynamics"],"picked":"Redo+1","floor":31}],"player_experience":653452,"relics_obtained":[{"floor":2,"key":"Meat on the Bone"},{"floor":6,"key":"Strawberry"},{"floor":9,"key":"Bottled Flame"},{"floor":10,"key":"Art of War"},{"floor":15,"key":"Dodecahedron"},{"floor":23,"key":"Turnip"},{"floor":25,"key":"Mercury Hourglass"},{"floor":25,"key":"Molten Egg 2"},{"floor":26,"key":"Bottled Lightning"},{"floor":28,"key":"Gremlin Horn"},{"floor":28,"key":"Symbiotic Virus"},{"floor":32,"key":"Bird Faced Urn"}],"event_choices":[{"event_name":"FaceTrader","player_choice":"Touch","floor":4,"damage_taken":0},{"event_name":"Big Fish","player_choice":"Box","floor":7,"damage_taken":0},{"event_name":"Shining Light","player_choice":"Entered Light","floor":11,"damage_taken":0},{"event_name":"Forgotten Altar","player_choice":"Shed Blood","floor":22,"damage_taken":0},{"event_name":"Nest","player_choice":"Stole From Cult","floor":30,"damage_taken":0}],"is_beta":false,"boss_relics":[{"not_picked":["Ectoplasm","Fusion Hammer"],"picked":"Black Star"}],"items_purged_floors":[13],"is_endless":false,"potions_floor_spawned":[1,6,12,14,16,18,24,25,29,31],"killed_by":"Collector","ascension_level":0}