{"gold_per_floor":[113,127,146,42,12,12,24,50,50,70,70,98,98,198,198,299,299,312,329,329,27,27],"floor_reached":22,"playtime":1570,"items_purged":[],"score":194,"play_id":"f6d400f0-89e6-4923-a99f-56815e266481","local_time":"20181124020428","is_ascension_mode":false,"campfire_choices":[{"data":"Noxious Fumes","floor":6,"key":"SMITH"},{"floor":11,"key":"REST"},{"data":"Bandage Up","floor":13,"key":"SMITH"},{"floor":15,"key":"REST"}],"neow_cost":"NONE","seed_source_timestamp":189889636283393,"circlet_count":0,"master_deck":["Defend_G","Defend_G","Defend_G","Defend_G","Defend_G","Strike_G","Strike_G","Strike_G","Strike_G","Strike_G","Survivor","Neutralize","Backflip","Noxious Fumes+1","Burst","Flying Knee","Bandage Up+1","Cloak And Dagger","Endless Agony","Quick Slash","Underhanded Strike","Poisoned Stab","Corpse Explosion","Skewer","Prepared"],"relics":["Ring of the Snake","Art of War","Strawberry","Bronze Scales","Darkstone Periapt","Lizard Tail","StoneCalendar"],"potions_floor_usage":[16,22,22],"damage_taken":[{"damage":0,"enemies":"Cultist","floor":1,"turns":4},{"damage":0,"enemies":"2 Louse","floor":2,"turns":2},{"damage":0,"enemies":"Jaw Worm","floor":3,"turns":6},{"damage":5,"enemies":"Looter","floor":5,"turns":4},{"damage":19,"enemies":"Lots of Slimes","floor":7,"turns":3},{"damage":27,"enemies":"3 Sentries","floor":8,"turns":10},{"damage":9,"enemies":"Exordium Wildlife","floor":10,"turns":4},{"damage":26,"enemies":"Lagavulin","floor":12,"turns":8},{"damage":45,"enemies":"Hexaghost","floor":16,"turns":10},{"damage":9,"enemies":"3 Byrds","floor":18,"turns":3},{"damage":21,"enemies":"Spheric Guardian","floor":19,"turns":6},{"damage":47,"enemies":"Colosseum Slavers","floor":22,"turns":4},{"damage":94,"enemies":"Colosseum Nobs","floor":22,"turns":5}],"seed_played":"-1621542557124105847","potions_obtained":[{"floor":3,"key":"SpeedPotion"},{"floor":7,"key":"Poison Potion"},{"floor":8,"key":"Weak Potion"},{"floor":18,"key":"Ancient Potion"}],"is_trial":false,"path_per_floor":["M","M","M","$","M","R","M","E","T","M","R","E","R","?","R","B",null,"M","M","?","$","?"],"character_chosen":"THE_SILENT","items_purchased":["Flying Knee","Bandage Up","StoneCalendar"],"campfire_rested":2,"item_purchase_floors":[4,4,21],"current_hp_per_floor":[70,70,70,70,69,69,54,42,42,37,60,42,42,42,65,26,77,68,53,53,53,0],"gold":27,"neow_bonus":"RANDOM_COMMON_RELIC","is_prod":false,"is_daily":false,"chose_seed":false,"campfire_upgraded":2,"win_rate":0.0,"timestamp":1543043068,"path_taken":["M","M","M","$","M","R","M","E","T","?","R","E","R","?","R","BOSS","M","M","?","$","?"],"build_version":"2018-11-15","purchased_purges":0,"victory":false,"max_hp_per_floor":[70,70,70,70,70,70,70,77,77,77,77,77,77,77,77,77,77,77,77,77,77,77],"card_choices":[{"not_picked":["Acrobatics","Sucker Punch"],"picked":"Backflip","floor":1},{"not_picked":["Poisoned Stab","Accuracy"],"picked":"Noxious Fumes","floor":2},{"not_picked":["Outmaneuver","Distraction"],"picked":"Burst","floor":3},{"not_picked":["Backflip","Sucker Punch"],"picked":"Cloak And Dagger","floor":5},{"not_picked":["Poisoned Stab","Underhanded Strike"],"picked":"Endless Agony","floor":7},{"not_picked":["Blade Dance","Cloak And Dagger"],"picked":"Quick Slash","floor":8},{"not_picked":["Terror","Acrobatics"],"picked":"Underhanded Strike","floor":10},{"not_picked":["Distraction","Bane"],"picked":"Poisoned Stab","floor":12},{"not_picked":["Night Terror","Bullet Time"],"picked":"Corpse Explosion","floor":16},{"not_picked":["Slice","Underhanded Strike+1"],"picked":"Skewer","floor":18},{"not_picked":["Blade Dance","Escape Plan"],"picked":"Prepared","floor":19}],"player_experience":77066,"relics_obtained":[{"floor":8,"key":"Strawberry"},{"floor":9,"key":"Bronze Scales"},{"floor":12,"key":"Darkstone Periapt"}],"event_choices":[{"damage_healed":0,"gold_gain":100,"player_choice":"Pray","damage_taken":0,"max_hp_gain":0,"max_hp_loss":0,"event_name":"Golden Shrine","floor":14,"gold_loss":0},{"damage_healed":0,"gold_gain":0,"player_choice":"Ignored","damage_taken":0,"max_hp_gain":0,"max_hp_loss":0,"event_name":"Beggar","floor":20,"gold_loss":0},{"damage_healed":0,"gold_gain":0,"player_choice":"Fight","damage_taken":0,"max_hp_gain":0,"max_hp_loss":0,"event_name":"Colosseum","floor":22,"gold_loss":0},{"damage_healed":0,"gold_gain":0,"player_choice":"Fought Nobs","damage_taken":0,"max_hp_gain":0,"max_hp_loss":0,"event_name":"Colosseum","floor":22,"gold_loss":0}],"is_beta":false,"boss_relics":[{"not_picked":["Sozu","Velvet Choker"],"picked":"Lizard Tail"}],"items_purged_floors":[],"is_endless":false,"potions_floor_spawned":[3,7,8,10,18],"killed_by":"Colosseum Nobs","ascension_level":0}