{"gold_per_floor":[219,219,234,409,87,87,107,107,107,142,198,275,3,23,23,94,94,109,141,141,141,152,152,169,169,192,192,192,192,203,231,231,309,309,323,335,557,507,507,507,507,539,539,17,17,49,65,80,80,80],"floor_reached":51,"playtime":4295,"items_purged":["Doubt","Strike_B"],"score":1230,"play_id":"1e43ac68-938f-42d0-ba26-48c1ff3865ea","local_time":"20181030102726","is_ascension_mode":true,"campfire_choices":[{"data":"Zap","floor":6,"key":"SMITH"},{"data":"Coolheaded","floor":8,"key":"SMITH"},{"floor":15,"key":"REST"},{"data":"Buffer","floor":23,"key":"SMITH"},{"data":"Dualcast","floor":25,"key":"SMITH"},{"data":"Beam Cell","floor":27,"key":"SMITH"},{"data":"Conserve Battery","floor":29,"key":"SMITH"},{"floor":32,"key":"REST"},{"data":"White Noise","floor":40,"key":"SMITH"},{"data":"Capacitor","floor":49,"key":"SMITH"}],"neow_cost":"NONE","seed_source_timestamp":65696598970719,"circlet_count":0,"master_deck":["Strike_B","Defend_B","Defend_B","Defend_B","Defend_B","Zap+1","Dualcast+1","AscendersBane","Doom and Gloom","Coolheaded+1","Sweeping Beam","FTL","Beam Cell+1","Conserve Battery+1","Compile Driver","Electrodynamics","Buffer+1","Defragment+1","Cold Snap","Ball Lightning","Conserve Battery+1","Stack+1","Loop","Go for the Eyes","Lockon","Biased Cognition","Steam+1","Skim","White Noise+1","Turbo+1","Compile Driver","All For One","Capacitor+1","Beam Cell","Conserve Battery","Panache","Buffer+1","BootSequence","Reprogram","Force Field"],"relics":["Cracked Core","Juzu Bracelet","Prayer Wheel","Letter Opener","Bag of Marbles","Empty Cage","Red Mask","MutagenicStrength","FaceOfCleric","PreservedInsect","Anchor","Sozu","Boot","Dodecahedron","Lee\u0027s Waffle","DataDisk"],"potions_floor_usage":[10,16,22,50],"damage_taken":[{"damage":4,"enemies":"Small Slimes","floor":1,"turns":4},{"damage":11,"enemies":"2 Louse","floor":3,"turns":2},{"damage":1,"enemies":"Cultist","floor":7,"turns":4},{"damage":32,"enemies":"Gremlin Nob","floor":10,"turns":4},{"damage":21,"enemies":"3 Sentries","floor":11,"turns":4},{"damage":0,"enemies":"Lots of Slimes","floor":14,"turns":1},{"damage":17,"enemies":"The Guardian","floor":16,"turns":10},{"damage":5,"enemies":"Chosen","floor":18,"turns":4},{"damage":18,"enemies":"Masked Bandits","floor":19,"turns":3},{"damage":1,"enemies":"Spheric Guardian","floor":22,"turns":4},{"damage":3,"enemies":"Centurion and Healer","floor":24,"turns":5},{"damage":4,"enemies":"Cultist and Chosen","floor":30,"turns":5},{"damage":17,"enemies":"Book of Stabbing","floor":31,"turns":4},{"damage":43,"enemies":"Automaton","floor":33,"turns":11},{"damage":0,"enemies":"3 Shapes","floor":35,"turns":4},{"damage":12,"enemies":"3 Darklings","floor":36,"turns":3},{"damage":23,"enemies":"Reptomancer","floor":42,"turns":6},{"damage":0,"enemies":"Giant Head","floor":46,"turns":6},{"damage":0,"enemies":"4 Shapes","floor":47,"turns":5},{"damage":0,"enemies":"Spire Growth","floor":48,"turns":5},{"damage":39,"enemies":"Donu and Deca","floor":50,"turns":9}],"seed_played":"1702796270280659885","potions_obtained":[{"floor":1,"key":"Regen Potion"},{"floor":19,"key":"SteroidPotion"},{"floor":22,"key":"FearPotion"},{"floor":24,"key":"Strength Potion"}],"is_trial":false,"path_per_floor":["M","$","M","?","$","R","M","R","T","E","?","?","$","M","R","B",null,"M","?","?","?","M","R","M","R","T","R","?","R","M","E","R","B",null,"M","M","?","$","?","R","?","E","T","$","?","E","M","M","R","B"],"character_chosen":"DEFECT","items_purchased":["Sweeping Beam","FTL","Juzu Bracelet","Conserve Battery","LiquidBronze","SkillPotion","Compile Driver","Capacitor","Lee\u0027s Waffle","Beam Cell","Conserve Battery","Panache"],"campfire_rested":2,"item_purchase_floors":[5,5,5,13,13,13,38,44,44,44,44,44],"current_hp_per_floor":[60,60,49,49,49,49,48,48,48,28,7,7,7,7,28,11,56,51,33,33,33,33,33,31,31,31,31,55,55,52,36,58,16,61,62,51,51,51,51,51,51,29,29,82,82,83,84,85,85,47],"gold":80,"neow_bonus":"HUNDRED_GOLD","is_prod":false,"is_daily":false,"chose_seed":false,"campfire_upgraded":8,"win_rate":0,"timestamp":1540920446,"path_taken":["M","$","M","?","$","R","M","R","T","E","?","?","?","M","R","BOSS","M","?","?","?","M","R","M","R","T","R","?","R","M","E","R","BOSS","M","M","?","$","?","R","?","E","T","$","?","E","M","M","R","BOSS"],"build_version":"2018-10-25v2","purchased_purges":2,"victory":true,"max_hp_per_floor":[71,71,71,71,71,71,71,71,71,71,71,71,71,71,71,71,71,71,71,71,71,72,72,73,73,73,73,73,73,74,75,75,76,76,77,78,78,78,78,78,74,75,75,82,82,83,84,85,85,86],"card_choices":[{"not_picked":["Consume","Stack"],"picked":"Doom and Gloom","floor":1},{"not_picked":["Rebound","Aggregate"],"picked":"Coolheaded","floor":3},{"not_picked":["Static Discharge","Turbo"],"picked":"Beam Cell","floor":7},{"not_picked":["Blizzard","Steam Power","Recycle"],"picked":"SKIP","floor":10},{"not_picked":["Conserve Battery","Stack"],"picked":"Compile Driver","floor":14},{"not_picked":["Streamline","Sweeping Beam"],"picked":"Electrodynamics","floor":14},{"not_picked":["Hyperbeam","Creative AI"],"picked":"Buffer","floor":16},{"not_picked":["Steam","Barrage"],"picked":"Defragment+1","floor":18},{"not_picked":["Hello World","Force Field","Hologram"],"picked":"SKIP","floor":18},{"not_picked":["Doom and Gloom","Consume"],"picked":"Cold Snap","floor":19},{"not_picked":["Coolheaded+1","Rebound+1"],"picked":"Ball Lightning","floor":22},{"not_picked":["Genetic Algorithm","Reinforced Body","Streamline"],"picked":"SKIP","floor":22},{"not_picked":["All For One","Sweeping Beam"],"picked":"Conserve Battery+1","floor":24},{"not_picked":["Sweeping Beam","Turbo"],"picked":"Stack+1","floor":24},{"not_picked":["Tempest","Barrage"],"picked":"Loop","floor":30},{"not_picked":["Static Discharge","Reprogram"],"picked":"Go for the Eyes","floor":30},{"not_picked":["Chaos","BootSequence"],"picked":"Lockon","floor":31},{"not_picked":["Multi-Cast","Amplify"],"picked":"Biased Cognition","floor":33},{"not_picked":["Cold Snap+1","Gash"],"picked":"Steam+1","floor":35},{"not_picked":["Darkness","Melter+1"],"picked":"Skim","floor":35},{"not_picked":["Coolheaded","Loop"],"picked":"White Noise","floor":36},{"not_picked":["Reprogram+1","Redo"],"picked":"Turbo+1","floor":36},{"not_picked":["Defragment+1","Streamline"],"picked":"All For One","floor":42},{"not_picked":["Cold Snap","Beam Cell"],"picked":"BootSequence","floor":46},{"not_picked":["Streamline","Ball Lightning"],"picked":"Reprogram","floor":47},{"not_picked":["Lockon+1","Sweeping Beam"],"picked":"Force Field","floor":47},{"not_picked":["Turbo","Consume","Stack"],"picked":"SKIP","floor":48},{"not_picked":["BootSequence","Cold Snap+1","Go for the Eyes"],"picked":"SKIP","floor":48}],"player_experience":1226976,"relics_obtained":[{"floor":9,"key":"Prayer Wheel"},{"floor":10,"key":"Letter Opener"},{"floor":11,"key":"Bag of Marbles"},{"floor":19,"key":"Red Mask"},{"floor":26,"key":"PreservedInsect"},{"floor":31,"key":"Anchor"},{"floor":42,"key":"Boot"},{"floor":43,"key":"Dodecahedron"},{"floor":46,"key":"DataDisk"}],"event_choices":[{"damage_healed":0,"gold_gain":175,"player_choice":"AGREE","damage_taken":0,"max_hp_gain":0,"max_hp_loss":0,"event_name":"Liars Game","floor":4,"gold_loss":0,"cards_obtained":["Doubt"]},{"damage_healed":0,"gold_gain":0,"player_choice":"Searched \u00271\u0027 times","damage_taken":0,"max_hp_gain":0,"max_hp_loss":0,"event_name":"Dead Adventurer","floor":11,"gold_loss":0},{"damage_healed":0,"gold_gain":77,"player_choice":"Gained Gold","damage_taken":0,"max_hp_gain":0,"max_hp_loss":0,"event_name":"Golden Wing","floor":12,"gold_loss":0},{"damage_healed":0,"gold_gain":0,"player_choice":"Fought Bandits","damage_taken":0,"max_hp_gain":0,"max_hp_loss":0,"event_name":"Masked Bandits","floor":19,"gold_loss":0},{"damage_healed":0,"gold_gain":0,"player_choice":"Inject Mutagens","damage_taken":0,"relics_obtained":["MutagenicStrength"],"max_hp_gain":0,"max_hp_loss":0,"event_name":"Drug Dealer","floor":20,"gold_loss":0},{"damage_healed":0,"gold_gain":0,"player_choice":"Trade","damage_taken":0,"relics_obtained":["FaceOfCleric"],"max_hp_gain":0,"max_hp_loss":0,"event_name":"FaceTrader","floor":21,"gold_loss":0},{"damage_healed":24,"gold_gain":0,"player_choice":"Heal","damage_taken":0,"max_hp_gain":0,"max_hp_loss":0,"event_name":"The Library","floor":28,"gold_loss":0},{"damage_healed":0,"gold_gain":222,"player_choice":"Wore Mask","damage_taken":0,"max_hp_gain":0,"max_hp_loss":0,"event_name":"Tomb of Lord Red Mask","floor":37,"gold_loss":0},{"damage_healed":0,"gold_gain":0,"player_choice":"Memory 1","damage_taken":0,"max_hp_gain":0,"max_hp_loss":0,"event_name":"SensoryStone","floor":39,"gold_loss":0},{"damage_healed":0,"gold_gain":0,"player_choice":"Max HP","damage_taken":0,"max_hp_gain":0,"max_hp_loss":4,"event_name":"Winding Halls","floor":41,"gold_loss":0},{"damage_healed":0,"gold_gain":0,"player_choice":"Copied","damage_taken":0,"max_hp_gain":0,"max_hp_loss":0,"event_name":"Duplicator","floor":45,"gold_loss":0,"cards_obtained":["Buffer"]}],"is_beta":false,"boss_relics":[{"not_picked":["Snecko Eye","White Beast Statue"],"picked":"Empty Cage"},{"not_picked":["Orrery","Tiny House"],"picked":"Sozu"}],"items_purged_floors":[5,13],"is_endless":false,"potions_floor_spawned":[1,14,19,22,24,42,46],"ascension_level":14}