{"gold_per_floor":[10,10,20,33,52,52,65,65,138,138,170,170,180,213,213,213],"floor_reached":16,"playtime":699,"items_purged":[],"score":184,"play_id":"b3548e7e-de5b-4488-aa1a-5d8af8e84d4a","local_time":"20190206130946","is_ascension_mode":true,"campfire_choices":[{"data":"Feed","floor":6,"key":"SMITH"},{"data":"Bash","floor":8,"key":"SMITH"},{"data":"True Grit","floor":10,"key":"SMITH"},{"data":"Pommel Strike","floor":12,"key":"SMITH"},{"floor":15,"key":"REST"}],"neow_cost":"NO_GOLD","seed_source_timestamp":2240708440217411,"circlet_count":0,"master_deck":["Strike_R","Strike_R","Strike_R","Strike_R","Strike_R","Defend_R","Defend_R","Defend_R","Bash+1","Feed+1","True Grit+1","Pommel Strike+1","Flex","Armaments"],"relics":["Burning Blood","Self Forming Clay","Bird Faced Urn","Ancient Tea Set"],"potions_floor_usage":[16,16,16],"damage_taken":[{"damage":7,"enemies":"Small Slimes","floor":1,"turns":4},{"damage":11,"enemies":"Cultist","floor":3,"turns":4},{"damage":9,"enemies":"Jaw Worm","floor":4,"turns":5},{"damage":11,"enemies":"Looter","floor":5,"turns":2},{"damage":14,"enemies":"Blue Slaver","floor":7,"turns":3},{"damage":35,"enemies":"3 Sentries","floor":11,"turns":9},{"damage":5,"enemies":"Gremlin Gang","floor":13,"turns":4},{"damage":17,"enemies":"Gremlin Nob","floor":14,"turns":4},{"damage":96,"enemies":"Slime Boss","floor":16,"turns":12}],"seed_played":"-1060898912462760540","potions_obtained":[{"floor":1,"key":"SneckoOil"},{"floor":5,"key":"SteroidPotion"},{"floor":13,"key":"Energy Potion"}],"is_trial":false,"path_per_floor":["M","?","M","M","M","R","M","R","T","R","E","R","M","E","R","B"],"character_chosen":"IRONCLAD","items_purchased":[],"campfire_rested":1,"item_purchase_floors":[],"current_hp_per_floor":[82,82,80,80,78,78,74,74,74,74,49,49,54,47,79,0],"gold":213,"neow_bonus":"THREE_RARE_CARDS","is_prod":false,"is_daily":false,"chose_seed":false,"campfire_upgraded":4,"win_rate":0,"timestamp":1549418986,"path_taken":["M","?","?","?","M","R","M","R","T","R","E","R","M","E","R","BOSS"],"build_version":"2019-01-23","purchased_purges":0,"victory":false,"max_hp_per_floor":[83,83,86,89,92,92,96,96,96,96,100,100,104,108,108,112],"card_choices":[{"not_picked":["Brutality","Exhume"],"picked":"Feed","floor":0},{"not_picked":["Metallicize","Fire Breathing","Havoc"],"picked":"SKIP","floor":1},{"not_picked":["Perfected Strike","Havoc"],"picked":"True Grit","floor":3},{"not_picked":["Armaments","Barricade"],"picked":"Pommel Strike","floor":4},{"not_picked":["Perfected Strike","Entrench"],"picked":"Flex","floor":5},{"not_picked":["Carnage","Flex","Headbutt"],"picked":"SKIP","floor":7},{"not_picked":["Headbutt","Dropkick","Feel No Pain"],"picked":"SKIP","floor":11},{"not_picked":["True Grit","Twin Strike"],"picked":"Armaments","floor":13},{"not_picked":["Twin Strike","Iron Wave","Thunderclap"],"picked":"SKIP","floor":14}],"player_experience":276121,"relics_obtained":[{"floor":9,"key":"Self Forming Clay"},{"floor":11,"key":"Bird Faced Urn"},{"floor":14,"key":"Ancient Tea Set"}],"event_choices":[{"cards_removed":["Defend_R"],"damage_healed":0,"gold_gain":0,"player_choice":"Purged","damage_taken":0,"max_hp_gain":0,"max_hp_loss":0,"event_name":"Purifier","floor":2,"gold_loss":0}],"is_beta":false,"boss_relics":[],"items_purged_floors":[],"is_endless":false,"potions_floor_spawned":[1,5,13,14],"killed_by":"Slime Boss","ascension_level":4}