{"gold_per_floor":[114,114,129,129,144,144,159,159],"floor_reached":8,"playtime":613,"items_purged":[],"score":73,"play_id":"38ab68dd-c01a-4ff9-b3e5-5e2c7d912c37","local_time":"20190205180250","daily_mods":["Specialized","ControlledChaos","DeadlyEvents"],"is_ascension_mode":false,"campfire_choices":[{"data":"Distraction","floor":6,"key":"SMITH"}],"neow_cost":"","seed_source_timestamp":0,"circlet_count":0,"master_deck":["Defend_G","Defend_G","Defend_G","Defend_G","Defend_G","Strike_G","Strike_G","Strike_G","Strike_G","Strike_G","Survivor","Neutralize","Wraith Form v2","Wraith Form v2","Wraith Form v2","Wraith Form v2","Wraith Form v2","Distraction","Prepared+1","Distraction+1","PiercingWail"],"special_seed":17932,"relics":["Ring of the Snake","Frozen Eye"],"potions_floor_usage":[8,8],"damage_taken":[{"damage":11,"enemies":"2 Louse","floor":1,"turns":5},{"damage":1,"enemies":"Cultist","floor":3,"turns":4},{"damage":8,"enemies":"Jaw Worm","floor":5,"turns":5},{"damage":19,"enemies":"Exordium Wildlife","floor":7,"turns":7},{"damage":36,"enemies":"3 Sentries","floor":8,"turns":6}],"seed_played":"-4750178062839727014","potions_obtained":[{"floor":1,"key":"Weak Potion"},{"floor":2,"key":"Ancient Potion"},{"floor":2,"key":"SteroidPotion"},{"floor":2,"key":"SpeedPotion"}],"is_trial":false,"path_per_floor":["M","?","M","?","M","R","M","E"],"character_chosen":"THE_SILENT","items_purchased":[],"campfire_rested":0,"item_purchase_floors":[],"current_hp_per_floor":[59,59,58,58,50,50,31,0],"gold":159,"neow_bonus":"","is_prod":false,"is_daily":true,"chose_seed":false,"campfire_upgraded":1,"win_rate":0,"timestamp":1549411370,"path_taken":["M","?","?","?","M","R","M","?"],"build_version":"2019-01-23","purchased_purges":0,"victory":false,"max_hp_per_floor":[70,70,70,70,70,70,70,70],"card_choices":[{"not_picked":["Terror","Dash"],"picked":"Distraction","floor":1},{"not_picked":["Flechettes","Dagger Spray"],"picked":"Prepared","floor":3},{"not_picked":["Flying Knee","Slice"],"picked":"Distraction","floor":5},{"not_picked":["Reflex","Dagger Throw"],"picked":"PiercingWail","floor":7}],"player_experience":113651,"relics_obtained":[],"event_choices":[{"damage_healed":0,"gold_gain":0,"player_choice":"Got Potions","damage_taken":0,"max_hp_gain":0,"max_hp_loss":0,"event_name":"Lab","floor":2,"gold_loss":0},{"damage_healed":0,"gold_gain":0,"player_choice":"Forge","damage_taken":0,"max_hp_gain":0,"max_hp_loss":0,"event_name":"Accursed Blacksmith","floor":4,"gold_loss":0,"cards_upgraded":["Prepared"]}],"is_beta":false,"boss_relics":[],"items_purged_floors":[],"is_endless":false,"potions_floor_spawned":[1,5],"killed_by":"3 Sentries","ascension_level":0}