{"gold_per_floor":[110,110,173,173,223,75,87,87,112,174,111,126,150,200,200,324,324,348,366,416,666,148,192,208,208,263,313,363,384,398,75,75,196,196,220,236,261,61,0,0,38,88,88,88,138,313,354,2,2,2],"floor_reached":50,"playtime":1924,"items_purged":["Injury","Doubt","Pain"],"score":681,"play_id":"c81a80d6-e987-442c-bdf2-c2c8060a2d7f","local_time":"20190204023140","is_ascension_mode":false,"campfire_choices":[{"data":"Infernal Blade","floor":8,"key":"SMITH"},{"data":"Bash","floor":15,"key":"SMITH"},{"data":"Heavy Blade","floor":25,"key":"SMITH"},{"floor":32,"key":"REST"},{"floor":40,"key":"REST"},{"data":"Uppercut","floor":44,"key":"SMITH"},{"floor":49,"key":"REST"}],"neow_cost":"NONE","seed_source_timestamp":27518417447356,"circlet_count":0,"master_deck":["Strike_R","Strike_R","Strike_R","Strike_R","Strike_R","Defend_R","Defend_R","Defend_R","Defend_R+1","Bash+1","Dramatic Entrance+1","Flex","Shrug It Off+1","Infernal Blade+1","Flex","Perfected Strike","Demon Form","Parasite","Intimidate","Heavy Blade+1","Anger","Panacea","Ghostly Armor","Cleave","Flex+1","Uppercut+1","Limit Break+1","Dual Wield+1","Anger+1","Dual Wield+1","Pommel Strike+1","Cleave+1","Anger","Power Through","Flex","Heavy Blade"],"special_seed":0,"relics":["Burning Blood","SsserpentHead","Orichalcum","MawBank","Golden Idol","Pear","Calling Bell","War Paint","Letter Opener","Bird Faced Urn","Membership Card","Kunai","Bronze Scales","Sundial","Juzu Bracelet","Strawberry","Incense Burner","ClockworkSouvenir","Philosopher\u0027s Stone","Bottled Flame","Boot","Red Mask","Paper Frog","Shuriken","Nunchaku","Ornamental Fan","Anchor","Ice Cream"],"potions_floor_usage":[16,16,23,30,33,36,41,50,50,50],"damage_taken":[{"damage":0.0,"enemies":"2 Louse","floor":1.0,"turns":4.0},{"damage":0.0,"enemies":"Cultist","floor":3.0,"turns":3.0},{"damage":6,"enemies":"Jaw Worm","floor":7,"turns":3},{"damage":4,"enemies":"Looter","floor":12,"turns":2},{"damage":4,"enemies":"Large Slime","floor":13,"turns":3},{"damage":34,"enemies":"Slime Boss","floor":16,"turns":9},{"damage":21,"enemies":"3 Byrds","floor":18,"turns":6},{"damage":0,"enemies":"Spheric Guardian","floor":19,"turns":3},{"damage":5,"enemies":"Gremlin Leader","floor":23,"turns":7},{"damage":19,"enemies":"Snake Plant","floor":24,"turns":3},{"damage":16,"enemies":"Snecko","floor":29,"turns":6},{"damage":18,"enemies":"Centurion and Healer","floor":30,"turns":4},{"damage":81,"enemies":"Champ","floor":33,"turns":9},{"damage":12,"enemies":"3 Shapes","floor":35,"turns":3},{"damage":15,"enemies":"3 Darklings","floor":36,"turns":5},{"damage":35,"enemies":"Transient","floor":37,"turns":5},{"damage":22,"enemies":"Reptomancer","floor":41,"turns":5},{"damage":38,"enemies":"Mind Bloom Boss Battle","floor":46,"turns":4},{"damage":38,"enemies":"Nemesis","floor":47,"turns":4},{"damage":46,"enemies":"Donu and Deca","floor":50,"turns":3}],"seed_played":"4048649480780830193","potions_obtained":[{"floor":1.0,"key":"PowerPotion"},{"floor":12,"key":"Explosive Potion"},{"floor":13,"key":"SneckoOil"},{"floor":18,"key":"SkillPotion"},{"floor":29,"key":"PowerPotion"},{"floor":30,"key":"SkillPotion"},{"floor":33,"key":"Block Potion"},{"floor":35,"key":"BloodPotion"},{"floor":47,"key":"SkillPotion"}],"is_trial":false,"path_per_floor":["M","?","M","$","?","$","M","R","T","?","$","M","M","T","R","B",null,"M","M","?","?","$","E","M","R","T","?","?","M","M","$","R","B",null,"M","M","M","$","?","R","E","?","T","R","?","?","E","$","R","B"],"character_chosen":"IRONCLAD","items_purchased":["Orichalcum","Flex","Membership Card","Kunai","Bronze Scales","Anger","Panacea","Incense Burner","ClockworkSouvenir","Bottled Flame","Boot","Anchor","Ice Cream","Power Through","Flex","Heavy Blade","Swift Potion","Strength Potion"],"campfire_rested":3,"item_purchase_floors":[6,11,22,22,22,22,22,31,31,38,38,48,48,48,48,48,48,48],"current_hp_per_floor":[80,80,80,80,80,80,80,80,80,80,80,80,80,90,90,62,90,75,81,81,81,81,84,71,71,71,78,78,70,62,62,91,18,97,91,82,53,53,53,82,75,75,75,75,75,43,13,13,42,0],"gold":2,"neow_bonus":"RANDOM_COLORLESS","is_prod":false,"is_daily":false,"chose_seed":false,"campfire_upgraded":4,"win_rate":0.0,"timestamp":1549218700,"path_taken":["M","?","?","$","?","$","M","R","T","?","?","M","M","?","R","BOSS","M","M","?","?","$","E","M","R","T","?","?","M","M","$","R","BOSS","M","M","M","$","?","R","E","?","T","R","?","?","E","$","R","BOSS"],"build_version":"2019-01-23","purchased_purges":3,"victory":false,"max_hp_per_floor":[80,80,80,80,80,80,80,80,80,80,80,80,80,90,90,90,90,90,90,90,90,90,90,90,90,90,97,97,97,97,97,97,97,97,97,97,97,97,97,97,97,97,97,97,97,97,97,97,97,97],"card_choices":[{"not_picked":["Rampage","Iron Wave"],"picked":"Flex","floor":1.0},{"not_picked":["Armaments","Clash"],"picked":"Shrug It Off","floor":3.0},{"not_picked":["Spot Weakness","Demon Form"],"picked":"Infernal Blade","floor":7},{"not_picked":["Perfected Strike","Metallicize"],"picked":"Flex","floor":12},{"not_picked":["Entrench","Wild Strike"],"picked":"Perfected Strike","floor":13},{"not_picked":["Feed","Limit Break"],"picked":"Demon Form","floor":16},{"not_picked":["True Grit","Pommel Strike"],"picked":"Intimidate","floor":18},{"not_picked":["Shockwave","Ghostly Armor"],"picked":"Heavy Blade","floor":19},{"not_picked":["Carnage","Pummel"],"picked":"Ghostly Armor","floor":23},{"not_picked":["Spot Weakness","Iron Wave"],"picked":"Cleave","floor":24},{"not_picked":["Clash+1","Reckless Charge+1"],"picked":"Flex+1","floor":29},{"not_picked":["Perfected Strike","Power Through"],"picked":"Uppercut","floor":30},{"not_picked":["Brutality","Impervious"],"picked":"Limit Break","floor":33},{"not_picked":["Flex","Fire Breathing"],"picked":"Dual Wield+1","floor":35},{"not_picked":["Iron Wave+1","Flex"],"picked":"Anger+1","floor":36},{"not_picked":["Wild Strike","Ghostly Armor+1"],"picked":"Dual Wield+1","floor":37},{"not_picked":["Heavy Blade","Fiend Fire"],"picked":"Pommel Strike+1","floor":41},{"not_picked":["Perfected Strike","Hemokinesis"],"picked":"Cleave+1","floor":46},{"not_picked":["Clash","Dark Embrace"],"picked":"Anger","floor":47}],"player_experience":47469,"relics_obtained":[{"floor":9,"key":"MawBank"},{"floor":14,"key":"Pear"},{"floor":17,"key":"War Paint"},{"floor":17,"key":"Letter Opener"},{"floor":17,"key":"Bird Faced Urn"},{"floor":23,"key":"Sundial"},{"floor":26,"key":"Juzu Bracelet"},{"floor":41,"key":"Paper Frog"},{"floor":43,"key":"Shuriken"},{"floor":46,"key":"Nunchaku"},{"floor":47,"key":"Ornamental Fan"}],"event_choices":[{"damage_healed":0.0,"max_hp_gain":0.0,"max_hp_loss":0.0,"gold_gain":0.0,"event_name":"FaceTrader","player_choice":"Trade","floor":2.0,"gold_loss":0.0,"damage_taken":0.0,"relics_obtained":["SsserpentHead"]},{"damage_healed":0,"gold_gain":0,"player_choice":"Grow","damage_taken":0,"max_hp_gain":0,"max_hp_loss":0,"event_name":"Living Wall","floor":5,"gold_loss":0,"cards_upgraded":["Dramatic Entrance"]},{"damage_healed":0,"gold_gain":0,"player_choice":"Take Wound","damage_taken":0,"relics_obtained":["Golden Idol"],"max_hp_gain":0,"max_hp_loss":0,"event_name":"Golden Idol","floor":10,"gold_loss":0,"cards_obtained":["Injury"]},{"damage_healed":0,"gold_gain":0,"player_choice":"Ignored","damage_taken":0,"max_hp_gain":0,"max_hp_loss":0,"event_name":"Ghosts","floor":20,"gold_loss":0},{"damage_healed":0,"gold_gain":250,"player_choice":"Bet on Owner","damage_taken":0,"max_hp_gain":0,"max_hp_loss":0,"event_name":"The Joust","floor":21,"gold_loss":50},{"damage_healed":0,"gold_gain":0,"player_choice":"Gave Potion","damage_taken":0,"relics_obtained":["Strawberry"],"max_hp_gain":0,"max_hp_loss":0,"event_name":"WeMeetAgain","floor":27,"gold_loss":0},{"damage_healed":0,"gold_gain":0,"player_choice":"Ignored","damage_taken":0,"max_hp_gain":0,"max_hp_loss":0,"event_name":"Vampires","floor":28,"gold_loss":0},{"damage_healed":0,"gold_gain":0,"player_choice":"Paid","damage_taken":0,"relics_obtained":["Red Mask"],"max_hp_gain":0,"max_hp_loss":0,"event_name":"Tomb of Lord Red Mask","floor":39,"gold_loss":111},{"damage_healed":0,"gold_gain":0,"player_choice":"Upgraded","damage_taken":0,"max_hp_gain":0,"max_hp_loss":0,"event_name":"Upgrade Shrine","floor":42,"gold_loss":0,"cards_upgraded":["Limit Break"]},{"cards_removed":["Flex"],"damage_healed":0,"gold_gain":0,"player_choice":"Removed Skill","damage_taken":0,"max_hp_gain":0,"max_hp_loss":0,"event_name":"Falling","floor":45,"gold_loss":0},{"damage_healed":0,"gold_gain":0,"player_choice":"Fight","damage_taken":0,"max_hp_gain":0,"max_hp_loss":0,"event_name":"MindBloom","floor":46,"gold_loss":0}],"is_beta":false,"boss_relics":[{"not_picked":["Busted Crown","Runic Dome"],"picked":"Calling Bell"},{"not_picked":["Velvet Choker","Black Blood"],"picked":"Philosopher\u0027s Stone"}],"items_purged_floors":[11,22,31],"is_endless":false,"potions_floor_spawned":[1,12,13,18,29,30,33,35,47],"killed_by":"Donu and Deca","ascension_level":0}