{"gold_per_floor":[118,118,143,143,161,193,205,250,262,292,304,70,89,40,40,137,137,155,165,565,582,601,601,308,340,388,137,163,163,163,16,16,111,111,124,137,186,186,205,50,77,77,77,28,28,40,52,66,66,66],"floor_reached":50,"playtime":2852,"items_purged":[],"score":594,"play_id":"f08cc12b-0d0d-42ee-8c19-3cd8676fc989","local_time":"20190205161610","is_ascension_mode":true,"campfire_choices":[{"floor":7.0,"key":"REST"},{"floor":11.0,"key":"REST"},{"floor":15.0,"key":"REST"},{"floor":23.0,"key":"REST"},{"floor":29.0,"key":"REST"},{"floor":32.0,"key":"REST"},{"floor":45.0,"key":"REST"},{"floor":49.0,"key":"REST"}],"neow_cost":"PERCENT_DAMAGE","seed_source_timestamp":0,"circlet_count":0,"master_deck":["Defend_G","Defend_G","Defend_G+1","Defend_G","Defend_G+1","Strike_G+1","Strike_G","Strike_G","Strike_G","Strike_G","Survivor","Neutralize","Corpse Explosion+1","Slice","Flying Knee+1","Sucker Punch","Slice","Dodge and Roll+1","Heel Hook","Backflip+1","Glass Knife","Sucker Punch+1","Prepared+1","Reflex+1","Calculated Gamble+1","Backstab","Heel Hook+1","Blur+1","Adrenaline+1","Heel Hook+1","Deflect+1","Writhe","Backflip+1","Flying Knee","Underhanded Strike+1","Terror+1","Parasite","Blade Dance+1","Endless Agony","Terror+1"],"special_seed":0,"relics":["Ring of the Snake","Boot","War Paint","MawBank","Pen Nib","Toxic Egg 2","Gremlin Horn","Runic Pyramid","Old Coin","Singing Bowl","Regal Pillow","Whetstone","Bird Faced Urn","PreservedInsect","Bottled Flame","Ornamental Fan","Nilry\u0027s Codex","Oddly Smooth Stone","Black Star","Tingsha","Happy Flower","Bag of Marbles","Meat on the Bone","Dream Catcher"],"potions_floor_usage":[50],"damage_taken":[{"damage":5.0,"enemies":"2 Louse","floor":1.0,"turns":3.0},{"damage":0.0,"enemies":"Jaw Worm","floor":5.0,"turns":2.0},{"damage":20.0,"enemies":"Gremlin Nob","floor":6.0,"turns":5.0},{"damage":26.0,"enemies":"Lagavulin","floor":8.0,"turns":6.0},{"damage":0.0,"enemies":"Small Slimes","floor":10.0,"turns":3.0},{"damage":0.0,"enemies":"Blue Slaver","floor":13.0,"turns":3.0},{"damage":39.0,"enemies":"Slime Boss","floor":16.0,"turns":13.0},{"damage":8.0,"enemies":"Shell Parasite","floor":18.0,"turns":5.0},{"damage":0.0,"enemies":"3 Byrds","floor":19.0,"turns":2.0},{"damage":10.0,"enemies":"Colosseum Slavers","floor":20.0,"turns":4.0},{"damage":28.0,"enemies":"Colosseum Nobs","floor":20.0,"turns":5.0},{"damage":11.0,"enemies":"Cultist and Chosen","floor":21.0,"turns":4.0},{"damage":3.0,"enemies":"Shelled Parasite and Fungi","floor":22.0,"turns":6.0},{"damage":4.0,"enemies":"Book of Stabbing","floor":25.0,"turns":5.0},{"damage":4.0,"enemies":"Gremlin Leader","floor":28.0,"turns":3.0},{"damage":22.0,"enemies":"Collector","floor":33.0,"turns":7.0},{"damage":7.0,"enemies":"Orb Walker","floor":35.0,"turns":3.0},{"damage":0.0,"enemies":"3 Shapes","floor":36.0,"turns":4.0},{"damage":8.0,"enemies":"2 Orb Walkers","floor":37.0,"turns":3.0},{"damage":26.0,"enemies":"Sphere and 2 Shapes","floor":39.0,"turns":5.0},{"damage":6.0,"enemies":"Nemesis","floor":41.0,"turns":4.0},{"damage":5.0,"enemies":"3 Darklings","floor":46.0,"turns":4.0},{"damage":0.0,"enemies":"Writhing Mass","floor":47.0,"turns":4.0},{"damage":18.0,"enemies":"Spire Growth","floor":48.0,"turns":4.0},{"damage":75,"enemies":"Time Eater","floor":50,"turns":6}],"seed_played":"-5820094760238689764","potions_obtained":[{"floor":5.0,"key":"Dexterity Potion"},{"floor":6.0,"key":"Fire Potion"},{"floor":13.0,"key":"AttackPotion"},{"floor":18.0,"key":"LiquidBronze"},{"floor":21.0,"key":"FearPotion"},{"floor":25.0,"key":"FearPotion"},{"floor":33.0,"key":"PowerPotion"},{"floor":35.0,"key":"GamblersBrew"},{"floor":37.0,"key":"PowerPotion"},{"floor":46.0,"key":"GamblersBrew"}],"is_trial":false,"path_per_floor":["M","?","T","?","M","E","R","E","T","M","R","$","M","$","R","B",null,"M","M","?","M","M","R","$","E","T","$","E","R","?","$","R","B",null,"M","M","?","?","M","$","E","?","T","$","R","M","M","M","R","B"],"character_chosen":"THE_SILENT","items_purchased":["Gremlin Horn","Backflip+1","Regal Pillow","Whetstone","Bottled Flame","Oddly Smooth Stone","Happy Flower","Flying Knee"],"campfire_rested":8,"item_purchase_floors":[12,14,24,24,27,31,40,44],"current_hp_per_floor":[44,41,41,41,41,21,42,16,16,16,37,37,37,37,58,19,70,62,62,24,13,10,31,31,27,27,27,23,59,43,43,70,48,70,63,65,59,72,48,48,42,42,42,42,74,69,69,51,74,0],"gold":66,"neow_bonus":"THREE_RARE_CARDS","is_prod":false,"is_daily":false,"chose_seed":false,"campfire_upgraded":0,"win_rate":0,"timestamp":1549354570,"path_taken":["M","?","?","?","M","E","R","E","T","M","R","?","?","$","R","BOSS","M","?","?","M","M","R","?","E","T","$","E","R","?","?","R","BOSS","M","M","?","?","M","$","E","?","T","$","R","M","M","M","R","BOSS"],"build_version":"2019-01-23","purchased_purges":0,"victory":false,"max_hp_per_floor":[70,70,70,70,70,70,70,70,70,70,70,70,70,70,70,70,70,70,70,70,70,70,70,70,70,70,70,70,70,70,70,70,70,70,70,72,72,72,74,74,74,74,74,74,74,74,74,74,74,74],"card_choices":[{"not_picked":["A Thousand Cuts","Malaise"],"picked":"Corpse Explosion","floor":0.0},{"not_picked":["PiercingWail","Riddle With Holes"],"picked":"Slice","floor":1.0},{"not_picked":["Quick Slash","PiercingWail"],"picked":"Flying Knee","floor":5.0},{"not_picked":["Venomology","Burst"],"picked":"Sucker Punch","floor":6.0},{"not_picked":["Prepared","Underhanded Strike"],"picked":"Slice","floor":8.0},{"not_picked":["Flying Knee","Finisher"],"picked":"Dodge and Roll+1","floor":10.0},{"not_picked":["Endless Agony","Poisoned Stab"],"picked":"Heel Hook","floor":13.0},{"not_picked":["Tools of the Trade","Malaise+1"],"picked":"Glass Knife","floor":16.0},{"not_picked":["Blur+1","Escape Plan+1"],"picked":"Sucker Punch+1","floor":18.0},{"not_picked":["Acrobatics+1","Flechettes+1"],"picked":"Prepared+1","floor":19.0},{"not_picked":["Dash","Slice"],"picked":"Reflex+1","floor":20.0},{"not_picked":["Caltrops","Dodge and Roll+1"],"picked":"Calculated Gamble+1","floor":21.0},{"not_picked":["Sucker Punch+1","Underhanded Strike"],"picked":"Backstab","floor":22.0},{"not_picked":["Bane","Leg Sweep+1"],"picked":"Heel Hook+1","floor":25.0},{"not_picked":["PiercingWail+1","Flying Knee+1"],"picked":"Blur+1","floor":28.0},{"not_picked":["A Thousand Cuts","Burst+1"],"picked":"Adrenaline+1","floor":33.0},{"not_picked":["Sucker Punch","Deadly Poison+1"],"picked":"Heel Hook+1","floor":35.0},{"not_picked":["Flechettes+1","Poisoned Stab+1","Caltrops"],"picked":"Singing Bowl","floor":36.0},{"not_picked":["Flying Knee","Dagger Throw"],"picked":"Deflect+1","floor":37.0},{"not_picked":["Bane+1","Slice","Dagger Throw"],"picked":"Singing Bowl","floor":39.0},{"not_picked":["Expertise+1","Leg Sweep+1"],"picked":"Backflip+1","floor":41.0},{"not_picked":["Phantasmal Killer+1","Accuracy"],"picked":"Underhanded Strike+1","floor":45.0},{"not_picked":["Eviscerate","Deadly Poison+1"],"picked":"Terror+1","floor":46.0},{"not_picked":["Heel Hook","Slice"],"picked":"Blade Dance+1","floor":47.0},{"not_picked":["Blade Dance+1","Poisoned Stab"],"picked":"Endless Agony","floor":48.0},{"not_picked":["Deflect+1","Tools of the Trade"],"picked":"Terror+1","floor":49.0}],"player_experience":71013,"relics_obtained":[{"floor":3.0,"key":"War Paint"},{"floor":6.0,"key":"MawBank"},{"floor":8.0,"key":"Pen Nib"},{"floor":9.0,"key":"Toxic Egg 2"},{"floor":20.0,"key":"Old Coin"},{"floor":20.0,"key":"Singing Bowl"},{"floor":25.0,"key":"Bird Faced Urn"},{"floor":26.0,"key":"PreservedInsect"},{"floor":28.0,"key":"Ornamental Fan"},{"floor":30.0,"key":"Nilry\u0027s Codex"},{"floor":37.0,"key":"Tingsha"},{"floor":41.0,"key":"Bag of Marbles"},{"floor":41.0,"key":"Meat on the Bone"},{"floor":43.0,"key":"Dream Catcher"}],"event_choices":[{"damage_healed":0.0,"max_hp_gain":0.0,"max_hp_loss":0.0,"gold_gain":0.0,"event_name":"Scrap Ooze","player_choice":"Success","floor":2.0,"gold_loss":0.0,"damage_taken":3.0,"relics_obtained":["Boot"]},{"damage_healed":0.0,"max_hp_gain":0.0,"max_hp_loss":0.0,"gold_gain":0.0,"event_name":"Living Wall","player_choice":"Grow","floor":4.0,"gold_loss":0.0,"damage_taken":0.0,"cards_upgraded":["Corpse Explosion"]},{"damage_healed":0.0,"max_hp_gain":0.0,"max_hp_loss":0.0,"gold_gain":0.0,"event_name":"Colosseum","player_choice":"Fight","floor":20.0,"gold_loss":0.0,"damage_taken":0.0},{"damage_healed":0.0,"max_hp_gain":0.0,"max_hp_loss":0.0,"gold_gain":0.0,"event_name":"Colosseum","player_choice":"Fought Nobs","floor":20.0,"gold_loss":0.0,"damage_taken":0.0},{"damage_healed":0.0,"max_hp_gain":0.0,"max_hp_loss":0.0,"gold_gain":0.0,"event_name":"Cursed Tome","player_choice":"Obtained Book","floor":30.0,"gold_loss":0.0,"damage_taken":16.0},{"damage_healed":0.0,"max_hp_gain":0.0,"max_hp_loss":0.0,"gold_gain":0.0,"event_name":"Mysterious Sphere","player_choice":"Fight","floor":37.0,"gold_loss":0.0,"damage_taken":0.0},{"damage_healed":18.0,"max_hp_gain":0.0,"max_hp_loss":0.0,"gold_gain":0.0,"event_name":"Winding Halls","player_choice":"Writhe","floor":38.0,"gold_loss":0.0,"damage_taken":0.0,"cards_obtained":["Writhe"]},{"damage_healed":0.0,"max_hp_gain":0.0,"max_hp_loss":0.0,"gold_gain":0.0,"event_name":"SecretPortal","player_choice":"Ignored","floor":42.0,"gold_loss":0.0,"damage_taken":0.0}],"is_beta":false,"boss_relics":[{"not_picked":["Runic Dome","Sozu"],"picked":"Runic Pyramid"},{"not_picked":["Ring of the Serpent","Lizard Tail"],"picked":"Black Star"}],"items_purged_floors":[],"is_endless":false,"potions_floor_spawned":[5,6,13,18,21,25,33,35,37,46],"killed_by":"Time Eater","ascension_level":1}