{"gold_per_floor":[115,115,115,40,59,91,91,118,197,197,259,269,269,287,287,388,438,452,551,567,169,187,187,247,101,101,132,148,148,113,137,137,233,233,250,105,205,205,221,254,254,51,51,63,89,89,89,102,102,102],"floor_reached":51,"playtime":1971,"items_purged":[],"score":1152,"play_id":"e8eaf9ee-d610-4eff-9caf-9445a93676c7","local_time":"20190206103225","is_ascension_mode":true,"campfire_choices":[{"floor":7.0,"key":"REST"},{"floor":10.0,"key":"REST"},{"data":"Pommel Strike","floor":13.0,"key":"SMITH"},{"data":"Uppercut","floor":15.0,"key":"SMITH"},{"floor":23.0,"key":"REST"},{"data":"Seeing Red","floor":32.0,"key":"SMITH"},{"floor":46.0,"key":"REST"},{"floor":49.0,"key":"REST"}],"neow_cost":"CURSE","seed_source_timestamp":74489295608915,"circlet_count":0,"master_deck":["Strike_R","Strike_R","Strike_R+1","Strike_R","Strike_R","Defend_R","Defend_R","Defend_R","Defend_R","Bash+1","Limit Break","Pommel Strike+1","Anger","Cleave","Anger","Uppercut+1","Thunderclap","Feed+1","Cleave","Thunderclap","Spot Weakness","Iron Wave","Rage","Shrug It Off","Shrug It Off","Seeing Red+1","Immolate+1","Perfected Strike","Anger+1","Warcry","Pommel Strike+1","Flex","Parasite","Clothesline","Spot Weakness","Pommel Strike+1"],"special_seed":0,"relics":["Black Blood","Blood Vial","Kunai","Self Forming Clay","Ornamental Fan","Tiny House","Gremlin Horn","Ancient Tea Set","Tiny Chest","Bag of Preparation","Paper Frog","Vajra","Smiling Mask","Oddly Smooth Stone","Charon\u0027s Ashes","Singing Bowl","Whetstone","Pear","Orichalcum","Pen Nib"],"potions_floor_usage":[50],"damage_taken":[{"damage":5.0,"enemies":"2 Louse","floor":1.0,"turns":4.0},{"damage":1.0,"enemies":"Cultist","floor":5.0,"turns":3.0},{"damage":50.0,"enemies":"3 Sentries","floor":6.0,"turns":9.0},{"damage":16.0,"enemies":"Gremlin Nob","floor":8.0,"turns":3.0},{"damage":0.0,"enemies":"Small Slimes","floor":12.0,"turns":2.0},{"damage":16.0,"enemies":"Exordium Wildlife","floor":14.0,"turns":3.0},{"damage":23.0,"enemies":"Slime Boss","floor":16.0,"turns":8.0},{"damage":4.0,"enemies":"3 Byrds","floor":18.0,"turns":5.0},{"damage":9.0,"enemies":"Chosen","floor":20.0,"turns":4.0},{"damage":42.0,"enemies":"Snecko","floor":22.0,"turns":6.0},{"damage":43.0,"enemies":"Book of Stabbing","floor":24.0,"turns":5.0},{"damage":0.0,"enemies":"Gremlin Leader","floor":27.0,"turns":4.0},{"damage":0.0,"enemies":"Chosen and Byrds","floor":28.0,"turns":5.0},{"damage":47.0,"enemies":"Automaton","floor":33.0,"turns":8.0},{"damage":10.0,"enemies":"Orb Walker","floor":35.0,"turns":3.0},{"damage":0.0,"enemies":"Mind Bloom Boss Battle","floor":37.0,"turns":5.0},{"damage":0.0,"enemies":"3 Darklings","floor":39.0,"turns":1.0},{"damage":18.0,"enemies":"Reptomancer","floor":40.0,"turns":5.0},{"damage":23.0,"enemies":"Writhing Mass","floor":44.0,"turns":4.0},{"damage":59.0,"enemies":"Nemesis","floor":45.0,"turns":9.0},{"damage":11.0,"enemies":"Spire Growth","floor":48.0,"turns":4.0},{"damage":73,"enemies":"Time Eater","floor":50,"turns":5}],"seed_played":"-5041361221917554579","potions_obtained":[{"floor":5.0,"key":"Poison Potion"},{"floor":12.0,"key":"Strength Potion"},{"floor":14.0,"key":"Regen Potion"},{"floor":17.0,"key":"SpeedPotion"},{"floor":18.0,"key":"Fruit Juice"},{"floor":22.0,"key":"SteroidPotion"},{"floor":28.0,"key":"Poison Potion"},{"floor":35.0,"key":"AttackPotion"},{"floor":38.0,"key":"Energy Potion"},{"floor":38.0,"key":"Poison Potion"},{"floor":40.0,"key":"EssenceOfSteel"},{"floor":45.0,"key":"AttackPotion"}],"is_trial":false,"path_per_floor":["M","?","?","?","M","E","R","E","T","R","?","M","R","M","R","B",null,"M","?","M","$","M","R","E","$","T","E","M","?","$","T","R","B",null,"M","$","?","?","M","E","?","$","T","M","E","R","T","M","R","B",null],"character_chosen":"IRONCLAD","items_purchased":["Gremlin Horn","Ancient Tea Set","Bag of Preparation","Seeing Red","Oddly Smooth Stone","Whetstone","Flex"],"campfire_rested":5,"item_purchase_floors":[21,21,25,30,36,42,42],"current_hp_per_floor":[73,73,57,57,64,22,46,38,38,62,62,70,70,62,62,47,77,85,85,93,93,59,88,58,58,58,66,74,74,74,74,74,35,82,84,84,96,96,102,94,94,94,104,93,46,79,79,80,112,49],"gold":102,"neow_bonus":"THREE_RARE_CARDS","is_prod":false,"is_daily":false,"chose_seed":false,"campfire_upgraded":3,"win_rate":0,"timestamp":1549420345,"path_taken":["M","?","?","?","?","E","R","E","T","R","?","M","R","M","R","BOSS","M","?","M","$","M","R","E","$","T","E","M","?","?","?","R","BOSS","M","$","?","?","?","E","?","$","T","M","E","R","?","?","R","BOSS"],"build_version":"2019-01-23","purchased_purges":0,"victory":true,"max_hp_per_floor":[80,80,80,80,80,80,80,80,80,80,80,80,80,80,80,80,85,89,89,98,98,98,98,98,98,98,98,98,98,98,98,98,98,98,98,98,98,98,102,102,102,102,112,112,112,112,112,112,112,112],"card_choices":[{"not_picked":["Barricade","Reaper"],"picked":"Limit Break","floor":0.0},{"not_picked":["Wild Strike","Armaments"],"picked":"Pommel Strike","floor":1.0},{"not_picked":["Spot Weakness","Disarm"],"picked":"Anger","floor":5.0},{"not_picked":["Headbutt","Perfected Strike"],"picked":"Cleave","floor":6.0},{"not_picked":["Sentinel","Dark Embrace"],"picked":"Anger","floor":8.0},{"not_picked":["True Grit","Armaments"],"picked":"Uppercut","floor":12.0},{"not_picked":["Perfected Strike","Warcry"],"picked":"Thunderclap","floor":14.0},{"not_picked":["Reaper","Demon Form"],"picked":"Feed","floor":16.0},{"not_picked":["Power Through","Armaments"],"picked":"Cleave","floor":17.0},{"not_picked":["Pommel Strike","Twin Strike"],"picked":"Thunderclap","floor":18.0},{"not_picked":["Sword Boomerang","Clash"],"picked":"Spot Weakness","floor":20.0},{"not_picked":["Metallicize","Heavy Blade"],"picked":"Iron Wave","floor":22.0},{"not_picked":["Disarm","Twin Strike"],"picked":"Rage","floor":24.0},{"not_picked":["Pommel Strike","Burning Pact+1"],"picked":"Shrug It Off","floor":27.0},{"not_picked":["Pummel","Berserk"],"picked":"Shrug It Off","floor":28.0},{"not_picked":["Fiend Fire","Reaper"],"picked":"Immolate","floor":33.0},{"not_picked":["Clothesline","Carnage+1"],"picked":"Perfected Strike","floor":35.0},{"not_picked":["Second Wind+1","Impervious"],"picked":"Anger+1","floor":37.0},{"not_picked":["Clash","Twin Strike"],"picked":"Warcry","floor":39.0},{"not_picked":["Second Wind","Uppercut"],"picked":"Pommel Strike","floor":40.0},{"not_picked":["True Grit","Perfected Strike"],"picked":"Clothesline","floor":44.0},{"not_picked":["Clothesline","Heavy Blade+1"],"picked":"Spot Weakness","floor":45.0},{"not_picked":["Fiend Fire","Flame Barrier+1"],"picked":"Pommel Strike+1","floor":48.0}],"player_experience":82408,"relics_obtained":[{"floor":6.0,"key":"Kunai"},{"floor":8.0,"key":"Self Forming Clay"},{"floor":9.0,"key":"Ornamental Fan"},{"floor":24.0,"key":"Tiny Chest"},{"floor":26.0,"key":"Paper Frog"},{"floor":27.0,"key":"Vajra"},{"floor":31.0,"key":"Smiling Mask"},{"floor":37.0,"key":"Charon\u0027s Ashes"},{"floor":40.0,"key":"Singing Bowl"},{"floor":43.0,"key":"Pear"},{"floor":45.0,"key":"Orichalcum"},{"floor":47.0,"key":"Pen Nib"}],"event_choices":[{"cards_removed":["Normality"],"damage_healed":0.0,"max_hp_gain":0.0,"max_hp_loss":0.0,"gold_gain":0.0,"event_name":"Living Wall","player_choice":"Forget","floor":2.0,"gold_loss":0.0,"damage_taken":0.0},{"damage_healed":0.0,"max_hp_gain":0.0,"max_hp_loss":0.0,"gold_gain":0.0,"event_name":"Shining Light","player_choice":"Entered Light","floor":3.0,"gold_loss":0.0,"damage_taken":16.0,"cards_upgraded":["Strike_R","Bash"]},{"damage_healed":0.0,"max_hp_gain":0.0,"max_hp_loss":0.0,"gold_gain":0.0,"event_name":"WeMeetAgain","player_choice":"Paid Gold","floor":4.0,"gold_loss":75.0,"damage_taken":0.0,"relics_obtained":["Blood Vial"]},{"damage_healed":0.0,"max_hp_gain":0.0,"max_hp_loss":0.0,"gold_gain":62.0,"event_name":"Golden Wing","player_choice":"Gained Gold","floor":11.0,"gold_loss":0.0,"damage_taken":0.0},{"damage_healed":0.0,"max_hp_gain":0.0,"max_hp_loss":0.0,"gold_gain":99.0,"event_name":"Nest","player_choice":"Stole From Cult","floor":19.0,"gold_loss":0.0,"damage_taken":0.0},{"damage_healed":0.0,"max_hp_gain":0.0,"max_hp_loss":0.0,"gold_gain":0.0,"event_name":"Beggar","player_choice":"Ignored","floor":29.0,"gold_loss":0.0,"damage_taken":0.0},{"damage_healed":0.0,"max_hp_gain":0.0,"max_hp_loss":0.0,"gold_gain":0.0,"event_name":"MindBloom","player_choice":"Fight","floor":37.0,"gold_loss":0.0,"damage_taken":0.0},{"damage_healed":0.0,"max_hp_gain":0.0,"max_hp_loss":0.0,"gold_gain":0.0,"event_name":"Lab","player_choice":"Got Potions","floor":38.0,"gold_loss":0.0,"damage_taken":0.0},{"damage_healed":0.0,"max_hp_gain":0.0,"max_hp_loss":0.0,"gold_gain":0.0,"event_name":"Tomb of Lord Red Mask","player_choice":"Ignored","floor":41.0,"gold_loss":0.0,"damage_taken":0.0}],"is_beta":false,"boss_relics":[{"not_picked":["Eternal Feather","Calling Bell"],"picked":"Tiny House"},{"not_picked":["Runic Dome","Runic Cube"],"picked":"Black Blood"}],"items_purged_floors":[],"is_endless":false,"potions_floor_spawned":[5,12,14,18,22,28,35,40,45],"ascension_level":7}