{"gold_per_floor":[110,110,110,133,133,176,235,25,73,97,97,111,139,29,29,29],"floor_reached":16,"playtime":550,"items_purged":[],"score":196,"play_id":"8fd653c1-c81d-4817-9e76-d734daeb3a04","local_time":"20190205150552","is_ascension_mode":true,"campfire_choices":[{"floor":11,"key":"REST"},{"floor":15,"key":"DIG"}],"neow_cost":"NONE","seed_source_timestamp":96483916403555,"circlet_count":0,"master_deck":["AscendersBane","Strike_R","Strike_R","Strike_R","Strike_R","Strike_R","Defend_R","Defend_R","Defend_R","Bash","Uppercut","Cleave","Armaments","Intimidate","Flame Barrier","Feel No Pain"],"relics":["Burning Blood","Art of War","Golden Idol","Shovel","Membership Card","Omamori","Odd Mushroom","ClockworkSouvenir","Gambling Chip"],"potions_floor_usage":[10,13],"damage_taken":[{"damage":12,"enemies":"Cultist","floor":1,"turns":4},{"damage":8,"enemies":"2 Louse","floor":4,"turns":2},{"damage":47,"enemies":"3 Sentries","floor":6,"turns":10},{"damage":4,"enemies":"Jaw Worm","floor":10,"turns":2},{"damage":6,"enemies":"Exordium Wildlife","floor":12,"turns":3},{"damage":0,"enemies":"The Mushroom Lair","floor":13,"turns":3},{"damage":36,"enemies":"Slime Boss","floor":16,"turns":8}],"seed_played":"6181965585595939597","potions_obtained":[{"floor":6,"key":"Strength Potion"},{"floor":12,"key":"Energy Potion"}],"is_trial":false,"path_per_floor":["M","$","?","M","?","E","?","$","T","M","R","M","?","$","R","B"],"character_chosen":"IRONCLAD","items_purchased":["Membership Card","ClockworkSouvenir"],"campfire_rested":1,"item_purchase_floors":[8,14],"current_hp_per_floor":[62,62,62,60,60,19,19,19,19,21,41,41,47,47,47,11],"gold":29,"neow_bonus":"RANDOM_COMMON_RELIC","is_prod":false,"is_daily":false,"chose_seed":false,"campfire_upgraded":0,"win_rate":0,"timestamp":1549404352,"path_taken":["M","$","?","M","?","E","?","$","T","M","R","?","?","$","R","BOSS"],"build_version":"2019-01-23","purchased_purges":0,"victory":false,"max_hp_per_floor":[75,75,68,68,68,68,68,68,68,68,68,68,68,68,68,68],"card_choices":[{"not_picked":["Twin Strike","Thunderclap"],"picked":"Uppercut","floor":1},{"not_picked":["Sword Boomerang","Power Through"],"picked":"Cleave","floor":4},{"not_picked":["Clothesline","Spot Weakness"],"picked":"Intimidate","floor":6},{"not_picked":["Armaments","Corruption"],"picked":"Flame Barrier","floor":10},{"not_picked":["Clothesline","Rampage","Metallicize"],"picked":"SKIP","floor":12},{"not_picked":["Perfected Strike","Body Slam"],"picked":"Feel No Pain","floor":13}],"player_experience":763048,"relics_obtained":[{"floor":6,"key":"Shovel"},{"floor":9,"key":"Omamori"},{"floor":13,"key":"Odd Mushroom"},{"floor":15,"key":"Gambling Chip"}],"event_choices":[{"damage_healed":0,"gold_gain":0,"player_choice":"Lose Max HP","damage_taken":0,"relics_obtained":["Golden Idol"],"max_hp_gain":0,"max_hp_loss":7,"event_name":"Golden Idol","floor":3,"gold_loss":0},{"damage_healed":0,"gold_gain":0,"cards_transformed":["Defend_R"],"player_choice":"Change","damage_taken":0,"max_hp_gain":0,"max_hp_loss":0,"event_name":"Living Wall","floor":5,"gold_loss":0,"cards_obtained":["Armaments"]},{"damage_healed":0,"gold_gain":59,"player_choice":"Gained Gold","damage_taken":0,"max_hp_gain":0,"max_hp_loss":0,"event_name":"Golden Wing","floor":7,"gold_loss":0},{"damage_healed":0,"gold_gain":0,"player_choice":"Fought Mushrooms","damage_taken":0,"max_hp_gain":0,"max_hp_loss":0,"event_name":"Mushrooms","floor":13,"gold_loss":0}],"is_beta":false,"boss_relics":[],"items_purged_floors":[],"is_endless":false,"potions_floor_spawned":[6,12],"killed_by":"Slime Boss","ascension_level":20}