{"gold_per_floor":[119,119,119,194,212,242,242,275,322,353,353,353,366,376,376,452,452,470,488,503,255,265,265,277,277,277,309,328,341,231,244,244,318,318,331,331,343,343,343],"floor_reached":39,"playtime":16053,"items_purged":["Strike_R"],"score":829,"play_id":"2862dd93-96f3-459d-a63a-5663aa9e9306","local_time":"20181116125033","is_ascension_mode":true,"campfire_choices":[{"data":"Havoc","floor":7.0,"key":"SMITH"},{"data":"Shrug It Off","floor":12.0,"key":"SMITH"},{"data":"Flame Barrier","floor":15.0,"key":"SMITH"},{"data":"Inflame","floor":23,"key":"SMITH"},{"data":"Dark Embrace","floor":25,"key":"SMITH"},{"floor":32,"key":"REST"}],"neow_cost":"NONE","seed_source_timestamp":52942104898098,"circlet_count":0,"master_deck":["AscendersBane","Strike_R+1","Strike_R+1","Defend_R","Defend_R","Defend_R","Bash+1","Pommel Strike","Havoc+1","Shrug It Off+1","Armaments+1","Inflame+1","Flame Barrier+1","Dark Embrace+1","True Grit+1","Thunderclap","Intimidate+1","Battle Trance","Pummel","Juggernaut","Dual Wield","Metallicize","Sword Boomerang","Fiend Fire","Dramatic Entrance","Shrug It Off"],"special_seed":0,"relics":["Burning Blood","NeowsBlessing","Ancient Tea Set","Bird Faced Urn","Pen Nib","Bottled Flame","Cursed Key","Vajra","Empty Cage"],"potions_floor_usage":[24,28,29,37],"damage_taken":[{"damage":0.0,"enemies":"2 Louse","floor":1.0,"turns":1.0},{"damage":0.0,"enemies":"Small Slimes","floor":5.0,"turns":1.0},{"damage":0.0,"enemies":"3 Sentries","floor":6.0,"turns":1.0},{"damage":8.0,"enemies":"Gremlin Nob","floor":8.0,"turns":3.0},{"damage":29.0,"enemies":"3 Sentries","floor":10.0,"turns":10.0},{"damage":0.0,"enemies":"Cultist","floor":13.0,"turns":1.0},{"damage":15.0,"enemies":"Large Slime","floor":14.0,"turns":4.0},{"damage":17.0,"enemies":"The Guardian","floor":16.0,"turns":9.0},{"damage":10.0,"enemies":"Spheric Guardian","floor":18.0,"turns":5.0},{"damage":6.0,"enemies":"Chosen","floor":19.0,"turns":5.0},{"damage":26,"enemies":"3 Cultists","floor":20,"turns":5},{"damage":5,"enemies":"Centurion and Healer","floor":22,"turns":7},{"damage":0,"enemies":"Cultist and Chosen","floor":24,"turns":7},{"damage":28,"enemies":"Gremlin Leader","floor":27,"turns":10},{"damage":35,"enemies":"3 Cultists","floor":28,"turns":6},{"damage":0,"enemies":"Centurion and Healer","floor":29,"turns":7},{"damage":25,"enemies":"Shelled Parasite and Fungi","floor":31,"turns":8},{"damage":20,"enemies":"Champ","floor":33,"turns":9},{"damage":20,"enemies":"3 Darklings","floor":35,"turns":6},{"damage":47,"enemies":"3 Shapes","floor":37,"turns":4},{"damage":24,"enemies":"Sphere and 2 Shapes","floor":39,"turns":5}],"seed_played":"-6700432802803406794","potions_obtained":[{"floor":1.0,"key":"SteroidPotion"},{"floor":10.0,"key":"GamblersBrew"},{"floor":14.0,"key":"BloodPotion"},{"floor":18.0,"key":"Block Potion"},{"floor":20,"key":"Block Potion"},{"floor":27,"key":"Swift Potion"},{"floor":33,"key":"LiquidBronze"},{"floor":35,"key":"AttackPotion"}],"is_trial":false,"path_per_floor":["M","?","?","?","M","E","R","E","T","E","?","R","M","M","R","B",null,"M","M","M","$","M","R","M","R","T","E","M","M","?","M","R","B",null,"M","?","M","$","M"],"character_chosen":"IRONCLAD","items_purchased":["Battle Trance","Pummel"],"campfire_rested":1,"item_purchase_floors":[21,21],"current_hp_per_floor":[74,51,51,40,46,52,52,50,50,27,27,27,33,26,26,24,62,62,66,50,50,55,55,67,67,67,53,34,50,50,39,61,55,70,63,63,30,30,14],"gold":343,"neow_bonus":"THREE_ENEMY_KILL","is_prod":false,"is_daily":false,"chose_seed":false,"campfire_upgraded":5,"win_rate":0,"timestamp":1542401433,"path_taken":["M","?","?","?","M","E","R","E","T","E","?","R","M","M","R","BOSS","M","M","M","$","M","R","M","R","T","E","M","?","?","M","R","BOSS","M","?","M","$","M"],"build_version":"2018-11-15","purchased_purges":1,"victory":false,"max_hp_per_floor":[75,75,75,75,75,75,75,75,75,75,75,75,75,75,75,75,75,75,75,75,75,75,75,75,75,75,75,75,75,75,75,75,75,75,75,75,75,75,75],"card_choices":[{"not_picked":["Combust","Pommel Strike","Warcry"],"picked":"SKIP","floor":1.0},{"not_picked":["Combust","Warcry"],"picked":"Pommel Strike","floor":1.0},{"not_picked":["Wild Strike","Clash","Evolve"],"picked":"SKIP","floor":5.0},{"not_picked":["Entrench","Cleave"],"picked":"Havoc","floor":6.0},{"not_picked":["Rampage","Thunderclap"],"picked":"Shrug It Off","floor":8.0},{"not_picked":["Thunderclap","Wild Strike"],"picked":"Armaments","floor":10.0},{"not_picked":["Metallicize","Blood for Blood"],"picked":"Inflame","floor":13.0},{"not_picked":["Perfected Strike","Shrug It Off"],"picked":"Flame Barrier","floor":14.0},{"not_picked":["Reaper","Berserk"],"picked":"Dark Embrace","floor":16.0},{"not_picked":["Wild Strike","Clash"],"picked":"True Grit","floor":18.0},{"not_picked":["Havoc","Dropkick"],"picked":"Thunderclap","floor":19.0},{"not_picked":["Body Slam+1","Thunderclap"],"picked":"Intimidate+1","floor":20},{"not_picked":["Infernal Blade","Hemokinesis"],"picked":"Juggernaut","floor":22},{"not_picked":["Rampage","Headbutt"],"picked":"Dual Wield","floor":24},{"not_picked":["Cleave+1","Infernal Blade"],"picked":"Metallicize","floor":27},{"not_picked":["Headbutt","Pommel Strike"],"picked":"Sword Boomerang","floor":28},{"not_picked":["Clothesline","Body Slam","Twin Strike"],"picked":"SKIP","floor":29},{"not_picked":["Thunderclap","Flex","Perfected Strike"],"picked":"SKIP","floor":31},{"not_picked":["Offering","Berserk"],"picked":"Fiend Fire","floor":33},{"not_picked":["Twin Strike","Anger","Havoc"],"picked":"SKIP","floor":35},{"not_picked":["Bandage Up","Jack Of All Trades"],"picked":"Dramatic Entrance","floor":36},{"not_picked":["Blood for Blood","True Grit+1"],"picked":"Shrug It Off","floor":37}],"player_experience":1305265,"relics_obtained":[{"floor":6.0,"key":"Ancient Tea Set"},{"floor":8.0,"key":"Bird Faced Urn"},{"floor":9.0,"key":"Pen Nib"},{"floor":10.0,"key":"Bottled Flame"},{"floor":27,"key":"Vajra"}],"event_choices":[{"damage_healed":0.0,"max_hp_gain":0.0,"max_hp_loss":0.0,"gold_gain":0.0,"event_name":"Shining Light","player_choice":"Entered Light","floor":2.0,"gold_loss":0.0,"damage_taken":23.0,"cards_upgraded":["Strike_R","Strike_R"]},{"damage_healed":0.0,"max_hp_gain":0.0,"max_hp_loss":0.0,"gold_gain":0.0,"event_name":"Living Wall","player_choice":"Grow","floor":3.0,"gold_loss":0.0,"damage_taken":0.0,"cards_upgraded":["Bash"]},{"damage_healed":0.0,"max_hp_gain":0.0,"max_hp_loss":0.0,"gold_gain":75.0,"event_name":"World of Goop","player_choice":"Gather Gold","floor":4.0,"gold_loss":0.0,"damage_taken":11.0},{"damage_healed":0.0,"max_hp_gain":0.0,"max_hp_loss":0.0,"gold_gain":0.0,"event_name":"Accursed Blacksmith","player_choice":"Forge","floor":11.0,"gold_loss":0.0,"damage_taken":0.0,"cards_upgraded":["Armaments"]},{"cards_removed":["Strike_R"],"damage_healed":0,"gold_gain":0,"player_choice":"Upgrade and Remove","damage_taken":0,"max_hp_gain":0,"max_hp_loss":0,"event_name":"Designer","floor":30,"gold_loss":110,"cards_upgraded":["True Grit"]},{"damage_healed":0,"gold_gain":0,"player_choice":"Memory 1","damage_taken":0,"max_hp_gain":0,"max_hp_loss":0,"event_name":"SensoryStone","floor":36,"gold_loss":0}],"is_beta":false,"boss_relics":[{"not_picked":["Calling Bell","Snecko Eye"],"picked":"Cursed Key"},{"not_picked":["Runic Cube","Coffee Dripper"],"picked":"Empty Cage"}],"items_purged_floors":[21],"is_endless":false,"potions_floor_spawned":[1,10,14,18,20,27,33,35],"killed_by":"Sphere and 2 Shapes","ascension_level":17}