{"gold_per_floor":[109,109,128,128,28,57,57,87,141,167,182,182,182,202,202,281,281,299,199,199,199,74,74],"floor_reached":23,"playtime":578,"items_purged":["Defend_B","Writhe","Parasite"],"score":379,"play_id":"78e0f3f9-f1d3-4804-8f51-d085b73c29ac","local_time":"20190207020519","is_ascension_mode":true,"campfire_choices":[{"floor":7.0,"key":"REST"},{"floor":12,"key":"REST"},{"data":"Streamline","floor":15,"key":"SMITH"}],"neow_cost":"PERCENT_DAMAGE","seed_source_timestamp":222387201327689,"circlet_count":0,"master_deck":["AscendersBane","Strike_B","Defend_B","Zap+1","Dualcast","White Noise","Streamline+1","Defragment","Self Repair","FTL","Electrodynamics","Clumsy","Fission"],"special_seed":0,"relics":["Cracked Core","Regal Pillow","DataDisk","Lantern","Darkstone Periapt","Calling Bell","Dream Catcher","Molten Egg 2","Calipers"],"potions_floor_usage":[10,16],"damage_taken":[{"damage":2.0,"enemies":"Cultist","floor":1.0,"turns":5.0},{"damage":1.0,"enemies":"Small Slimes","floor":3.0,"turns":4.0},{"damage":7.0,"enemies":"Gremlin Nob","floor":6.0,"turns":3.0},{"damage":40,"enemies":"3 Sentries","floor":8,"turns":7},{"damage":21,"enemies":"Gremlin Nob","floor":10,"turns":4},{"damage":2,"enemies":"Jaw Worm","floor":11,"turns":3},{"damage":1,"enemies":"Exordium Thugs","floor":14,"turns":3},{"damage":27,"enemies":"Slime Boss","floor":16,"turns":5},{"damage":30,"enemies":"Spheric Guardian","floor":18,"turns":4},{"damage":59,"enemies":"Book of Stabbing","floor":23,"turns":3}],"seed_played":"-6918186485909702876","potions_obtained":[{"floor":3.0,"key":"EssenceOfSteel"},{"floor":11,"key":"Ancient Potion"},{"floor":14,"key":"AttackPotion"}],"is_trial":false,"path_per_floor":["M","?","M","?","$","E","R","E","T","E","M","R","?","M","R","B",null,"M","$","?","$","$","E"],"character_chosen":"DEFECT","items_purchased":["Streamline"],"campfire_rested":2,"item_purchase_floors":[5],"current_hp_per_floor":[44,44,43,43,43,36,71,31,31,10,15,51,44,50,50,30,79,56,56,56,56,56,0],"gold":74,"neow_bonus":"REMOVE_TWO","is_prod":false,"is_daily":false,"chose_seed":false,"campfire_upgraded":1,"win_rate":0,"timestamp":1549530319,"path_taken":["M","?","?","?","$","E","R","E","T","E","M","R","?","M","R","BOSS","M","$","?","?","$","E"],"build_version":"2019-01-23","purchased_purges":3,"victory":false,"max_hp_per_floor":[71,71,71,71,71,71,71,71,71,71,71,71,71,71,71,71,89,89,89,89,89,86,86],"card_choices":[{"not_picked":["Barrage","Streamline","Gash"],"picked":"SKIP","floor":1.0},{"not_picked":["Rebound","Coolheaded"],"picked":"White Noise","floor":3.0},{"not_picked":["Gash","Reinforced Body","Sweeping Beam"],"picked":"SKIP","floor":6.0},{"not_picked":["Undo","Double Energy"],"picked":"Defragment","floor":8},{"not_picked":["Aggregate","Leap"],"picked":"Self Repair","floor":10},{"not_picked":["Conserve Battery","Compile Driver"],"picked":"FTL","floor":11},{"not_picked":["Genetic Algorithm","Meteor Strike","Gash"],"picked":"SKIP","floor":14},{"not_picked":["Buffer","Meteor Strike"],"picked":"Electrodynamics","floor":16},{"not_picked":["Hello World","Redo","Rebound+1"],"picked":"SKIP","floor":18}],"player_experience":779049,"relics_obtained":[{"floor":6.0,"key":"Regal Pillow"},{"floor":8,"key":"DataDisk"},{"floor":9,"key":"Lantern"},{"floor":10,"key":"Darkstone Periapt"},{"floor":17,"key":"Dream Catcher"},{"floor":17,"key":"Molten Egg 2"},{"floor":17,"key":"Calipers"}],"event_choices":[{"cards_removed":["Defend_B"],"damage_healed":0.0,"max_hp_gain":0.0,"max_hp_loss":0.0,"gold_gain":0.0,"event_name":"Purifier","player_choice":"Purged","floor":2.0,"gold_loss":0.0,"damage_taken":0.0},{"damage_healed":0.0,"max_hp_gain":0.0,"max_hp_loss":0.0,"gold_gain":0.0,"event_name":"Living Wall","player_choice":"Grow","floor":4.0,"gold_loss":0.0,"damage_taken":0.0,"cards_upgraded":["Zap"]},{"cards_removed":["Strike_B"],"damage_healed":0,"gold_gain":0,"player_choice":"Card Removal","damage_taken":7,"max_hp_gain":0,"max_hp_loss":0,"event_name":"Golden Wing","floor":13,"gold_loss":0},{"damage_healed":0,"gold_gain":0,"cards_transformed":["Defend_B"],"player_choice":"Transformed","damage_taken":0,"max_hp_gain":0,"max_hp_loss":0,"event_name":"Transmorgrifier","floor":20,"gold_loss":0,"cards_obtained":["Fission"]}],"is_beta":false,"boss_relics":[{"not_picked":["Nuclear Battery","Fusion Hammer"],"picked":"Calling Bell"}],"items_purged_floors":[5,19,22],"is_endless":false,"potions_floor_spawned":[3,11,14],"killed_by":"Book of Stabbing","ascension_level":17}