{"path_per_floor":["M","$","?","M","?","R","E","M","T","R","M","R","M","$","R","B",null,"M","?","$"],"character_chosen":"THE_SILENT","items_purchased":["Infinite Blades","Deadly Poison","Terror","Backstab"],"gold_per_floor":[118,38,38,58,38,38,68,85,111,111,127,127,137,49,49,150,150,164,198,165,165],"floor_reached":21,"campfire_rested":2,"playtime":2092,"current_hp_per_floor":[55,55,55,55,55,55,19,19,19,40,40,40,34,34,55,48,65,59,8,8,0],"items_purged":[],"gold":165,"score":257,"play_id":"40a18695-0312-4b43-9738-7dd6607b32fa","local_time":"20180524135728","is_prod":false,"is_daily":false,"chose_seed":false,"is_ascension_mode":true,"campfire_upgraded":2,"timestamp":1527195448,"campfire_choices":[{"data":"Neutralize","floor":6,"key":"SMITH"},{"floor":10,"key":"REST"},{"data":"Cloak And Dagger","floor":12,"key":"SMITH"},{"floor":15,"key":"REST"}],"path_taken":["M","$","?","?","?","R","E","M","T","R","M","R","M","$","R","BOSS","M","?","$","M"],"build_version":"2018-05-17","seed_source_timestamp":259239651075589,"purchased_purges":0,"victory":false,"master_deck":["Defend_G","Defend_G","Defend_G","Defend_G","Defend_G","Strike_G","Strike_G","Strike_G","Survivor","Neutralize+1","All Out Attack","Infinite Blades","Cloak And Dagger+1","Dodge and Roll","Dash","Deadly Poison","Terror","A Thousand Cuts","Well Laid Plans","Deadly Poison","Caltrops","Backstab"],"max_hp_per_floor":[70,70,70,70,70,70,70,70,70,70,70,70,70,70,70,70,70,70,70,70,70],"relics":["Ring of the Snake","Oddly Smooth Stone","Snake Skull","Orrery","Red Mask"],"card_choices":[{"not_picked":["Bane","Terror"],"picked":"All Out Attack","floor":1},{"not_picked":["Dagger Throw","Deadly Poison","Sucker Punch"],"picked":"SKIP","floor":4},{"not_picked":["Quick Slash","Storm of Steel","Poisoned Stab"],"picked":"SKIP","floor":7},{"not_picked":["Endless Agony","Flying Knee"],"picked":"Cloak And Dagger","floor":8},{"not_picked":["Catalyst","Sucker Punch"],"picked":"Dodge and Roll","floor":11},{"not_picked":["Dagger Spray","Flying Knee"],"picked":"Dash","floor":13},{"not_picked":["Tools of the Trade","Tactician"],"picked":"A Thousand Cuts","floor":16},{"not_picked":["Expertise","Blade Dance"],"picked":"Well Laid Plans","floor":17},{"not_picked":["Skewer","Flying Knee"],"picked":"Deadly Poison","floor":17},{"not_picked":["Deflect","Well Laid Plans","Underhanded Strike"],"picked":"SKIP","floor":18},{"not_picked":["Doppelganger","Quick Slash"],"picked":"Caltrops","floor":19}],"player_experience":696006,"potions_floor_usage":[16,19,21,21],"damage_taken":[{"damage":8,"enemies":"Cultist","floor":1,"turns":7},{"damage":0,"enemies":"2 Louse","floor":4,"turns":2},{"damage":36,"enemies":"Lagavulin","floor":7,"turns":11},{"damage":0,"enemies":"Small Slimes","floor":8,"turns":5},{"damage":0,"enemies":"3 Louse","floor":11,"turns":5},{"damage":6,"enemies":"Large Slime","floor":13,"turns":6},{"damage":7,"enemies":"Hexaghost","floor":16,"turns":9},{"damage":6,"enemies":"Shell Parasite","floor":18,"turns":8},{"damage":51,"enemies":"Masked Bandits","floor":19,"turns":6},{"damage":11,"enemies":"Spheric Guardian","floor":21,"turns":5}],"relics_obtained":[{"floor":7,"key":"Oddly Smooth Stone"},{"floor":9,"key":"Snake Skull"},{"floor":19,"key":"Red Mask"}],"event_choices":[{"event_name":"Purifier","player_choice":"One Purge","floor":3,"damage_taken":0},{"event_name":"World of Goop","player_choice":"Left","floor":5,"damage_taken":0},{"event_name":"Masked Bandits","player_choice":"Fought over 164 gold","floor":19,"damage_taken":0}],"boss_relics":[{"not_picked":["Runic Dome","Tiny House"],"picked":"Orrery"}],"potions_floor_spawned":[8,11,13,19],"seed_played":"-7785570919774511486","killed_by":"Spheric Guardian","ascension_level":9,"potions_obtained":[{"floor":8,"key":"Poison Potion"},{"floor":11,"key":"SpeedPotion"},{"floor":13,"key":"Energy Potion"},{"floor":19,"key":"PowerPotion"}],"is_trial":false}