{"gold_per_floor":[109,32,42,58,71,71,100,100,124,159,55,55,70,70,70,170,170,186,198,211,222,20,55,55,55,55,83,83,83,95,112,112,209,209,225,239,172,191,211,211,230,230,230,249,104,155,170,186,186,186],"floor_reached":51,"playtime":6281,"items_purged":["Strike_B"],"score":738,"play_id":"913858b2-7b3f-4d1c-b37e-c9269a28e6be","local_time":"20180907120912","is_ascension_mode":true,"campfire_choices":[{"data":"Hologram","floor":6,"key":"SMITH"},{"data":"Zap","floor":8,"key":"SMITH"},{"data":"Glacier","floor":12,"key":"SMITH"},{"data":"Barrage","floor":15,"key":"SMITH"},{"floor":25,"key":"REST"},{"floor":29,"key":"REST"},{"floor":32,"key":"REST"},{"data":"Buffer","floor":40,"key":"SMITH"},{"data":"Go for the Eyes","floor":42,"key":"SMITH"},{"floor":49,"key":"REST"}],"neow_cost":"TEN_PERCENT_HP_LOSS","seed_source_timestamp":1961367336393047,"circlet_count":0,"master_deck":["Strike_B","Defend_B","Defend_B","Defend_B","Zap+1","Dualcast","Hologram+1","Go for the Eyes+1","Conserve Battery","Coolheaded","Seek","Glacier+1","Ball Lightning","Barrage+1","Electrodynamics","Leap","Steam","Auto Shields","Steam","Leap+1","Cold Snap","BootSequence","Buffer+1","Glacier+1","Capacitor","Hologram+1","Barrage+1","Echo Form","Chill+1","Sunder+1"],"relics":["Cracked Core","Smiling Mask","Orichalcum","Oddly Smooth Stone","Runic Pyramid","Runic Capacitor","Gambling Chip","Lantern","Unceasing Top","Philosopher\u0027s Stone","Toxic Egg 2","Emotion Chip"],"potions_floor_usage":[4,16,33,47],"damage_taken":[{"damage":1,"enemies":"Jaw Worm","floor":1,"turns":3},{"damage":0,"enemies":"Cultist","floor":3,"turns":3},{"damage":0,"enemies":"Small Slimes","floor":4,"turns":4},{"damage":12,"enemies":"3 Louse","floor":5,"turns":4},{"damage":19,"enemies":"3 Sentries","floor":7,"turns":10},{"damage":9,"enemies":"Lagavulin","floor":10,"turns":11},{"damage":0,"enemies":"Blue Slaver","floor":13,"turns":3},{"damage":0,"enemies":"Slime Boss","floor":16,"turns":10},{"damage":13,"enemies":"2 Thieves","floor":18,"turns":3},{"damage":0,"enemies":"Spheric Guardian","floor":19,"turns":5},{"damage":12,"enemies":"Snake Plant","floor":20,"turns":5},{"damage":8,"enemies":"Centurion and Healer","floor":21,"turns":5},{"damage":21,"enemies":"Slavers","floor":23,"turns":3},{"damage":2,"enemies":"Book of Stabbing","floor":27,"turns":5},{"damage":0,"enemies":"Shelled Parasite and Fungi","floor":30,"turns":4},{"damage":5,"enemies":"Snecko","floor":31,"turns":7},{"damage":23,"enemies":"Champ","floor":33,"turns":14},{"damage":0,"enemies":"3 Shapes","floor":35,"turns":3},{"damage":5,"enemies":"3 Darklings","floor":36,"turns":4},{"damage":0,"enemies":"Sphere and 2 Shapes","floor":38,"turns":5},{"damage":0,"enemies":"Transient","floor":39,"turns":5},{"damage":0,"enemies":"4 Shapes","floor":41,"turns":4},{"damage":0,"enemies":"Spire Growth","floor":44,"turns":5},{"damage":22,"enemies":"Mysterious Sphere","floor":46,"turns":9},{"damage":0,"enemies":"Reptomancer","floor":47,"turns":5},{"damage":0,"enemies":"Sphere and 2 Shapes","floor":48,"turns":4},{"damage":34,"enemies":"Donu and Deca","floor":50,"turns":10}],"seed_played":"1191606382935655820","potions_obtained":[{"floor":3,"key":"Fruit Juice"},{"floor":5,"key":"SpeedPotion"},{"floor":13,"key":"PowerPotion"},{"floor":16,"key":"Dexterity Potion"},{"floor":20,"key":"SteroidPotion"},{"floor":33,"key":"Strength Potion"},{"floor":44,"key":"Regen Potion"},{"floor":47,"key":"Ancient Potion"}],"is_trial":false,"path_per_floor":["M","$","M","M","M","R","E","R","T","E","$","R","M","$","R","B",null,"M","M","M","M","$","E","?","R","T","E","?","R","M","M","R","B",null,"M","M","$","M","M","R","M","R","T","M","$","?","M","M","R","B"],"character_chosen":"DEFECT","items_purchased":["Go for the Eyes","Conserve Battery","Ball Lightning","Runic Capacitor","Capacitor","Echo Form"],"campfire_rested":4,"item_purchase_floors":[2,2,11,22,37,45],"current_hp_per_floor":[67,67,67,72,60,60,41,41,41,32,32,32,32,32,32,32,73,60,60,48,40,40,19,19,40,40,38,38,59,59,54,73,50,73,73,68,68,68,68,68,68,68,68,68,68,46,58,58,73,39],"gold":186,"neow_bonus":"REMOVE_TWO","is_prod":false,"is_daily":false,"chose_seed":false,"campfire_upgraded":6,"win_rate":0,"timestamp":1536347352,"path_taken":["M","$","M","M","M","R","E","R","T","E","$","R","M","$","R","BOSS","M","M","M","M","$","E","?","R","T","E","?","R","M","M","R","BOSS","M","M","$","M","?","R","M","R","T","M","$","?","M","M","R","BOSS"],"build_version":"2018-09-06","purchased_purges":1,"victory":true,"max_hp_per_floor":[68,68,68,73,73,73,73,73,73,73,73,73,73,73,73,73,73,73,73,73,73,73,73,73,73,73,73,73,73,73,73,73,73,73,73,73,73,73,73,73,73,73,73,73,73,73,73,73,73,73],"card_choices":[{"not_picked":["Gash","Hello World"],"picked":"Hologram","floor":1},{"not_picked":["Sweeping Beam","Turbo"],"picked":"Coolheaded","floor":3},{"not_picked":["Streamline","Consume"],"picked":"Seek","floor":4},{"not_picked":["Gash","Melter","Beam Cell"],"picked":"SKIP","floor":5},{"not_picked":["Chill","Double Energy"],"picked":"Glacier","floor":7},{"not_picked":["Rip and Tear","Meteor Strike","Sweeping Beam"],"picked":"SKIP","floor":10},{"not_picked":["Coolheaded","Steam Power"],"picked":"Barrage","floor":13},{"not_picked":["Rainbow","Buffer"],"picked":"Electrodynamics","floor":16},{"not_picked":["Sweeping Beam+1","Gash","Consume+1"],"picked":"SKIP","floor":18},{"not_picked":["Barrage","Reprogram+1"],"picked":"Leap","floor":19},{"not_picked":["Conserve Battery","Redo","Rip and Tear"],"picked":"SKIP","floor":20},{"not_picked":["Hello World","Rebound"],"picked":"Steam","floor":21},{"not_picked":["Coolheaded+1","Recycle"],"picked":"Auto Shields","floor":23},{"not_picked":["Stack+1","Electrodynamics"],"picked":"Leap+1","floor":27},{"not_picked":["Capacitor","Auto Shields+1"],"picked":"Cold Snap","floor":30},{"not_picked":["Streamline","Gash+1"],"picked":"BootSequence","floor":31},{"not_picked":["Amplify","Meteor Strike"],"picked":"Buffer","floor":33},{"not_picked":["Storm+1","Steam+1"],"picked":"Glacier+1","floor":35},{"not_picked":["Compile Driver","Go for the Eyes","Beam Cell+1"],"picked":"SKIP","floor":36},{"not_picked":["Compile Driver","Rebound","Stack"],"picked":"SKIP","floor":38},{"not_picked":["Go for the Eyes","Cold Snap"],"picked":"Hologram+1","floor":39},{"not_picked":["Go for the Eyes","Turbo+1"],"picked":"Barrage+1","floor":41},{"not_picked":["Storm+1","Ball Lightning","Rebound"],"picked":"SKIP","floor":44},{"not_picked":["Stack+1","Meteor Strike"],"picked":"Chill+1","floor":46},{"not_picked":["BootSequence+1","Stack+1","Steam+1"],"picked":"SKIP","floor":47},{"not_picked":["Rebound","Self Repair+1"],"picked":"Sunder+1","floor":48}],"player_experience":1010909,"relics_obtained":[{"floor":7,"key":"Smiling Mask"},{"floor":9,"key":"Orichalcum"},{"floor":10,"key":"Oddly Smooth Stone"},{"floor":23,"key":"Gambling Chip"},{"floor":26,"key":"Lantern"},{"floor":27,"key":"Unceasing Top"},{"floor":43,"key":"Toxic Egg 2"},{"floor":46,"key":"Emotion Chip"}],"event_choices":[{"event_name":"Transmorgrifier","player_choice":"Transform","floor":24,"damage_taken":0},{"event_name":"Beggar","player_choice":"Ignored","floor":28,"damage_taken":0},{"event_name":"Mysterious Sphere","player_choice":"Fight","floor":46,"damage_taken":0}],"is_beta":false,"boss_relics":[{"not_picked":["Calling Bell","FrozenCore"],"picked":"Runic Pyramid"},{"not_picked":["Velvet Choker","Snecko Eye"],"picked":"Philosopher\u0027s Stone"}],"items_purged_floors":[11],"is_endless":false,"potions_floor_spawned":[3,5,13,16,20,23,27,33,36,41,44,47],"ascension_level":1}