{"gold_per_floor":[115,115,40,215,233,263,263,292,292,311,311,311,334,369,369,369],"floor_reached":16,"playtime":603,"items_purged":["Strike_G"],"score":186,"play_id":"617458d8-0002-4878-9c9f-2607ad0e4fc5","local_time":"20190106020718","is_ascension_mode":true,"campfire_choices":[{"data":"Sucker Punch","floor":7,"key":"SMITH"},{"data":"Infinite Blades","floor":11,"key":"SMITH"},{"floor":15,"key":"REST"}],"neow_cost":"NONE","seed_source_timestamp":1577438918340003,"circlet_count":0,"master_deck":["Defend_G","Defend_G","Defend_G","Defend_G","Defend_G","Strike_G","Strike_G","Strike_G","Strike_G","Survivor","Neutralize+1","Predator","Doubt","Sucker Punch+1","Slice","Infinite Blades+1","Dagger Spray","PiercingWail"],"relics":["Ring of the Snake","NeowsBlessing","Mango","Lantern","Letter Opener","Golden Idol","Pantograph"],"potions_floor_usage":[14],"damage_taken":[{"damage":0,"enemies":"Jaw Worm","floor":1,"turns":1},{"damage":0,"enemies":"2 Louse","floor":5,"turns":1},{"damage":0,"enemies":"Gremlin Nob","floor":6,"turns":1},{"damage":36,"enemies":"3 Sentries","floor":8,"turns":11},{"damage":0,"enemies":"Small Slimes","floor":10,"turns":3},{"damage":5,"enemies":"Blue Slaver","floor":13,"turns":3},{"damage":18,"enemies":"Gremlin Nob","floor":14,"turns":4},{"damage":69,"enemies":"Hexaghost","floor":16,"turns":14}],"seed_played":"1446234260446751968","potions_obtained":[{"floor":10,"key":"SkillPotion"}],"is_trial":false,"path_per_floor":["M","?","$","?","M","E","R","E","T","M","R","?","M","E","R","B"],"character_chosen":"THE_SILENT","items_purchased":[],"campfire_rested":1,"item_purchase_floors":[],"current_hp_per_floor":[63,63,63,63,63,77,77,41,41,41,41,41,36,18,41,0],"gold":369,"neow_bonus":"THREE_ENEMY_KILL","is_prod":false,"is_daily":false,"chose_seed":false,"campfire_upgraded":2,"win_rate":0,"timestamp":1546758438,"path_taken":["M","?","$","?","M","E","R","E","T","M","R","?","?","E","R","BOSS"],"build_version":"2019-01-03v4","purchased_purges":1,"victory":false,"max_hp_per_floor":[70,70,70,70,70,84,84,84,84,84,84,78,78,78,78,78],"card_choices":[{"not_picked":["Poisoned Stab","Flechettes"],"picked":"Predator","floor":1},{"not_picked":["Escape Plan","Eviscerate"],"picked":"Sucker Punch","floor":5},{"not_picked":["Acrobatics","Eviscerate"],"picked":"Slice","floor":6},{"not_picked":["Dodge and Roll","Distraction","Concentrate"],"picked":"SKIP","floor":8},{"not_picked":["Dagger Spray","Acrobatics"],"picked":"Infinite Blades","floor":10},{"not_picked":["Deadly Poison","Backflip"],"picked":"Dagger Spray","floor":13},{"not_picked":["Envenom","Doppelganger"],"picked":"PiercingWail","floor":14}],"player_experience":355935,"relics_obtained":[{"floor":6,"key":"Mango"},{"floor":8,"key":"Lantern"},{"floor":9,"key":"Letter Opener"},{"floor":14,"key":"Pantograph"}],"event_choices":[{"damage_healed":0,"gold_gain":0,"player_choice":"Grow","damage_taken":0,"max_hp_gain":0,"max_hp_loss":0,"event_name":"Living Wall","floor":2,"gold_loss":0,"cards_upgraded":["Neutralize"]},{"damage_healed":0,"gold_gain":175,"player_choice":"AGREE","damage_taken":0,"max_hp_gain":0,"max_hp_loss":0,"event_name":"Liars Game","floor":4,"gold_loss":0,"cards_obtained":["Doubt"]},{"damage_healed":0,"gold_gain":0,"player_choice":"Lose Max HP","damage_taken":0,"relics_obtained":["Golden Idol"],"max_hp_gain":0,"max_hp_loss":6,"event_name":"Golden Idol","floor":12,"gold_loss":0}],"is_beta":false,"boss_relics":[],"items_purged_floors":[3],"is_endless":false,"potions_floor_spawned":[10],"killed_by":"Hexaghost","ascension_level":6}