{"gold_per_floor":[110,60,60,74,74,106,106,131,131,131,145,160,186,206,206,301,301,313,325,342,342,361,391,391,416,485,485],"floor_reached":27,"playtime":2091,"items_purged":[],"score":432,"play_id":"3ab125d7-5960-4642-8af9-a769d9927beb","local_time":"20190106120923","is_ascension_mode":true,"campfire_choices":[{"data":"Backflip","floor":7,"key":"SMITH"},{"data":"Caltrops","floor":10,"key":"SMITH"},{"data":"Survivor","floor":15,"key":"SMITH"},{"floor":24,"key":"REST"}],"neow_cost":"NONE","seed_source_timestamp":1401706122796227,"circlet_count":0,"master_deck":["Defend_G","Defend_G","Defend_G","Strike_G+1","Strike_G+1","Survivor+1","Neutralize+1","Backflip+1","Masterful Stab","Masterful Stab","Tactician+1","Masterful Stab","Caltrops+1","Underhanded Strike","Bouncing Flask","Bouncing Flask","Acrobatics","Corpse Explosion","Accuracy+1","Doppelganger+1","Blur+1","Poisoned Stab","Prepared","Backflip+1","Dodge and Roll+1","Bane","Flechettes"],"relics":["Ring of the Snake","Whetstone","Blood Vial","Darkstone Periapt","Thread and Needle","Astrolabe","War Paint","PreservedInsect","Mummified Hand"],"potions_floor_usage":[6,13,13,13,19,23,23],"damage_taken":[{"damage":2,"enemies":"Cultist","floor":1,"turns":4},{"damage":0,"enemies":"2 Louse","floor":4,"turns":2},{"damage":0,"enemies":"3 Sentries","floor":6,"turns":6},{"damage":25,"enemies":"Gremlin Nob","floor":8,"turns":4},{"damage":0,"enemies":"Small Slimes","floor":11,"turns":3},{"damage":1,"enemies":"3 Louse","floor":12,"turns":2},{"damage":7,"enemies":"Lagavulin","floor":13,"turns":5},{"damage":0,"enemies":"Exordium Wildlife","floor":14,"turns":3},{"damage":6,"enemies":"Slime Boss","floor":16,"turns":9},{"damage":6,"enemies":"Shell Parasite","floor":18,"turns":4},{"damage":0,"enemies":"Chosen","floor":19,"turns":3},{"damage":0,"enemies":"Snake Plant","floor":20,"turns":3},{"damage":19,"enemies":"Centurion and Healer","floor":22,"turns":5},{"damage":22,"enemies":"Book of Stabbing","floor":23,"turns":5},{"damage":34,"enemies":"Slavers","floor":25,"turns":7},{"damage":8,"enemies":"Book of Stabbing","floor":27,"turns":3}],"seed_played":"3190086969894007314","potions_obtained":[{"floor":1,"key":"GamblersBrew"},{"floor":4,"key":"AttackPotion"},{"floor":11,"key":"Regen Potion"},{"floor":12,"key":"GhostInAJar"},{"floor":13,"key":"Dexterity Potion"},{"floor":18,"key":"Block Potion"},{"floor":22,"key":"AttackPotion"}],"is_trial":false,"path_per_floor":["M","?","?","M","?","E","R","E","T","R","M","M","E","M","R","B",null,"M","M","M","?","M","E","R","E","T","E"],"character_chosen":"THE_SILENT","items_purchased":[],"campfire_rested":1,"item_purchase_floors":[],"current_hp_per_floor":[61,61,61,61,61,61,61,36,36,36,38,39,49,51,51,47,64,60,62,64,51,34,14,36,4,4,0],"gold":485,"neow_bonus":"UPGRADE_CARD","is_prod":false,"is_daily":false,"chose_seed":false,"campfire_upgraded":3,"win_rate":0,"timestamp":1546798163,"path_taken":["M","?","?","?","?","E","R","E","T","R","M","M","E","M","R","BOSS","M","M","?","?","M","E","R","E","T","E"],"build_version":"2019-01-03v4","purchased_purges":0,"victory":false,"max_hp_per_floor":[70,70,70,70,70,70,70,70,70,70,70,70,70,70,70,70,70,70,70,70,75,75,75,75,75,75,75],"card_choices":[{"not_picked":["Flechettes","Cloak And Dagger"],"picked":"Backflip","floor":1},{"not_picked":["Escape Plan","Blur"],"picked":"Masterful Stab","floor":4},{"not_picked":["Prepared","Outmaneuver"],"picked":"Masterful Stab","floor":6},{"not_picked":["Endless Agony","Catalyst"],"picked":"Caltrops","floor":8},{"not_picked":["Sucker Punch","Dagger Spray"],"picked":"Underhanded Strike","floor":11},{"not_picked":["Poisoned Stab","Dagger Spray"],"picked":"Bouncing Flask","floor":12},{"not_picked":["Poisoned Stab","Terror"],"picked":"Bouncing Flask","floor":13},{"not_picked":["Accuracy","Underhanded Strike"],"picked":"Acrobatics","floor":14},{"not_picked":["Doppelganger","Night Terror"],"picked":"Corpse Explosion","floor":16},{"not_picked":["Dash","Distraction"],"picked":"Poisoned Stab","floor":18},{"not_picked":["Slice","Setup"],"picked":"Prepared","floor":19},{"not_picked":["Acrobatics","Prepared"],"picked":"Backflip","floor":20},{"not_picked":["Blade Dance+1","Expertise"],"picked":"Dodge and Roll+1","floor":22},{"not_picked":["Prepared","Slice"],"picked":"Bane","floor":23},{"not_picked":["Dagger Spray","Quick Slash"],"picked":"Flechettes","floor":25}],"player_experience":398970,"relics_obtained":[{"floor":6,"key":"Whetstone"},{"floor":8,"key":"Blood Vial"},{"floor":9,"key":"Darkstone Periapt"},{"floor":13,"key":"Thread and Needle"},{"floor":23,"key":"War Paint"},{"floor":25,"key":"PreservedInsect"},{"floor":26,"key":"Mummified Hand"}],"event_choices":[{"cards_removed":["Strike_G"],"damage_healed":0,"gold_gain":0,"player_choice":"Card Removal","damage_taken":0,"max_hp_gain":0,"max_hp_loss":0,"event_name":"The Cleric","floor":2,"gold_loss":50},{"damage_healed":0,"gold_gain":0,"cards_transformed":["Defend_G"],"player_choice":"Transformed","damage_taken":0,"max_hp_gain":0,"max_hp_loss":0,"event_name":"Transmorgrifier","floor":3,"gold_loss":0,"cards_obtained":["Masterful Stab"]},{"damage_healed":0,"gold_gain":0,"player_choice":"1 cards matched","damage_taken":0,"max_hp_gain":0,"max_hp_loss":0,"event_name":"Match and Keep!","floor":5,"gold_loss":0,"cards_obtained":["Tactician"]},{"damage_healed":0,"gold_gain":0,"player_choice":"Shed Blood","damage_taken":18,"max_hp_gain":5,"max_hp_loss":0,"event_name":"Forgotten Altar","floor":21,"gold_loss":0}],"is_beta":false,"boss_relics":[{"not_picked":["Black Star","Runic Pyramid"],"picked":"Astrolabe"}],"items_purged_floors":[],"is_endless":false,"potions_floor_spawned":[1,4,11,12,13,18,22],"killed_by":"Book of Stabbing","ascension_level":9}