{"gold_per_floor":[109,1,1,1,14,34,45,145,216,234,266,282,282,252,252,352,352,335,335,335,352,372,372,387,400,400,6,6,26,45,65,65,160,160,176,186,61,74,93,93,93,93,174,186,41,41,141,159,159,159],"floor_reached":50,"playtime":3505,"items_purged":["Strike_R","Strike_R","Strike_R"],"score":594,"play_id":"ad19b297-24fe-4421-b62a-67c83fd9b4a8","local_time":"20190203113200","is_ascension_mode":true,"campfire_choices":[{"data":"Armaments","floor":13,"key":"SMITH"},{"data":"Bloodletting","floor":15,"key":"SMITH"},{"data":"Demon Form","floor":23,"key":"SMITH"},{"data":"Metallicize","floor":28,"key":"SMITH"},{"floor":32,"key":"REST"},{"data":"Entrench","floor":40,"key":"SMITH"},{"data":"Juggernaut","floor":42,"key":"SMITH"},{"floor":49,"key":"REST"}],"neow_cost":"NONE","seed_source_timestamp":84167251330647,"circlet_count":0,"master_deck":["Strike_R","Strike_R+1","Defend_R","Defend_R","Defend_R+1","Defend_R+1","Bash+1","Ghostly Armor","Evolve","Reckless Charge","Bloodletting+1","Armaments+1","Metallicize+1","Intimidate+1","Exhume","Demon Form+1","Battle Trance+1","Heavy Blade+1","Metallicize+1","Entrench+1","Body Slam+1","Juggernaut+1","Parasite","Flame Barrier+1","Writhe","Parasite"],"relics":["Burning Blood","Anchor","Shuriken","Orichalcum","Sozu","Red Skull","Oddly Smooth Stone","War Paint","Cursed Key","Bottled Tornado","Juzu Bracelet","Gambling Chip"],"potions_floor_usage":[10,11,11,22],"damage_taken":[{"damage":0,"enemies":"Small Slimes","floor":1,"turns":4},{"damage":0,"enemies":"Cultist","floor":5,"turns":3},{"damage":0,"enemies":"Jaw Worm","floor":6,"turns":3},{"damage":0,"enemies":"Exordium Thugs","floor":7,"turns":5},{"damage":0,"enemies":"Gremlin Gang","floor":10,"turns":6},{"damage":43,"enemies":"Lagavulin","floor":11,"turns":9},{"damage":3,"enemies":"Exordium Wildlife","floor":12,"turns":6},{"damage":3,"enemies":"Looter","floor":14,"turns":4},{"damage":31,"enemies":"Hexaghost","floor":16,"turns":15},{"damage":16,"enemies":"2 Thieves","floor":18,"turns":4},{"damage":15,"enemies":"Chosen","floor":21,"turns":5},{"damage":11,"enemies":"Shelled Parasite and Fungi","floor":22,"turns":8},{"damage":17,"enemies":"Snake Plant","floor":24,"turns":5},{"damage":7,"enemies":"Centurion and Healer","floor":25,"turns":5},{"damage":0,"enemies":"Chosen and Byrds","floor":29,"turns":5},{"damage":13,"enemies":"Snake Plant","floor":30,"turns":6},{"damage":3,"enemies":"Centurion and Healer","floor":31,"turns":7},{"damage":48,"enemies":"Collector","floor":33,"turns":8},{"damage":3,"enemies":"3 Darklings","floor":35,"turns":6},{"damage":6,"enemies":"Orb Walker","floor":36,"turns":5},{"damage":39,"enemies":"Maw","floor":38,"turns":7},{"damage":4,"enemies":"Writhing Mass","floor":39,"turns":8},{"damage":36,"enemies":"Spire Growth","floor":44,"turns":6},{"damage":2,"enemies":"Mind Bloom Boss Battle","floor":47,"turns":5},{"damage":26,"enemies":"Maw","floor":48,"turns":6},{"damage":49,"enemies":"Awakened One","floor":50,"turns":3}],"seed_played":"-1936206323149620672","potions_obtained":[{"floor":6,"key":"Fire Potion"},{"floor":7,"key":"Block Potion"},{"floor":11,"key":"Fruit Juice"},{"floor":16,"key":"BloodPotion"}],"is_trial":false,"path_per_floor":["M","$","?","?","M","M","M","?","T","M","E","M","R","M","R","B",null,"M","?","$","M","M","R","M","M","T","$","R","M","M","M","R","B",null,"M","M","$","M","M","R","?","R","T","M","$","?","?","M","R","B"],"character_chosen":"IRONCLAD","items_purchased":["Evolve","Oddly Smooth Stone","War Paint","Juzu Bracelet"],"campfire_rested":2,"item_purchase_floors":[2,27,27,45],"current_hp_per_floor":[80,80,80,64,70,76,80,80,80,80,48,51,51,54,54,29,71,61,61,61,52,55,55,44,43,43,43,43,49,42,45,70,28,71,74,74,74,41,43,43,64,64,64,34,34,34,38,18,43,0],"gold":159,"neow_bonus":"RANDOM_COMMON_RELIC","is_prod":false,"is_daily":false,"chose_seed":false,"campfire_upgraded":6,"win_rate":0,"timestamp":1549161120,"path_taken":["M","$","?","?","M","M","M","?","T","M","E","?","R","?","R","BOSS","M","?","$","M","M","R","M","M","T","?","R","M","M","?","R","BOSS","M","M","$","M","?","R","?","R","T","M","$","?","?","M","R","BOSS"],"build_version":"2019-01-23","purchased_purges":3,"victory":false,"max_hp_per_floor":[80,80,80,80,80,80,80,80,80,80,85,85,85,85,85,85,85,85,85,85,85,85,85,85,85,85,85,85,85,85,85,85,85,85,85,85,85,85,85,85,85,85,85,85,85,85,85,85,85,85],"card_choices":[{"not_picked":["Twin Strike","Thunderclap"],"picked":"Ghostly Armor","floor":1},{"not_picked":["Heavy Blade","Anger"],"picked":"Reckless Charge","floor":5},{"not_picked":["Sword Boomerang","Fire Breathing","Iron Wave"],"picked":"SKIP","floor":6},{"not_picked":["Sentinel","Perfected Strike"],"picked":"Bloodletting","floor":7},{"not_picked":["Infernal Blade","Wild Strike"],"picked":"Armaments","floor":10},{"not_picked":["Clothesline","Ghostly Armor"],"picked":"Metallicize","floor":11},{"not_picked":["Sword Boomerang","Cleave"],"picked":"Intimidate","floor":12},{"not_picked":["Pommel Strike","Clothesline"],"picked":"Exhume","floor":14},{"not_picked":["Offering","Fiend Fire"],"picked":"Demon Form","floor":16},{"not_picked":["Body Slam","Cleave"],"picked":"Battle Trance+1","floor":18},{"not_picked":["Warcry","Evolve+1","Cleave"],"picked":"SKIP","floor":21},{"not_picked":["Warcry","Headbutt","Iron Wave+1"],"picked":"SKIP","floor":22},{"not_picked":["Twin Strike","Pummel"],"picked":"Heavy Blade+1","floor":24},{"not_picked":["Sever Soul","Clothesline+1"],"picked":"Metallicize","floor":25},{"not_picked":["Spot Weakness","Twin Strike"],"picked":"Entrench","floor":29},{"not_picked":["Cleave+1","Havoc+1","Warcry"],"picked":"SKIP","floor":30},{"not_picked":["Metallicize","Blood for Blood"],"picked":"Body Slam+1","floor":31},{"not_picked":["Berserk","Brutality"],"picked":"Juggernaut","floor":33},{"not_picked":["Cleave","Pommel Strike","Burning Pact+1"],"picked":"SKIP","floor":35},{"not_picked":["Thunderclap","Intimidate+1","Uppercut+1"],"picked":"SKIP","floor":36},{"not_picked":["Uppercut","Exhume","Anger"],"picked":"SKIP","floor":38},{"not_picked":["Perfected Strike+1","Feel No Pain"],"picked":"Flame Barrier+1","floor":39},{"not_picked":["Anger+1","Perfected Strike","Rage+1"],"picked":"SKIP","floor":44},{"not_picked":["Blood for Blood","Fire Breathing","True Grit"],"picked":"SKIP","floor":48}],"player_experience":787254,"relics_obtained":[{"floor":9,"key":"Shuriken"},{"floor":11,"key":"Orichalcum"},{"floor":26,"key":"Red Skull"},{"floor":43,"key":"Bottled Tornado"},{"floor":47,"key":"Gambling Chip"}],"event_choices":[{"damage_healed":0,"gold_gain":0,"player_choice":"Grow","damage_taken":0,"max_hp_gain":0,"max_hp_loss":0,"event_name":"Living Wall","floor":3,"gold_loss":0,"cards_upgraded":["Bash"]},{"damage_healed":0,"gold_gain":0,"player_choice":"Entered Light","damage_taken":16,"max_hp_gain":0,"max_hp_loss":0,"event_name":"Shining Light","floor":4,"gold_loss":0,"cards_upgraded":["Defend_R","Strike_R"]},{"damage_healed":0,"gold_gain":100,"player_choice":"Pray","damage_taken":0,"max_hp_gain":0,"max_hp_loss":0,"event_name":"Golden Shrine","floor":8,"gold_loss":0},{"damage_healed":0,"gold_gain":0,"player_choice":"Ignored","damage_taken":0,"max_hp_gain":0,"max_hp_loss":0,"event_name":"N\u0027loth","floor":19,"gold_loss":0},{"damage_healed":21,"gold_gain":0,"player_choice":"Writhe","damage_taken":0,"max_hp_gain":0,"max_hp_loss":0,"event_name":"Winding Halls","floor":41,"gold_loss":0,"cards_obtained":["Writhe"]},{"damage_healed":0,"gold_gain":0,"player_choice":"Upgraded","damage_taken":0,"max_hp_gain":0,"max_hp_loss":0,"event_name":"Upgrade Shrine","floor":46,"gold_loss":0,"cards_upgraded":["Metallicize"]},{"damage_healed":0,"gold_gain":0,"player_choice":"Fight","damage_taken":0,"max_hp_gain":0,"max_hp_loss":0,"event_name":"MindBloom","floor":47,"gold_loss":0}],"is_beta":false,"boss_relics":[{"not_picked":["Mark of Pain","Astrolabe"],"picked":"Sozu"},{"not_picked":["Pandora\u0027s Box","Lizard Tail"],"picked":"Cursed Key"}],"items_purged_floors":[2,27,37],"is_endless":false,"potions_floor_spawned":[6,7,11,16,18,24,29,31,39,44,47],"killed_by":"Awakened One","ascension_level":5}