{"gold_per_floor":[209,225,73,90,90,119,131,156,168,214,226,254,231,253,265,374,386,415,440,467,39,39,39,64,84,84,115,135,168,178,211,211,308,308,318,318,418,418,430,430,192,227,227,227,261,274,274,303,303,303],"floor_reached":50,"playtime":4084,"items_purged":["Strike_B"],"score":896,"play_id":"c174b2e6-201e-49cb-b331-9f453ca08d0a","local_time":"20190107043315","is_ascension_mode":true,"campfire_choices":[{"data":"Chaos","floor":7,"key":"SMITH"},{"floor":11,"key":"REST"},{"floor":15,"key":"REST"},{"floor":23,"key":"REST"},{"data":"Creative AI","floor":32,"key":"SMITH"},{"data":"Amplify","floor":40,"key":"SMITH"},{"data":"White Noise","floor":44,"key":"SMITH"},{"floor":49,"key":"REST"}],"neow_cost":"NONE","seed_source_timestamp":1669115627029750,"circlet_count":0,"master_deck":["Defend_B+1","Defend_B+1","Defend_B+1","Defend_B+1","Zap","Dualcast","White Noise+1","Ball Lightning+1","White Noise","Loop","Chaos+1","Cold Snap+1","Biased Cognition","Ball Lightning+1","Creative AI+1","Double Energy+1","Static Discharge+1","Reinforced Body+1","Sunder+1","Beam Cell+1","Go for the Eyes+1","FTL+1","Defragment+1","Rebound+1","Amplify+1","Doubt","Doubt","Regret","Beam Cell+1","Defragment+1","Capacitor+1","Go for the Eyes+1"],"relics":["Cracked Core","MawBank","Matryoshka","Molten Egg 2","Astrolabe","Bird Faced Urn","Juzu Bracelet","Emotion Chip","Shuriken","Boot","Mummified Hand","Dream Catcher","Calling Bell","Pen Nib","Symbiotic Virus","Prayer Wheel","Du-Vu Doll","Cables","Bag of Preparation","Mercury Hourglass","Frozen Egg 2","Sundial","Whetstone"],"potions_floor_usage":[10,10,27,28,28,31,31,42,45,50,50],"damage_taken":[{"damage":1,"enemies":"Cultist","floor":1,"turns":3},{"damage":6,"enemies":"2 Louse","floor":2,"turns":3},{"damage":7,"enemies":"Jaw Worm","floor":4,"turns":2},{"damage":20,"enemies":"Lagavulin","floor":6,"turns":6},{"damage":12,"enemies":"2 Fungi Beasts","floor":8,"turns":3},{"damage":16,"enemies":"Gremlin Nob","floor":10,"turns":3},{"damage":15,"enemies":"3 Louse","floor":12,"turns":3},{"damage":13,"enemies":"Blue Slaver","floor":14,"turns":3},{"damage":33,"enemies":"The Guardian","floor":16,"turns":12},{"damage":9,"enemies":"Shell Parasite","floor":18,"turns":4},{"damage":7,"enemies":"Chosen","floor":19,"turns":3},{"damage":14,"enemies":"3 Cultists","floor":20,"turns":6},{"damage":24,"enemies":"Gremlin Leader","floor":24,"turns":7},{"damage":6,"enemies":"Centurion and Healer","floor":25,"turns":6},{"damage":13,"enemies":"Book of Stabbing","floor":27,"turns":6},{"damage":12,"enemies":"Chosen and Byrds","floor":28,"turns":4},{"damage":17,"enemies":"Slavers","floor":29,"turns":5},{"damage":0,"enemies":"Sentry and Sphere","floor":30,"turns":4},{"damage":12,"enemies":"Book of Stabbing","floor":31,"turns":3},{"damage":29,"enemies":"Collector","floor":33,"turns":5},{"damage":32,"enemies":"3 Darklings","floor":35,"turns":5},{"damage":1,"enemies":"Mind Bloom Boss Battle","floor":37,"turns":6},{"damage":8,"enemies":"3 Shapes","floor":39,"turns":5},{"damage":25,"enemies":"Nemesis","floor":42,"turns":5},{"damage":23,"enemies":"Reptomancer","floor":45,"turns":3},{"damage":11,"enemies":"Spire Growth","floor":46,"turns":3},{"damage":101,"enemies":"Nemesis","floor":48,"turns":5},{"damage":41,"enemies":"Donu and Deca","floor":50,"turns":3}],"seed_played":"2280970440022891781","potions_obtained":[{"floor":1,"key":"Explosive Potion"},{"floor":6,"key":"FocusPotion"},{"floor":12,"key":"SpeedPotion"},{"floor":24,"key":"Dexterity Potion"},{"floor":25,"key":"SpeedPotion"},{"floor":27,"key":"Energy Potion"},{"floor":29,"key":"SpeedPotion"},{"floor":30,"key":"SkillPotion"},{"floor":38,"key":"Block Potion"},{"floor":38,"key":"Weak Potion"},{"floor":42,"key":"LiquidBronze"},{"floor":45,"key":"Weak Potion"},{"floor":46,"key":"FairyPotion"}],"is_trial":false,"path_per_floor":["M","M","$","M","T","E","R","M","T","E","R","M","?","M","R","B",null,"M","M","M","$","?","R","E","M","T","E","M","E","M","E","R","B",null,"M","?","?","?","M","R","$","E","T","R","E","M","?","E","R","B"],"character_chosen":"DEFECT","items_purchased":["White Noise","Bird Faced Urn","Juzu Bracelet","Cables"],"campfire_rested":4,"item_purchase_floors":[3,21,21,41],"current_hp_per_floor":[67,61,61,54,54,34,34,22,22,6,28,13,31,18,40,7,58,49,42,28,28,28,50,42,46,46,49,53,56,68,68,68,56,70,56,56,71,71,75,75,75,60,60,60,61,60,60,7,28,0],"gold":303,"neow_bonus":"HUNDRED_GOLD","is_prod":false,"is_daily":false,"chose_seed":false,"campfire_upgraded":4,"win_rate":0,"timestamp":1546853595,"path_taken":["M","?","$","M","?","E","R","M","T","E","R","M","?","?","R","BOSS","M","M","M","$","?","R","E","M","T","E","M","E","M","E","R","BOSS","M","?","?","?","M","R","$","E","T","R","E","M","?","E","R","BOSS"],"build_version":"2019-01-03v4","purchased_purges":1,"victory":false,"max_hp_per_floor":[75,75,75,75,75,75,75,75,75,75,75,75,75,75,75,75,75,75,75,75,75,75,75,75,75,75,75,75,75,75,75,75,75,75,75,75,75,75,75,75,75,75,75,75,75,75,71,71,71,71],"card_choices":[{"not_picked":["Conserve Battery","Barrage"],"picked":"White Noise","floor":1},{"not_picked":["BootSequence","Steam Power"],"picked":"Ball Lightning","floor":2},{"not_picked":["Gash","Stack"],"picked":"Loop","floor":4},{"not_picked":["Ball Lightning","Skim"],"picked":"Chaos","floor":6},{"not_picked":["Ball Lightning","Go for the Eyes"],"picked":"Cold Snap","floor":8},{"not_picked":["Leap","Stack"],"picked":"Glacier","floor":10},{"not_picked":["Stack","Scrape+1"],"picked":"Biased Cognition","floor":12},{"not_picked":["Darkness","Hologram"],"picked":"Ball Lightning+1","floor":14},{"not_picked":["Fission","Rainbow"],"picked":"Creative AI","floor":16},{"not_picked":["Sweeping Beam+1","Stack"],"picked":"Sunder+1","floor":18},{"not_picked":["BootSequence","Loop","Hologram"],"picked":"SKIP","floor":19},{"not_picked":["Hologram","Echo Form"],"picked":"Beam Cell+1","floor":20},{"not_picked":["Defragment","Reinforced Body"],"picked":"Go for the Eyes+1","floor":24},{"not_picked":["Reinforced Body","Compile Driver+1","Static Discharge"],"picked":"SKIP","floor":25},{"not_picked":["Compile Driver+1","Recycle"],"picked":"FTL+1","floor":27},{"not_picked":["Turbo","Barrage+1","Compile Driver+1"],"picked":"SKIP","floor":28},{"not_picked":["Heatsinks","Loop"],"picked":"Defragment+1","floor":29},{"not_picked":["Leap","Multi-Cast"],"picked":"Rebound+1","floor":30},{"not_picked":["Rip and Tear+1","Ball Lightning+1","Storm"],"picked":"SKIP","floor":31},{"not_picked":["Machine Learning","Reboot"],"picked":"Amplify","floor":33},{"not_picked":["Conserve Battery","Compile Driver+1","Cold Snap+1"],"picked":"SKIP","floor":35},{"not_picked":["Cold Snap+1","Chill","Barrage+1"],"picked":"SKIP","floor":35},{"not_picked":["Ball Lightning+1","Hologram"],"picked":"Beam Cell+1","floor":37},{"not_picked":["Darkness+1","Turbo"],"picked":"Defragment+1","floor":39},{"not_picked":["Barrage+1","Hello World+1","Scrape+1"],"picked":"SKIP","floor":39},{"not_picked":["Reinforced Body","Reprogram","Creative AI"],"picked":"SKIP","floor":42},{"not_picked":["Coolheaded","FTL+1","Heatsinks+1"],"picked":"SKIP","floor":45},{"not_picked":["Electrodynamics+1","BootSequence+1"],"picked":"Capacitor+1","floor":46},{"not_picked":["Barrage+1","Ball Lightning+1","Steam Power"],"picked":"SKIP","floor":46},{"not_picked":["Redo+1","White Noise","Beam Cell+1"],"picked":"SKIP","floor":48},{"not_picked":["Scrape+1","Chill"],"picked":"Go for the Eyes+1","floor":49}],"player_experience":421074,"relics_obtained":[{"floor":6,"key":"MawBank"},{"floor":9,"key":"Matryoshka"},{"floor":10,"key":"Molten Egg 2"},{"floor":24,"key":"Emotion Chip"},{"floor":26,"key":"Shuriken"},{"floor":26,"key":"Boot"},{"floor":27,"key":"Mummified Hand"},{"floor":31,"key":"Dream Catcher"},{"floor":34,"key":"Pen Nib"},{"floor":34,"key":"Symbiotic Virus"},{"floor":34,"key":"Prayer Wheel"},{"floor":37,"key":"Du-Vu Doll"},{"floor":42,"key":"Bag of Preparation"},{"floor":43,"key":"Mercury Hourglass"},{"floor":43,"key":"Frozen Egg 2"},{"floor":45,"key":"Sundial"},{"floor":48,"key":"Whetstone"}],"event_choices":[{"damage_healed":18,"gold_gain":0,"player_choice":"Healed","damage_taken":0,"max_hp_gain":0,"max_hp_loss":0,"event_name":"The Cleric","floor":13,"gold_loss":35},{"damage_healed":0,"gold_gain":0,"player_choice":"Simplicity","damage_taken":0,"max_hp_gain":0,"max_hp_loss":0,"event_name":"Back to Basics","floor":22,"gold_loss":0,"cards_upgraded":["Defend_B","Defend_B","Defend_B","Defend_B"]},{"cards_removed":["Glacier"],"damage_healed":0,"gold_gain":0,"player_choice":"Removed Skill","damage_taken":0,"max_hp_gain":0,"max_hp_loss":0,"event_name":"Falling","floor":36,"gold_loss":0},{"damage_healed":0,"gold_gain":0,"player_choice":"Fight","damage_taken":0,"max_hp_gain":0,"max_hp_loss":0,"event_name":"MindBloom","floor":37,"gold_loss":0},{"damage_healed":0,"gold_gain":0,"player_choice":"Got Potions","damage_taken":0,"max_hp_gain":0,"max_hp_loss":0,"event_name":"Lab","floor":38,"gold_loss":0},{"damage_healed":0,"gold_gain":0,"player_choice":"Max HP","damage_taken":0,"max_hp_gain":0,"max_hp_loss":4,"event_name":"Winding Halls","floor":47,"gold_loss":0}],"is_beta":false,"boss_relics":[{"not_picked":["Runic Pyramid","Eternal Feather"],"picked":"Astrolabe"},{"not_picked":["Velvet Choker","Coffee Dripper"],"picked":"Calling Bell"}],"items_purged_floors":[3],"is_endless":false,"potions_floor_spawned":[1,6,12,24,25,27,28,29,30,42,45,46],"killed_by":"Donu and Deca","ascension_level":7}