{"gold_per_floor":[416,33,49,49,49,49,83,83,132,132,132,146,146,163,163,266,266,284,304,41,53,53,53,63,63,63,73,73],"floor_reached":28,"playtime":1716,"items_purged":["Strike_R","Strike_R"],"score":251,"play_id":"5c50590b-35c8-46c6-b979-8199b35ad7ba","local_time":"20190127182832","is_ascension_mode":true,"campfire_choices":[{"data":"Bash","floor":6,"key":"SMITH"},{"data":"Inflame","floor":8,"key":"SMITH"},{"data":"Power Through","floor":11,"key":"SMITH"},{"floor":15,"key":"RECALL"},{"data":"Juggernaut","floor":23,"key":"SMITH"}],"neow_cost":"TEN_PERCENT_HP_LOSS","seed_source_timestamp":1467094666904867,"circlet_count":0,"master_deck":["Strike_R","Strike_R","Strike_R","Defend_R+1","Defend_R","Defend_R","Defend_R","Bash+1","Evolve+1","Reckless Charge+1","Ghostly Armor","Power Through+1","Inflame+1","Second Wind+1","Juggernaut+1","Entrench+1","Fiend Fire","Shrug It Off"],"relics":["Burning Blood","Old Coin","Anchor","Orichalcum","Bag of Marbles","Runic Cube"],"potions_floor_usage":[16,28,28],"damage_taken":[{"damage":2,"enemies":"Jaw Worm","floor":1,"turns":3},{"damage":0,"enemies":"2 Louse","floor":3,"turns":3},{"damage":23,"enemies":"3 Sentries","floor":7,"turns":15},{"damage":0,"enemies":"Small Slimes","floor":12,"turns":3},{"damage":0,"enemies":"3 Louse","floor":14,"turns":3},{"damage":12,"enemies":"Hexaghost","floor":16,"turns":12},{"damage":18,"enemies":"Shell Parasite","floor":18,"turns":7},{"damage":4,"enemies":"Chosen","floor":19,"turns":6},{"damage":18,"enemies":"Sentry and Sphere","floor":21,"turns":7},{"damage":8,"enemies":"Centurion and Healer","floor":24,"turns":10},{"damage":7,"enemies":"Colosseum Slavers","floor":25,"turns":7},{"damage":0,"enemies":"Cultist and Chosen","floor":27,"turns":6},{"damage":56,"enemies":"Gremlin Leader","floor":28,"turns":6}],"seed_played":"5343923463777295618","potions_obtained":[{"floor":7,"key":"FearPotion"},{"floor":12,"key":"SpeedPotion"},{"floor":18,"key":"PowerPotion"},{"floor":24,"key":"Dexterity Potion"}],"is_trial":false,"path_per_floor":["M","$","M","?","?","R","E","R","T","?","R","M","?","M","R","B",null,"M","M","$","M","?","R","M","?","T","M","E"],"character_chosen":"IRONCLAD","items_purchased":["Anchor","Reckless Charge","Ghostly Armor","Fiend Fire"],"campfire_rested":0,"item_purchase_floors":[2,2,2,20],"current_hp_per_floor":[72,72,72,72,58,58,41,41,41,41,41,47,47,53,53,47,72,60,62,62,50,50,50,48,47,47,53,0],"gold":73,"neow_bonus":"ONE_RARE_RELIC","is_prod":false,"is_daily":false,"chose_seed":false,"campfire_upgraded":4,"win_rate":0,"timestamp":1548581312,"path_taken":["M","$","M","?","?","R","E","R","T","?","R","M","?","?","R","BOSS","M","M","$","M","?","R","?","?","T","M","E"],"build_version":"2019-01-23","purchased_purges":2,"victory":false,"max_hp_per_floor":[72,72,72,72,72,72,72,72,72,72,72,72,72,72,72,72,72,72,72,72,72,72,72,72,72,72,72,72],"card_choices":[{"not_picked":["Twin Strike","Sword Boomerang"],"picked":"Evolve","floor":1},{"not_picked":["Sever Soul","Wild Strike"],"picked":"Power Through","floor":3},{"not_picked":["Dropkick","Clothesline"],"picked":"Inflame","floor":7},{"not_picked":["Iron Wave","Brutality"],"picked":"Second Wind","floor":12},{"not_picked":["Thunderclap","Headbutt","Infernal Blade"],"picked":"SKIP","floor":14},{"not_picked":["Bludgeon","Impervious"],"picked":"Juggernaut","floor":16},{"not_picked":["Dual Wield","Blood for Blood","Thunderclap+1"],"picked":"SKIP","floor":18},{"not_picked":["Bloodletting","Armaments+1"],"picked":"Entrench","floor":19},{"not_picked":["Heavy Blade+1","Second Wind"],"picked":"Shrug It Off","floor":21},{"not_picked":["Perfected Strike","Flex+1","Burning Pact"],"picked":"SKIP","floor":24},{"not_picked":["Sword Boomerang","Whirlwind","Cleave+1"],"picked":"SKIP","floor":27}],"player_experience":706078,"relics_obtained":[{"floor":7,"key":"Orichalcum"},{"floor":9,"key":"Bag of Marbles"}],"event_choices":[{"damage_healed":0,"gold_gain":0,"player_choice":"Leave","damage_taken":0,"max_hp_gain":0,"max_hp_loss":0,"event_name":"The Cleric","floor":4,"gold_loss":0},{"damage_healed":0,"gold_gain":0,"player_choice":"Entered Light","damage_taken":14,"max_hp_gain":0,"max_hp_loss":0,"event_name":"Shining Light","floor":5,"gold_loss":0,"cards_upgraded":["Evolve","Defend_R"]},{"damage_healed":0,"gold_gain":0,"player_choice":"Grow","damage_taken":0,"max_hp_gain":0,"max_hp_loss":0,"event_name":"Living Wall","floor":10,"gold_loss":0,"cards_upgraded":["Reckless Charge"]},{"damage_healed":0,"gold_gain":0,"player_choice":"Upgraded","damage_taken":0,"max_hp_gain":0,"max_hp_loss":0,"event_name":"Upgrade Shrine","floor":13,"gold_loss":0,"cards_upgraded":["Second Wind"]},{"damage_healed":0,"gold_gain":0,"player_choice":"Forge","damage_taken":0,"max_hp_gain":0,"max_hp_loss":0,"event_name":"Accursed Blacksmith","floor":22,"gold_loss":0,"cards_upgraded":["Entrench"]},{"damage_healed":0,"gold_gain":0,"player_choice":"Fight","damage_taken":0,"max_hp_gain":0,"max_hp_loss":0,"event_name":"Colosseum","floor":25,"gold_loss":0},{"damage_healed":0,"gold_gain":0,"player_choice":"Fled From Nobs","damage_taken":0,"max_hp_gain":0,"max_hp_loss":0,"event_name":"Colosseum","floor":25,"gold_loss":0}],"is_beta":false,"boss_relics":[{"not_picked":["Snecko Eye","Runic Dome"],"picked":"Runic Cube"}],"items_purged_floors":[2,20],"is_endless":false,"potions_floor_spawned":[7,12,18,24],"killed_by":"Gremlin Leader","ascension_level":3}