{"gold_per_floor":[115,126,144,144,154,154,184,259,259,276,306,635,647,658,658,762,762,778,693,793,150,164,164],"floor_reached":23,"playtime":1086,"items_purged":["Regret"],"score":274,"play_id":"8fbd08e0-bf40-46fa-982b-06bb89f8936d","local_time":"20181227015736","is_ascension_mode":true,"campfire_choices":[{"data":"Adrenaline","floor":6,"key":"SMITH"},{"floor":15,"key":"REST"}],"neow_cost":"NONE","seed_source_timestamp":712378097478897,"circlet_count":0,"master_deck":["Defend_G","Defend_G","Defend_G","Defend_G","Defend_G","Strike_G","Strike_G","Strike_G","Strike_G","Strike_G","Survivor","Neutralize+1","Bane","Deadly Poison","Flying Knee","Adrenaline+1","Backflip","Bane","Corpse Explosion","Deadly Poison","Heel Hook","After Image","Catalyst","Masterful Stab","Poisoned Stab","Slice","Quick Slash","Dodge and Roll+1","Noxious Fumes"],"relics":["Ring of the Snake","NlothsMask","Mercury Hourglass","Tiny Chest","Old Coin","Orrery","Mummified Hand","Torii","Molten Egg 2","Matryoshka","Pear"],"potions_floor_usage":[7,13,16,22],"damage_taken":[{"damage":7,"enemies":"2 Louse","floor":1,"turns":3},{"damage":2,"enemies":"Cultist","floor":2,"turns":4},{"damage":0,"enemies":"Small Slimes","floor":3,"turns":3},{"damage":2,"enemies":"3 Louse","floor":5,"turns":4},{"damage":26,"enemies":"Gremlin Nob","floor":7,"turns":5},{"damage":4,"enemies":"Large Slime","floor":10,"turns":4},{"damage":3,"enemies":"Lagavulin","floor":12,"turns":5},{"damage":6,"enemies":"Looter","floor":13,"turns":2},{"damage":3,"enemies":"2 Fungi Beasts","floor":14,"turns":3},{"damage":19,"enemies":"Hexaghost","floor":16,"turns":7},{"damage":13,"enemies":"3 Byrds","floor":18,"turns":3},{"damage":22,"enemies":"Colosseum Slavers","floor":20,"turns":2},{"damage":25,"enemies":"Colosseum Nobs","floor":20,"turns":3},{"damage":3,"enemies":"Shell Parasite","floor":22,"turns":4},{"damage":30,"enemies":"Gremlin Leader","floor":23,"turns":6}],"seed_played":"1217156754698398409","potions_obtained":[{"floor":2,"key":"FairyPotion"},{"floor":3,"key":"Regen Potion"},{"floor":10,"key":"LiquidBronze"},{"floor":12,"key":"Poison Potion"},{"floor":20,"key":"AttackPotion"}],"is_trial":false,"path_per_floor":["M","M","M","?","M","R","E","?","T","M","?","E","M","M","R","B",null,"M","?","?","$","M","E"],"character_chosen":"THE_SILENT","items_purchased":["Noxious Fumes","Matryoshka","Pear"],"campfire_rested":1,"item_purchase_floors":[21,21,21],"current_hp_per_floor":[63,61,61,61,59,59,47,36,36,32,32,29,23,20,41,22,70,57,57,10,20,17,0],"gold":164,"neow_bonus":"UPGRADE_CARD","is_prod":false,"is_daily":false,"chose_seed":false,"campfire_upgraded":1,"win_rate":0,"timestamp":1545893856,"path_taken":["M","M","M","?","?","R","E","?","T","M","?","E","M","M","R","BOSS","M","?","?","$","M","E"],"build_version":"2018-12-20","purchased_purges":1,"victory":false,"max_hp_per_floor":[70,70,70,70,70,70,70,70,70,70,70,70,70,70,70,70,70,70,70,70,80,80,80],"card_choices":[{"not_picked":["Acrobatics","Dodge and Roll"],"picked":"Bane","floor":1},{"not_picked":["Outmaneuver","Flying Knee"],"picked":"Deadly Poison","floor":2},{"not_picked":["Escape Plan","Cloak And Dagger"],"picked":"Flying Knee","floor":3},{"not_picked":["Sucker Punch","Backflip"],"picked":"Adrenaline","floor":5},{"not_picked":["Deflect","Outmaneuver"],"picked":"Backflip","floor":7},{"not_picked":["Acrobatics","Skewer"],"picked":"Bane","floor":10},{"not_picked":["Prepared","Calculated Gamble"],"picked":"Corpse Explosion","floor":12},{"not_picked":["Backflip","PiercingWail"],"picked":"Deadly Poison","floor":13},{"not_picked":["Setup","Acrobatics"],"picked":"Heel Hook","floor":14},{"not_picked":["Corpse Explosion","Tools of the Trade"],"picked":"After Image","floor":16},{"not_picked":["Poisoned Stab","Deadly Poison"],"picked":"Catalyst","floor":17},{"not_picked":["Poisoned Stab","Underhanded Strike"],"picked":"Masterful Stab","floor":17},{"not_picked":["Slice","Deflect"],"picked":"Poisoned Stab","floor":17},{"not_picked":["Underhanded Strike","Dagger Throw"],"picked":"Slice","floor":17},{"not_picked":["Deflect","Dodge and Roll"],"picked":"Quick Slash","floor":17},{"not_picked":["Dodge and Roll","Setup","Dagger Spray"],"picked":"SKIP","floor":18},{"not_picked":["Doppelganger","Sucker Punch"],"picked":"Dodge and Roll+1","floor":20},{"not_picked":["Deadly Poison","Dagger Spray+1","Blade Dance"],"picked":"SKIP","floor":22}],"player_experience":261580,"relics_obtained":[{"floor":7,"key":"Mercury Hourglass"},{"floor":12,"key":"Old Coin"},{"floor":20,"key":"Torii"},{"floor":20,"key":"Molten Egg 2"}],"event_choices":[{"damage_healed":0,"gold_gain":0,"player_choice":"Trade","damage_taken":0,"relics_obtained":["NlothsMask"],"max_hp_gain":0,"max_hp_loss":0,"event_name":"FaceTrader","floor":4,"gold_loss":0},{"damage_healed":0,"gold_gain":75,"player_choice":"Gather Gold","damage_taken":11,"max_hp_gain":0,"max_hp_loss":0,"event_name":"World of Goop","floor":8,"gold_loss":0},{"damage_healed":0,"gold_gain":0,"player_choice":"Box","damage_taken":0,"relics_obtained":["Tiny Chest"],"max_hp_gain":0,"max_hp_loss":0,"event_name":"Big Fish","floor":11,"gold_loss":0,"cards_obtained":["Regret"]},{"damage_healed":0,"gold_gain":0,"player_choice":"Obtained Relic","damage_taken":0,"relics_obtained":["Mummified Hand"],"max_hp_gain":0,"max_hp_loss":0,"event_name":"Addict","floor":19,"gold_loss":85},{"damage_healed":0,"gold_gain":0,"player_choice":"Fight","damage_taken":0,"max_hp_gain":0,"max_hp_loss":0,"event_name":"Colosseum","floor":20,"gold_loss":0},{"damage_healed":0,"gold_gain":0,"player_choice":"Fought Nobs","damage_taken":0,"max_hp_gain":0,"max_hp_loss":0,"event_name":"Colosseum","floor":20,"gold_loss":0}],"is_beta":false,"boss_relics":[{"not_picked":["White Beast Statue","Empty Cage"],"picked":"Orrery"}],"items_purged_floors":[21],"is_endless":false,"potions_floor_spawned":[2,3,10,12,20,20],"killed_by":"Gremlin Leader","ascension_level":4}