{"gold_per_floor":[114,114,131,148,148,148,323,352,378,408,408,421,440,458,458,557,557,574,585,605,619,45,45,73,73,73,73,73,91,122,170,170,267,267,278,10,22,37,3,3,23,23,71,88,88,40,56,74,74,74],"floor_reached":50,"playtime":2126,"items_purged":["Defend_G","Defend_G"],"score":571,"play_id":"faae0db4-00ab-4d9f-9a85-e862a210855b","local_time":"20180819184741","is_ascension_mode":false,"campfire_choices":[{"data":"Backflip","floor":6,"key":"SMITH"},{"floor":11,"key":"REST"},{"floor":15,"key":"REST"},{"floor":23,"key":"REST"},{"floor":32,"key":"REST"},{"data":"Choke","floor":40,"key":"SMITH"},{"floor":45,"key":"REST"},{"floor":49,"key":"REST"}],"neow_cost":"NONE","seed_source_timestamp":34090003698411,"circlet_count":0,"master_deck":["Defend_G","Defend_G","Strike_G","Strike_G","Strike_G","Strike_G","Strike_G","Survivor","Neutralize","Backflip+1","Dagger Throw","Backflip+1","Choke+1","Terror","Finisher","After Image","Sucker Punch","Prepared","Deflect","Dagger Spray","Slice+1","Blade Dance+1","Footwork","Finesse","Prepared","Panache","Die Die Die","After Image","Slice+1","Flying Knee+1","Finesse","Infinite Blades","Infinite Blades","Slice","Slice+1"],"relics":["Sozu","Bronze Scales","Blood Vial","Orichalcum","Orrery","Vajra","Incense Burner","Ancient Tea Set","Potion Belt","Empty Cage","Boot","Oddly Smooth Stone"],"potions_floor_usage":[],"damage_taken":[{"damage":0,"enemies":"Jaw Worm","floor":1,"turns":4},{"damage":0,"enemies":"2 Louse","floor":3,"turns":3},{"damage":0,"enemies":"Small Slimes","floor":4,"turns":3},{"damage":54,"enemies":"Gremlin Nob","floor":8,"turns":6},{"damage":17,"enemies":"3 Sentries","floor":10,"turns":11},{"damage":0,"enemies":"Gremlin Gang","floor":12,"turns":3},{"damage":6,"enemies":"Blue Slaver","floor":13,"turns":2},{"damage":4,"enemies":"Large Slime","floor":14,"turns":6},{"damage":30,"enemies":"The Guardian","floor":16,"turns":11},{"damage":14,"enemies":"Spheric Guardian","floor":18,"turns":4},{"damage":12,"enemies":"2 Thieves","floor":19,"turns":4},{"damage":8,"enemies":"Snecko","floor":20,"turns":6},{"damage":12,"enemies":"Cultist and Chosen","floor":21,"turns":7},{"damage":15,"enemies":"Book of Stabbing","floor":24,"turns":5},{"damage":7,"enemies":"Centurion and Healer","floor":29,"turns":6},{"damage":0,"enemies":"Gremlin Leader","floor":30,"turns":5},{"damage":31,"enemies":"Collector","floor":33,"turns":9},{"damage":16,"enemies":"Orb Walker","floor":35,"turns":4},{"damage":0,"enemies":"3 Shapes","floor":37,"turns":2},{"damage":11,"enemies":"Spire Growth","floor":38,"turns":5},{"damage":12,"enemies":"Transient","floor":41,"turns":5},{"damage":7,"enemies":"Maw","floor":44,"turns":6},{"damage":22,"enemies":"3 Darklings","floor":47,"turns":5},{"damage":7,"enemies":"Flame Bruiser 2 Orb","floor":48,"turns":4},{"damage":64,"enemies":"Awakened One","floor":50,"turns":5}],"seed_played":"7107473771768624029","potions_obtained":[],"is_trial":false,"path_per_floor":["M","?","M","M","?","R","?","E","T","E","R","M","M","M","R","B",null,"M","M","M","M","$","R","E","$","T","$","?","M","E","T","R","B",null,"M","$","M","M","$","R","M","T","T","M","R","$","M","M","R"],"character_chosen":"THE_SILENT","items_purchased":["Finesse","Prepared","Panache","Die Die Die","Finesse","Infinite Blades","Infinite Blades","Slice"],"campfire_rested":6,"item_purchase_floors":[22,22,22,22,36,36,39,46],"current_hp_per_floor":[70,75,75,75,75,75,75,21,21,6,28,30,26,24,46,18,75,61,51,45,35,35,57,44,44,44,44,44,39,41,41,63,34,75,59,59,61,52,52,52,42,42,42,37,59,59,39,34,56,0],"gold":74,"neow_bonus":"BOSS_RELIC","is_prod":false,"is_daily":false,"chose_seed":false,"campfire_upgraded":2,"win_rate":0.0,"timestamp":1534697261,"path_taken":["M","?","?","M","?","R","?","E","T","E","R","?","M","M","R","BOSS","M","M","M","M","?","R","E","$","T","$","?","M","E","?","R","BOSS","M","$","?","M","$","R","M","?","T","M","R","$","M","?","R","BOSS"],"build_version":"2018-08-16","purchased_purges":2,"victory":false,"max_hp_per_floor":[70,75,75,75,75,75,75,75,75,75,75,75,75,75,75,75,75,75,75,75,75,75,75,75,75,75,75,75,75,75,75,75,75,75,75,75,75,75,75,75,75,75,75,75,75,75,75,75,75,75],"card_choices":[{"not_picked":["Slice","Dagger Throw"],"picked":"Backflip","floor":1},{"not_picked":["Outmaneuver","Deflect"],"picked":"Dagger Throw","floor":3},{"not_picked":["Acrobatics","Deadly Poison"],"picked":"Backflip","floor":4},{"not_picked":["Catalyst","Bane","Endless Agony"],"picked":"SKIP","floor":8},{"not_picked":["Skewer","Sucker Punch"],"picked":"Choke","floor":10},{"not_picked":["Poisoned Stab","Malaise"],"picked":"Terror","floor":12},{"not_picked":["Poisoned Stab","Flying Knee","Eviscerate"],"picked":"SKIP","floor":13},{"not_picked":["Riddle With Holes","Dagger Throw"],"picked":"Finisher","floor":14},{"not_picked":["Corpse Explosion","Malaise"],"picked":"After Image","floor":16},{"not_picked":["Flying Knee","Poisoned Stab"],"picked":"Sucker Punch","floor":17},{"not_picked":["Blade Dance","Flying Knee"],"picked":"Prepared","floor":17},{"not_picked":["Reflex","Underhanded Strike"],"picked":"Deflect","floor":17},{"not_picked":["Poisoned Stab","Acrobatics"],"picked":"Dagger Spray","floor":17},{"not_picked":["Tactician","Underhanded Strike","Dagger Spray"],"picked":"SKIP","floor":18},{"not_picked":["Backflip","Terror+1"],"picked":"Slice+1","floor":19},{"not_picked":["Masterful Stab","Flying Knee"],"picked":"Blade Dance","floor":20},{"not_picked":["Finisher","Catalyst"],"picked":"Footwork","floor":21},{"not_picked":["Outmaneuver","Sucker Punch"],"picked":"After Image","floor":24},{"not_picked":["Deadly Poison","Crippling Poison+1"],"picked":"Slice+1","floor":29},{"not_picked":["Bane","Dagger Throw","Heel Hook"],"picked":"SKIP","floor":30},{"not_picked":["Footwork","Dodge and Roll"],"picked":"Flying Knee+1","floor":35},{"not_picked":["Predator+1","Dagger Throw+1","All Out Attack"],"picked":"SKIP","floor":37},{"not_picked":["Acrobatics+1","Deadly Poison","Well Laid Plans"],"picked":"SKIP","floor":38},{"not_picked":["Underhanded Strike","Expertise+1","Footwork"],"picked":"SKIP","floor":41},{"not_picked":["Poisoned Stab+1","PiercingWail+1","A Thousand Cuts"],"picked":"SKIP","floor":44},{"not_picked":["Sucker Punch","PiercingWail"],"picked":"Slice+1","floor":47},{"not_picked":["Skewer+1","Bouncing Flask+1","Footwork+1"],"picked":"SKIP","floor":48}],"player_experience":20006,"relics_obtained":[{"floor":8,"key":"Bronze Scales"},{"floor":9,"key":"Blood Vial"},{"floor":10,"key":"Orichalcum"},{"floor":24,"key":"Vajra"},{"floor":26,"key":"Incense Burner"},{"floor":30,"key":"Ancient Tea Set"},{"floor":31,"key":"Potion Belt"},{"floor":42,"key":"Boot"},{"floor":43,"key":"Oddly Smooth Stone"}],"event_choices":[{"event_name":"Big Fish","player_choice":"Donut","floor":2,"damage_taken":0},{"event_name":"Living Wall","player_choice":"Grow","floor":5,"damage_taken":0},{"event_name":"Liars Game","player_choice":"agreed","floor":7,"damage_taken":0},{"event_name":"Upgrade Shrine","player_choice":"Upgraded","floor":28,"damage_taken":0}],"is_beta":true,"boss_relics":[{"not_picked":["Runic Dome","Velvet Choker"],"picked":"Orrery"},{"not_picked":["Coffee Dripper","Runic Pyramid"],"picked":"Empty Cage"}],"items_purged_floors":[22,36],"is_endless":false,"potions_floor_spawned":[3,4,13,20,21,24,35,38],"killed_by":"Awakened One","ascension_level":0}