{"gold_per_floor":[113,113,61,61,74,74,104,104,173,173,184,184,211,211,211,309,309,322,335,353,28,46,46,80,90,90,102,130,405,11,22,22,22],"floor_reached":33,"playtime":1227,"items_purged":["Regret"],"score":352,"play_id":"fd0b6ad2-9dae-4350-bcf3-985884bdd637","local_time":"20190206165357","is_ascension_mode":true,"campfire_choices":[{"data":"Neutralize","floor":6,"key":"SMITH"},{"floor":10,"key":"REST"},{"data":"Bane","floor":15,"key":"SMITH"},{"floor":23,"key":"REST"},{"floor":32,"key":"REST"}],"neow_cost":"NONE","seed_source_timestamp":0,"circlet_count":0,"master_deck":["Defend_G","Defend_G","Defend_G+1","Defend_G","Defend_G","Strike_G","Strike_G","Strike_G","Strike_G","Strike_G","Survivor","Neutralize+1","Poisoned Stab","Slice","Blade Dance+1","Corpse Explosion+1","Deadly Poison","Bane+1","Glass Knife","Poisoned Stab","Catalyst+1","Deadly Poison+1","Dramatic Entrance","Outmaneuver+1","Flying Knee+1","Sucker Punch","Deflect","Caltrops+1","Panacea","Blade Dance+1"],"special_seed":0,"relics":["White Beast Statue","The Specimen","Art of War","War Paint","Bottled Flame","Vajra","Anchor","Lizard Tail","Letter Opener","Regal Pillow","Ancient Tea Set","Blood Vial"],"potions_floor_usage":[11,13,13,19,22,24,27,28,31,31,31,33],"damage_taken":[{"damage":5.0,"enemies":"2 Louse","floor":1.0,"turns":4.0},{"damage":0,"enemies":"Cultist","floor":5,"turns":3},{"damage":16,"enemies":"Gremlin Nob","floor":7,"turns":5},{"damage":0,"enemies":"Jaw Worm","floor":11,"turns":2},{"damage":1,"enemies":"3 Sentries","floor":13,"turns":2},{"damage":4,"enemies":"Slime Boss","floor":16,"turns":7},{"damage":20,"enemies":"3 Byrds","floor":18,"turns":4},{"damage":13,"enemies":"Spheric Guardian","floor":19,"turns":4},{"damage":0,"enemies":"Chosen and Byrds","floor":20,"turns":3},{"damage":18,"enemies":"Snake Plant","floor":22,"turns":4},{"damage":31,"enemies":"Book of Stabbing","floor":24,"turns":5},{"damage":0,"enemies":"3 Cultists","floor":25,"turns":2},{"damage":5,"enemies":"Snecko","floor":27,"turns":3},{"damage":7,"enemies":"Gremlin Leader","floor":28,"turns":4},{"damage":13,"enemies":"Shelled Parasite and Fungi","floor":31,"turns":3},{"damage":113,"enemies":"Collector","floor":33,"turns":5}],"seed_played":"-8446472271294270237","potions_obtained":[{"floor":1.0,"key":"LiquidBronze"},{"floor":5,"key":"Strength Potion"},{"floor":7,"key":"Fire Potion"},{"floor":11,"key":"PowerPotion"},{"floor":13,"key":"FairyPotion"},{"floor":16,"key":"GamblersBrew"},{"floor":18,"key":"Block Potion"},{"floor":19,"key":"EssenceOfSteel"},{"floor":20,"key":"GhostInAJar"},{"floor":22,"key":"Weak Potion"},{"floor":24,"key":"Fire Potion"},{"floor":27,"key":"Energy Potion"},{"floor":28,"key":"Dexterity Potion"},{"floor":31,"key":"Dexterity Potion"}],"is_trial":false,"path_per_floor":["M","?","$","$","M","R","E","T","T","R","M","T","E","?","R","B",null,"M","M","M","$","M","R","E","M","T","M","E","?","$","M","R","B"],"character_chosen":"THE_SILENT","items_purchased":["Slice","Letter Opener","Dramatic Entrance","Blood Vial","Panacea","Regen Potion"],"campfire_rested":3,"item_purchase_floors":[3,21,21,30,30,30],"current_hp_per_floor":[65,65,65,65,65,65,49,49,49,70,70,70,69,69,69,65,70,50,37,37,37,19,40,9,9,9,4,7,7,7,8,44,0],"gold":22,"neow_bonus":"BOSS_RELIC","is_prod":false,"is_daily":false,"chose_seed":false,"campfire_upgraded":2,"win_rate":0,"timestamp":1549443237,"path_taken":["M","?","?","$","?","R","E","?","T","R","?","?","E","?","R","BOSS","M","M","?","$","M","R","E","M","T","M","E","?","$","M","R","BOSS"],"build_version":"2019-01-23","purchased_purges":1,"victory":false,"max_hp_per_floor":[70,70,70,70,70,70,70,70,70,70,70,70,70,70,70,70,70,70,70,70,70,70,70,70,70,70,70,70,70,70,70,70,70],"card_choices":[{"not_picked":["Catalyst","Accuracy"],"picked":"Poisoned Stab","floor":1.0},{"not_picked":["Footwork","Backflip"],"picked":"Blade Dance","floor":5},{"not_picked":["Acrobatics","Cloak And Dagger"],"picked":"Corpse Explosion","floor":7},{"not_picked":["Outmaneuver","Dagger Spray"],"picked":"Deadly Poison","floor":11},{"not_picked":["Sucker Punch","Footwork"],"picked":"Bane","floor":13},{"not_picked":["A Thousand Cuts","Phantasmal Killer"],"picked":"Glass Knife","floor":16},{"not_picked":["Deadly Poison","Prepared"],"picked":"Poisoned Stab","floor":18},{"not_picked":["Cloak And Dagger","PiercingWail"],"picked":"Catalyst+1","floor":19},{"not_picked":["Quick Slash","Escape Plan"],"picked":"Deadly Poison+1","floor":20},{"not_picked":["Noxious Fumes","Dagger Spray"],"picked":"Outmaneuver+1","floor":22},{"not_picked":["Outmaneuver+1","Quick Slash+1"],"picked":"Flying Knee+1","floor":24},{"not_picked":["Reflex","Finisher"],"picked":"Sucker Punch","floor":25},{"not_picked":["Prepared","Crippling Poison"],"picked":"Deflect","floor":27},{"not_picked":["Choke","Underhanded Strike"],"picked":"Caltrops+1","floor":28},{"not_picked":["Blur","Setup"],"picked":"Blade Dance+1","floor":31}],"player_experience":87783,"relics_obtained":[{"floor":2.0,"key":"The Specimen"},{"floor":7,"key":"Art of War"},{"floor":8,"key":"War Paint"},{"floor":9,"key":"Bottled Flame"},{"floor":12,"key":"Vajra"},{"floor":13,"key":"Anchor"},{"floor":24,"key":"Regal Pillow"},{"floor":28,"key":"Ancient Tea Set"}],"event_choices":[{"damage_healed":0.0,"max_hp_gain":0.0,"max_hp_loss":0.0,"gold_gain":0.0,"event_name":"Wheel of Change","player_choice":"Relic","floor":2.0,"gold_loss":0.0,"damage_taken":0.0},{"damage_healed":0,"gold_gain":0,"player_choice":"Upgraded","damage_taken":0,"max_hp_gain":0,"max_hp_loss":0,"event_name":"Upgrade Shrine","floor":14,"gold_loss":0,"cards_upgraded":["Corpse Explosion"]},{"damage_healed":0,"gold_gain":275,"player_choice":"Desecrate","damage_taken":0,"max_hp_gain":0,"max_hp_loss":0,"event_name":"Golden Shrine","floor":29,"gold_loss":0,"cards_obtained":["Regret"]}],"is_beta":false,"boss_relics":[{"not_picked":["Cursed Key","Fusion Hammer"],"picked":"Lizard Tail"}],"items_purged_floors":[30],"is_endless":false,"potions_floor_spawned":[1,5,7,11,13,16,18,19,20,22,24,25,27,28,31],"killed_by":"Collector","ascension_level":2}