{"path_per_floor":["M","M","M","?","M","R","E","?","T","R","$","E","M","M","R","B",null,"M","$","?","$","M","R","?","E","T","R","?","?","?","E","R","B",null,"M","?","$","?","M","R","E","M","T","E","R","M","R","M","R"],"character_chosen":"THE_SILENT","items_purchased":["Dagger Spray+1","Gremlin Horn","Flash of Steel+1","Sucker Punch+1","Dagger Spray+1","Bag of Preparation","Bottled Tornado"],"gold_per_floor":[412,424,437,437,447,447,479,479,531,531,85,116,130,143,143,241,241,255,204,204,4,24,24,24,51,120,120,120,120,120,148,148,251,251,269,269,15,15,31,31,66,79,79,112,112,130,130,146,146,146],"floor_reached":50,"campfire_rested":9,"playtime":2648,"item_purchase_floors":[],"current_hp_per_floor":[68,60,60,53,35,56,41,46,46,75,75,45,41,41,75,75,75,56,56,56,56,53,75,59,20,20,57,57,57,57,23,60,40,75,67,85,85,74,85,85,35,45,45,27,67,44,84,76,85,0],"items_purged":["Clumsy"],"gold":146,"score":831,"play_id":"f158bfce-abdd-4bc4-bc26-1425f05f7f7d","local_time":"20180523232912","is_prod":false,"is_daily":false,"chose_seed":false,"is_ascension_mode":true,"campfire_upgraded":1,"win_rate":0,"timestamp":1527110952,"campfire_choices":[{"floor":6.0,"key":"REST"},{"floor":10.0,"key":"REST"},{"floor":15.0,"key":"REST"},{"floor":23.0,"key":"REST"},{"floor":27.0,"key":"REST"},{"floor":32.0,"key":"REST"},{"data":"Envenom","floor":40,"key":"SMITH"},{"floor":45,"key":"REST"},{"floor":47,"key":"REST"},{"floor":49,"key":"REST"}],"path_taken":["M","M","M","?","M","R","E","?","T","R","$","E","M","M","R","BOSS","M","$","?","?","M","R","?","E","T","R","?","?","?","E","R","BOSS","M","?","$","?","M","R","E","M","T","E","R","M","R","M","R","BOSS"],"build_version":"2018-05-23","seed_source_timestamp":0,"purchased_purges":1,"victory":false,"master_deck":["Defend_G+1","Defend_G+1","Defend_G+1","Defend_G+1","Strike_G+1","Strike_G+1","Strike_G+1","Strike_G+1","Survivor","Neutralize","Clumsy","Clumsy","Dagger Throw","Slice","Endless Agony","Backstab+1","Dagger Spray+1","Flash of Steel+1","Well Laid Plans","Cloak And Dagger","Envenom+1","Underhanded Strike+1","Sucker Punch+1","Dagger Spray+1","Caltrops+1","Necronomicurse","Glass Knife+1","Endless Agony+1","Writhe","Decay","After Image","Dagger Spray+1","Adrenaline","Glass Knife+1","Acrobatics+1","Deflect+1","Madness","Madness","Backflip+1","Choke+1","After Image","Backflip+1","Prepared","Dagger Spray+1","Poisoned Stab+1"],"max_hp_per_floor":[70,70,70,70,70,70,70,75,75,75,75,75,75,75,75,75,75,75,75,75,75,75,75,75,75,75,75,75,75,75,75,75,75,75,75,85,85,85,85,85,85,85,85,85,85,85,85,85,85,85],"relics":["Calling Bell","Art of War","Pantograph","Old Coin","Molten Egg 2","Regal Pillow","Juzu Bracelet","Gremlin Horn","Pen Nib","Lizard Tail","Bag of Preparation","Necronomicon","Dream Catcher","Mummified Hand","Potion Belt","Meat on the Bone","Astrolabe","Bottled Tornado","Darkstone Periapt","Mercury Hourglass","Omamori"],"card_choices":[{"not_picked":["Caltrops","Slice"],"picked":"Dagger Throw","floor":1.0},{"not_picked":["Bane","Riddle With Holes"],"picked":"Slice","floor":2.0},{"not_picked":["Quick Slash","Expertise"],"picked":"Endless Agony","floor":3.0},{"not_picked":["Accuracy","Phantasmal Killer"],"picked":"Masterful Stab+1","floor":5.0},{"not_picked":["Expertise","Prepared"],"picked":"Backstab+1","floor":7.0},{"not_picked":["Malaise","Tactician"],"picked":"Well Laid Plans","floor":12.0},{"not_picked":["Masterful Stab+1","Predator+1"],"picked":"Cloak And Dagger","floor":13.0},{"not_picked":["Acrobatics","Setup","Catalyst"],"picked":"SKIP","floor":14.0},{"not_picked":["A Thousand Cuts","Corpse Explosion+1"],"picked":"Envenom","floor":16.0},{"not_picked":["Calculated Gamble+1","Dodge and Roll"],"picked":"Underhanded Strike+1","floor":18.0},{"not_picked":["PiercingWail","Backflip"],"picked":"Caltrops+1","floor":22.0},{"not_picked":["Calculated Gamble","Blur+1"],"picked":"Glass Knife+1","floor":25.0},{"not_picked":["Deadly Poison","Dodge and Roll"],"picked":"Endless Agony+1","floor":27.0},{"not_picked":["Heel Hook+1","Dodge and Roll+1"],"picked":"After Image","floor":31.0},{"not_picked":["PiercingWail+1","Setup"],"picked":"Dagger Spray+1","floor":32.0},{"not_picked":["Night Terror","Bullet Time"],"picked":"Adrenaline","floor":33.0},{"not_picked":["Endless Agony+1","Caltrops"],"picked":"Deflect+1","floor":35},{"not_picked":["Leg Sweep","Dagger Throw+1"],"picked":"Backflip+1","floor":39},{"not_picked":["Deflect+1","Acrobatics"],"picked":"Choke+1","floor":41},{"not_picked":["Dodge and Roll+1","Dagger Throw+1"],"picked":"After Image","floor":42},{"not_picked":["Slice+1","Footwork"],"picked":"Backflip+1","floor":44},{"not_picked":["Dodge and Roll","Slice+1"],"picked":"Prepared","floor":46},{"not_picked":["Outmaneuver+1","Infinite Blades"],"picked":"Dagger Spray+1","floor":48},{"not_picked":["Bullet Time","Eviscerate+1"],"picked":"Poisoned Stab+1","floor":49}],"player_experience":156354,"potions_floor_usage":[39,44,44,44,50],"damage_taken":[{"damage":2.0,"enemies":"Jaw Worm","floor":1.0,"turns":5.0},{"damage":8.0,"enemies":"Small Slimes","floor":2.0,"turns":5.0},{"damage":0.0,"enemies":"Cultist","floor":3.0,"turns":4.0},{"damage":18.0,"enemies":"Exordium Wildlife","floor":5.0,"turns":7.0},{"damage":15.0,"enemies":"3 Sentries","floor":7.0,"turns":11.0},{"damage":30.0,"enemies":"Gremlin Nob","floor":12.0,"turns":5.0},{"damage":4.0,"enemies":"2 Fungi Beasts","floor":13.0,"turns":2.0},{"damage":0.0,"enemies":"3 Louse","floor":14.0,"turns":2.0},{"damage":0.0,"enemies":"Slime Boss","floor":16.0,"turns":7.0},{"damage":19.0,"enemies":"Spheric Guardian","floor":18.0,"turns":4.0},{"damage":3.0,"enemies":"Chosen","floor":22.0,"turns":4.0},{"damage":39.0,"enemies":"Book of Stabbing","floor":25.0,"turns":5.0},{"damage":34.0,"enemies":"Slavers","floor":31.0,"turns":5.0},{"damage":47.0,"enemies":"Automaton","floor":33.0,"turns":9.0},{"damage":8,"enemies":"Orb Walker","floor":35,"turns":2},{"damage":0,"enemies":"3 Shapes","floor":39,"turns":3},{"damage":62,"enemies":"Giant Head","floor":41,"turns":9},{"damage":2,"enemies":"Flame Bruiser 2 Orb","floor":42,"turns":3},{"damage":30,"enemies":"Nemesis","floor":44,"turns":5},{"damage":23,"enemies":"Spire Growth","floor":46,"turns":4},{"damage":8,"enemies":"Sphere and 2 Shapes","floor":48,"turns":4},{"damage":136,"enemies":"Awakened One","floor":50,"turns":9}],"relics_obtained":[{"floor":0.0,"key":"Art of War"},{"floor":0.0,"key":"Pantograph"},{"floor":0.0,"key":"Old Coin"},{"floor":7.0,"key":"Regal Pillow"},{"floor":9.0,"key":"Juzu Bracelet"},{"floor":12.0,"key":"Pen Nib"},{"floor":24.0,"key":"Necronomicon"},{"floor":25.0,"key":"Dream Catcher"},{"floor":26.0,"key":"Mummified Hand"},{"floor":31.0,"key":"Meat on the Bone"},{"floor":41,"key":"Darkstone Periapt"},{"floor":43,"key":"Mercury Hourglass"},{"floor":44,"key":"Omamori"}],"event_choices":[{"event_name":"Scrap Ooze","player_choice":"success","floor":4.0,"damage_taken":7.0},{"event_name":"Big Fish","player_choice":"Donut","floor":8.0,"damage_taken":0.0},{"event_name":"Vampires","player_choice":"Ignored","floor":20.0,"damage_taken":0.0},{"event_name":"Cursed Tome","player_choice":"Obtained Book","floor":24.0,"damage_taken":0.0},{"event_name":"Back to Basics","player_choice":"Simplicity","floor":28.0,"damage_taken":0.0},{"event_name":"The Mausoleum","player_choice":"Yes","floor":29.0,"damage_taken":0.0},{"event_name":"Forgotten Altar","player_choice":"Smashed Altar","floor":30.0,"damage_taken":0.0},{"event_name":"Bonfire Elementals","player_choice":"RARE","floor":36,"damage_taken":0},{"event_name":"Winding Halls","player_choice":"Embrace Madness","floor":38,"damage_taken":0}],"boss_relics":[{"not_picked":["Eternal Feather","Philosopher\u0027s Stone"],"picked":"Astrolabe"}],"items_purged_floors":[],"potions_floor_spawned":[3,7,14,16,25,31,33,41,42,46,48],"seed_played":"7456512421699208768","killed_by":"Awakened One","ascension_level":2,"potions_obtained":[{"floor":3.0,"key":"Weak Potion"},{"floor":7.0,"key":"Energy Potion"},{"floor":14.0,"key":"SmokeBomb"},{"floor":16.0,"key":"Explosive Potion"},{"floor":25.0,"key":"Block Potion"},{"floor":31.0,"key":"Ancient Potion"},{"floor":33.0,"key":"Regen Potion"},{"floor":41,"key":"SkillPotion"},{"floor":42,"key":"PowerPotion"},{"floor":46,"key":"Block Potion"},{"floor":48,"key":"Ancient Potion"}],"is_trial":false}