{"path_per_floor":["M","?","M","$","M","E","?","?","T","M","?","E","R","?","R","B",null,"M","$","?","$","$","E","?","R","T","R","E","R","M","$","R"],"character_chosen":"DEFECT","items_purchased":["Defragment","Storm","Self Repair","Apotheosis"],"gold_per_floor":[111,111,131,57,68,102,67,67,94,113,288,315,315,315,315,410,410,426,352,352,274,73,102,102,102,102,102,132,132,148,148,148,148],"floor_reached":33,"campfire_rested":2,"playtime":1061,"item_purchase_floors":[4,19,21,22],"current_hp_per_floor":[66,66,66,66,66,52,70,55,55,51,51,25,47,47,47,19,75,75,75,75,75,75,61,61,61,61,61,33,58,53,53,53,0],"items_purged":[],"gold":148,"score":316,"play_id":"b0af556c-11c5-4265-adc7-4ad947da437d","local_time":"20180603175613","is_prod":false,"is_daily":false,"chose_seed":false,"is_ascension_mode":true,"campfire_upgraded":4,"win_rate":0,"timestamp":1528066573,"campfire_choices":[{"floor":13,"key":"REST"},{"data":"Defragment","floor":15,"key":"SMITH"},{"data":"Defragment","floor":25,"key":"SMITH"},{"data":"Storm","floor":27,"key":"SMITH"},{"floor":29,"key":"REST"},{"data":"Loop","floor":32,"key":"SMITH"}],"path_taken":["M","?","M","$","M","E","?","?","T","M","?","E","R","?","R","BOSS","M","?","?","?","$","E","?","R","T","R","E","R","M","$","R","BOSS"],"build_version":"2018-05-31","seed_source_timestamp":1374207802400025,"purchased_purges":0,"victory":false,"master_deck":["Strike_B+1","Strike_B+1","Strike_B","Strike_B","Defend_B","Defend_B","Defend_B","Defend_B","Zap+1","Dualcast","Ball Lightning","Ball Lightning","Defragment+1","Ball Lightning","Loop+1","Stack+1","Doubt","Gash","Normality","Electrodynamics","Gash+1","Storm+1","Self Repair","Apotheosis+1","Defragment+1","Barrage"],"max_hp_per_floor":[75,75,75,75,75,75,75,75,75,75,75,75,75,75,75,75,75,75,75,75,75,75,82,82,82,82,82,84,84,84,84,84,84],"relics":["Cracked Core","Pen Nib","Juzu Bracelet","Orichalcum","Singing Bowl","Velvet Choker","War Paint","Blue Candle","Lantern"],"card_choices":[{"not_picked":["Conserve Battery","Recycle"],"picked":"Ball Lightning","floor":1},{"not_picked":["Gash","Chaos"],"picked":"Ball Lightning","floor":3},{"not_picked":["BootSequence","Streamline"],"picked":"Ball Lightning","floor":5},{"not_picked":["Sweeping Beam","Conserve Battery"],"picked":"Loop","floor":6},{"not_picked":["Conserve Battery","Coolheaded"],"picked":"Stack","floor":10},{"not_picked":["Turbo","Chaos"],"picked":"Gash","floor":12},{"not_picked":["Reboot","Amplify"],"picked":"Electrodynamics","floor":16},{"not_picked":["Rebound","Sunder"],"picked":"Gash+1","floor":18},{"not_picked":["Fusion","Sweeping Beam","Steam Power"],"picked":"Singing Bowl","floor":23},{"not_picked":["Cold Snap+1","White Noise","Tempest"],"picked":"Singing Bowl","floor":28},{"not_picked":["Hello World","Leap"],"picked":"Barrage","floor":30}],"player_experience":230802,"potions_floor_usage":[18,23,28,30,33],"damage_taken":[{"damage":9,"enemies":"Jaw Worm","floor":1,"turns":3},{"damage":0,"enemies":"Small Slimes","floor":3,"turns":2},{"damage":0,"enemies":"2 Louse","floor":5,"turns":1},{"damage":14,"enemies":"Gremlin Nob","floor":6,"turns":3},{"damage":4,"enemies":"Red Slaver","floor":10,"turns":3},{"damage":26,"enemies":"Lagavulin","floor":12,"turns":5},{"damage":28,"enemies":"The Guardian","floor":16,"turns":8},{"damage":0,"enemies":"Spheric Guardian","floor":18,"turns":2},{"damage":28,"enemies":"Slavers","floor":23,"turns":2},{"damage":30,"enemies":"Gremlin Leader","floor":28,"turns":4},{"damage":12,"enemies":"3 Byrds","floor":30,"turns":3},{"damage":57,"enemies":"Automaton","floor":33,"turns":6}],"relics_obtained":[{"floor":6,"key":"Pen Nib"},{"floor":9,"key":"Juzu Bracelet"},{"floor":12,"key":"Orichalcum"},{"floor":23,"key":"War Paint"},{"floor":26,"key":"Blue Candle"},{"floor":28,"key":"Lantern"}],"event_choices":[{"event_name":"Living Wall","player_choice":"Grow","floor":2,"damage_taken":0},{"event_name":"The Cleric","player_choice":"Healed","floor":7,"damage_taken":0},{"event_name":"Shining Light","player_choice":"Entered Light","floor":8,"damage_taken":0},{"event_name":"Liars Game","player_choice":"agreed","floor":11,"damage_taken":0},{"event_name":"Accursed Blacksmith","player_choice":"Rummage","floor":14,"damage_taken":0},{"event_name":"The Lab","player_choice":"Got Potions","floor":20,"damage_taken":0},{"event_name":"The Library","player_choice":"Read","floor":24,"damage_taken":0}],"boss_relics":[{"not_picked":["Snecko Eye","Runic Pyramid"],"picked":"Velvet Choker"}],"items_purged_floors":[],"potions_floor_spawned":[5,10,16,23],"seed_played":"8071386385372476604","killed_by":"Automaton","ascension_level":2,"potions_obtained":[{"floor":5,"key":"SteroidPotion"},{"floor":10,"key":"Dexterity Potion"},{"floor":16,"key":"GamblersBrew"},{"floor":20,"key":"Fruit Juice"},{"floor":20,"key":"Explosive Potion"},{"floor":23,"key":"PowerPotion"}],"is_trial":false}