{"gold_per_floor":[217,30,30,105,160,160,195,195,195,6,41,60,79,97,97,198,198,211,224,0,0,18,18,18],"floor_reached":24,"playtime":754,"items_purged":[],"score":214,"play_id":"ab3d55ff-24b5-43fe-8f4e-79e00c580e5a","local_time":"20180913133418","is_ascension_mode":true,"campfire_choices":[{"floor":6,"key":"REST"},{"data":"Corpse Explosion","floor":8,"key":"SMITH"},{"floor":15,"key":"REST"},{"floor":23,"key":"REST"}],"neow_cost":"NONE","seed_source_timestamp":20092616628375,"circlet_count":0,"master_deck":["Defend_G","Defend_G","Defend_G","Defend_G","Defend_G","Strike_G+1","Strike_G","Strike_G","Strike_G","Strike_G+1","Survivor","Neutralize","All Out Attack","Finesse","Poisoned Stab","Flying Knee","Accuracy","Neutralize","Blade Dance","Corpse Explosion+1","Terror","Deadly Poison+1","Backflip+1","Deflect+1","Backflip+1","Prepared+1","Corpse Explosion+1","Distraction+1","All Out Attack","Leg Sweep+1","Necronomicurse","Cloak And Dagger+1"],"relics":["Ring of the Snake","Tiny Chest","Blue Candle","Toxic Egg 2","Vajra","Darkstone Periapt","Philosopher\u0027s Stone","Whetstone","Necronomicon"],"potions_floor_usage":[7,16,16],"damage_taken":[{"damage":12,"enemies":"Cultist","floor":1,"turns":5},{"damage":14,"enemies":"Lagavulin","floor":7,"turns":6},{"damage":36,"enemies":"Gremlin Nob","floor":11,"turns":5},{"damage":1,"enemies":"Jaw Worm","floor":12,"turns":2},{"damage":0,"enemies":"2 Louse","floor":13,"turns":1},{"damage":8,"enemies":"Exordium Wildlife","floor":14,"turns":2},{"damage":8,"enemies":"The Guardian","floor":16,"turns":8},{"damage":30,"enemies":"3 Byrds","floor":18,"turns":2},{"damage":0,"enemies":"Chosen","floor":19,"turns":4},{"damage":18,"enemies":"Snake Plant","floor":22,"turns":5},{"damage":43,"enemies":"Gremlin Leader","floor":24,"turns":7}],"seed_played":"-1969270575757384386","potions_obtained":[{"floor":7,"key":"Fruit Juice"},{"floor":11,"key":"FearPotion"},{"floor":13,"key":"GamblersBrew"}],"is_trial":false,"path_per_floor":["M","$","?","?","T","R","E","R","T","$","E","M","M","M","R","B",null,"M","M","$","?","M","R"],"character_chosen":"THE_SILENT","items_purchased":["Finesse","Poisoned Stab","Flying Knee","Vajra","Deadly Poison+1","Whetstone","Leg Sweep+1"],"campfire_rested":3,"item_purchase_floors":[2,2,2,10,10,20,20],"current_hp_per_floor":[58,58,58,47,47,68,59,59,59,59,23,22,22,14,36,28,75,45,45,45,35,17,41,0],"gold":18,"neow_bonus":"HUNDRED_GOLD","is_prod":false,"is_daily":false,"chose_seed":false,"campfire_upgraded":1,"win_rate":0,"timestamp":1536838458,"path_taken":["M","$","?","?","?","R","E","R","T","?","E","M","M","M","R","BOSS","M","M","$","?","M","R","E"],"build_version":"2018-09-12","purchased_purges":0,"victory":false,"max_hp_per_floor":[70,70,70,70,70,70,75,75,75,75,75,75,75,75,75,75,75,75,75,75,81,81,81,81],"card_choices":[{"not_picked":["Backflip","Deflect"],"picked":"All Out Attack","floor":1},{"not_picked":["Reflex","Cloak And Dagger"],"picked":"Terror","floor":7},{"not_picked":["Dagger Spray","Poisoned Stab"],"picked":"Backflip+1","floor":11},{"not_picked":["Skewer","Outmaneuver+1"],"picked":"Deflect+1","floor":12},{"not_picked":["Bane","Flechettes"],"picked":"Backflip+1","floor":13},{"not_picked":["Night Terror+1","Underhanded Strike"],"picked":"Prepared+1","floor":14},{"not_picked":["Die Die Die","Unload"],"picked":"Corpse Explosion+1","floor":16},{"not_picked":["All Out Attack","Poisoned Stab"],"picked":"Distraction+1","floor":18},{"not_picked":["Skewer","Quick Slash"],"picked":"All Out Attack","floor":19},{"not_picked":["Slice","Backflip+1"],"picked":"Cloak And Dagger+1","floor":22}],"player_experience":128051,"relics_obtained":[{"floor":5,"key":"Tiny Chest"},{"floor":7,"key":"Blue Candle"},{"floor":9,"key":"Toxic Egg 2"},{"floor":11,"key":"Darkstone Periapt"},{"floor":21,"key":"Necronomicon"}],"event_choices":[{"event_name":"Match and Keep!","player_choice":"4 cards matched","floor":3,"damage_taken":0},{"event_name":"World of Goop","player_choice":"Gather Gold","floor":4,"damage_taken":0},{"event_name":"Cursed Tome","player_choice":"Obtained Book","floor":21,"damage_taken":0}],"is_beta":true,"boss_relics":[{"not_picked":["Runic Dome","Lizard Tail"],"picked":"Philosopher\u0027s Stone"}],"items_purged_floors":[],"is_endless":false,"potions_floor_spawned":[7,11,13],"killed_by":"Gremlin Leader","ascension_level":1}