{"gold_per_floor":[117,117,129,144,159,170,184,184,184,218,218,248,34,54,54,159,159,177,77,77,77,89,89,121,136,136,146,24,24,24,35,35,138,138,155,37,37,50,0,0,0,0,0,15,46,46,46],"floor_reached":47,"playtime":1920,"items_purged":["Strike_R","Strike_R","Strike_R","Defend_R","Defend_R"],"score":612,"play_id":"7fb6f342-760e-4dc9-ba42-e0ba1caf90ad","local_time":"20190131010142","is_ascension_mode":true,"campfire_choices":[{"data":"Armaments","floor":8,"key":"SMITH"},{"data":"True Grit","floor":11,"key":"SMITH"},{"floor":15,"key":"REST"},{"data":"Rage","floor":23,"key":"SMITH"},{"data":"Rage","floor":32,"key":"SMITH"},{"data":"Juggernaut","floor":40,"key":"SMITH"},{"data":"Rage","floor":42,"key":"SMITH"}],"neow_cost":"NONE","seed_source_timestamp":1749686776485827,"circlet_count":0,"master_deck":["Defend_R","Defend_R","Bash+1","Battle Trance","Iron Wave","Cleave","Armaments+1","Disarm","True Grit+1","Evolve","Immolate","Impervious","Rage+1","Body Slam+1","Impervious","Fire Breathing","Inflame","Rage+1","Juggernaut+1","Iron Wave","Rage+1"],"relics":["Burning Blood","NeowsBlessing","Bronze Scales","Ginger","Bag of Preparation","Runic Dome","Singing Bowl","Smiling Mask","Empty Cage","Pen Nib","Letter Opener"],"potions_floor_usage":[12,12,16,24,24,33,33,33,45],"damage_taken":[{"damage":0,"enemies":"Jaw Worm","floor":1,"turns":1},{"damage":0,"enemies":"Cultist","floor":3,"turns":1},{"damage":0,"enemies":"2 Louse","floor":4,"turns":1},{"damage":7,"enemies":"Looter","floor":5,"turns":3},{"damage":14,"enemies":"3 Louse","floor":6,"turns":3},{"damage":23,"enemies":"Large Slime","floor":7,"turns":5},{"damage":20,"enemies":"3 Sentries","floor":10,"turns":7},{"damage":20,"enemies":"Gremlin Nob","floor":12,"turns":4},{"damage":0,"enemies":"Gremlin Gang","floor":14,"turns":2},{"damage":44,"enemies":"The Guardian","floor":16,"turns":14},{"damage":0,"enemies":"Chosen","floor":18,"turns":4},{"damage":5,"enemies":"3 Byrds","floor":22,"turns":2},{"damage":20,"enemies":"Slavers","floor":24,"turns":4},{"damage":17,"enemies":"Shelled Parasite and Fungi","floor":25,"turns":7},{"damage":1,"enemies":"Centurion and Healer","floor":27,"turns":6},{"damage":12,"enemies":"Colosseum Slavers","floor":30,"turns":4},{"damage":0,"enemies":"Snecko","floor":31,"turns":4},{"damage":28,"enemies":"Collector","floor":33,"turns":8},{"damage":15,"enemies":"3 Darklings","floor":35,"turns":5},{"damage":12,"enemies":"Orb Walker","floor":38,"turns":4},{"damage":51,"enemies":"Writhing Mass","floor":44,"turns":5},{"damage":10,"enemies":"Reptomancer","floor":45,"turns":5},{"damage":29,"enemies":"Giant Head","floor":47,"turns":5}],"seed_played":"-2734761078806524337","potions_obtained":[{"floor":3,"key":"Strength Potion"},{"floor":4,"key":"Energy Potion"},{"floor":7,"key":"SpeedPotion"},{"floor":10,"key":"SteroidPotion"},{"floor":12,"key":"Poison Potion"},{"floor":14,"key":"Dexterity Potion"},{"floor":18,"key":"Poison Potion"},{"floor":25,"key":"LiquidBronze"},{"floor":31,"key":"PowerPotion"},{"floor":35,"key":"Energy Potion"},{"floor":44,"key":"Energy Potion"}],"is_trial":false,"path_per_floor":["M","?","M","M","M","M","M","R","T","E","R","E","$","M","R","B",null,"M","$","?","?","M","R","E","M","T","M","$","?","?","M","R","B",null,"M","$","?","M","$","R","?","R","T","M","E","?","E"],"character_chosen":"IRONCLAD","items_purchased":["Immolate","Fire Breathing","Rage"],"campfire_rested":1,"item_purchase_floors":[13,28,36],"current_hp_per_floor":[80,80,80,80,79,71,54,54,54,40,40,26,26,32,56,18,80,80,80,80,80,80,80,68,59,59,64,64,64,58,64,64,42,84,75,75,75,71,71,71,71,71,71,28,26,26,0],"gold":46,"neow_bonus":"THREE_ENEMY_KILL","is_prod":false,"is_daily":false,"chose_seed":false,"campfire_upgraded":6,"win_rate":0,"timestamp":1548864102,"path_taken":["M","?","?","M","M","M","M","R","T","E","R","E","$","M","R","BOSS","M","$","?","?","M","R","E","M","T","M","$","?","?","M","R","BOSS","M","$","?","M","$","R","?","R","T","?","E","?","E"],"build_version":"2019-01-23","purchased_purges":5,"victory":false,"max_hp_per_floor":[80,80,80,80,80,80,80,80,80,80,80,80,80,80,80,80,80,80,80,80,80,80,80,82,84,84,84,84,84,84,84,84,84,84,84,84,84,86,86,86,86,86,86,88,90,90,90],"card_choices":[{"not_picked":["Iron Wave","Hemokinesis"],"picked":"Battle Trance","floor":1},{"not_picked":["Armaments","Heavy Blade"],"picked":"Iron Wave","floor":3},{"not_picked":["Sentinel","Carnage"],"picked":"Iron Wave","floor":4},{"not_picked":["Thunderclap","Bloodletting"],"picked":"Cleave","floor":5},{"not_picked":["Anger","Clash"],"picked":"Armaments","floor":6},{"not_picked":["Limit Break","Sentinel"],"picked":"Disarm","floor":7},{"not_picked":["Shrug It Off","Warcry"],"picked":"True Grit","floor":10},{"not_picked":["Twin Strike","Warcry"],"picked":"Evolve","floor":12},{"not_picked":["Rupture","Dual Wield","Uppercut"],"picked":"SKIP","floor":14},{"not_picked":["Offering","Berserk"],"picked":"Impervious","floor":16},{"not_picked":["Warcry+1","Headbutt"],"picked":"Rage","floor":18},{"not_picked":["Havoc","Flame Barrier"],"picked":"Body Slam+1","floor":22},{"not_picked":["Cleave","Wild Strike+1","Intimidate+1"],"picked":"Singing Bowl","floor":24},{"not_picked":["Corruption","Anger","True Grit"],"picked":"Singing Bowl","floor":25},{"not_picked":["Infernal Blade","Flex+1"],"picked":"Impervious","floor":27},{"not_picked":["Armaments","Corruption"],"picked":"Rage","floor":31},{"not_picked":["Limit Break","Brutality"],"picked":"Juggernaut","floor":33},{"not_picked":["Carnage+1","Combust+1"],"picked":"Iron Wave","floor":35},{"not_picked":["Bloodletting+1","Thunderclap+1","True Grit"],"picked":"Singing Bowl","floor":38},{"not_picked":["Sever Soul","Headbutt","Shockwave+1"],"picked":"Singing Bowl","floor":44},{"not_picked":["Havoc","Evolve","Armaments+1"],"picked":"Singing Bowl","floor":45}],"player_experience":748234,"relics_obtained":[{"floor":9,"key":"Bronze Scales"},{"floor":10,"key":"Ginger"},{"floor":12,"key":"Bag of Preparation"},{"floor":24,"key":"Singing Bowl"},{"floor":26,"key":"Smiling Mask"},{"floor":45,"key":"Letter Opener"}],"event_choices":[{"damage_healed":0,"gold_gain":0,"player_choice":"Upgraded","damage_taken":0,"max_hp_gain":0,"max_hp_loss":0,"event_name":"Upgrade Shrine","floor":2,"gold_loss":0,"cards_upgraded":["Bash"]},{"damage_healed":0,"gold_gain":0,"player_choice":"Ignored","damage_taken":0,"max_hp_gain":0,"max_hp_loss":0,"event_name":"Ghosts","floor":21,"gold_loss":0},{"damage_healed":0,"gold_gain":0,"player_choice":"Read","damage_taken":0,"max_hp_gain":0,"max_hp_loss":0,"event_name":"The Library","floor":29,"gold_loss":0,"cards_obtained":["Inflame"]},{"damage_healed":0,"gold_gain":0,"player_choice":"Fight","damage_taken":0,"max_hp_gain":0,"max_hp_loss":0,"event_name":"Colosseum","floor":30,"gold_loss":0},{"damage_healed":0,"gold_gain":0,"player_choice":"Fled From Nobs","damage_taken":0,"max_hp_gain":0,"max_hp_loss":0,"event_name":"Colosseum","floor":30,"gold_loss":0},{"cards_removed":["Iron Wave"],"damage_healed":0,"gold_gain":0,"player_choice":"Removed Attack","damage_taken":0,"max_hp_gain":0,"max_hp_loss":0,"event_name":"Falling","floor":37,"gold_loss":0},{"damage_healed":0,"gold_gain":0,"player_choice":"Gave Potion","damage_taken":0,"relics_obtained":["Pen Nib"],"max_hp_gain":0,"max_hp_loss":0,"event_name":"WeMeetAgain","floor":41,"gold_loss":0},{"damage_healed":0,"gold_gain":0,"player_choice":"Ignored","damage_taken":0,"max_hp_gain":0,"max_hp_loss":0,"event_name":"SecretPortal","floor":46,"gold_loss":0}],"is_beta":false,"boss_relics":[{"not_picked":["Snecko Eye","Tiny House"],"picked":"Runic Dome"},{"not_picked":["Lizard Tail","Runic Cube"],"picked":"Empty Cage"}],"items_purged_floors":[13,19,28,36,39],"is_endless":false,"potions_floor_spawned":[3,4,7,10,12,14,18,25,31,35,44],"killed_by":"Giant Head","ascension_level":4}