{"gold_per_floor":[112,129,129,54,54,66,111,123,213,254,266,292,304,327,339,351],"floor_reached":16,"playtime":325,"items_purged":[],"score":266,"play_id":"6cd58ee1-acc0-48f9-af04-7d0f4a09e637","local_time":"20181118094651","is_ascension_mode":true,"campfire_choices":[{"data":"Zap","floor":6,"key":"SMITH"},{"data":"Beam Cell","floor":8,"key":"SMITH"},{"data":"Doom and Gloom","floor":11,"key":"SMITH"},{"data":"Hologram","floor":15,"key":"SMITH"}],"neow_cost":"NONE","seed_source_timestamp":779032887923704,"circlet_count":0,"master_deck":["AscendersBane","Strike_B","Strike_B+1","Strike_B","Defend_B","Defend_B","Defend_B","Defend_B","Zap+1","Dualcast+1","Ball Lightning","Doom and Gloom+1","Regret","Beam Cell+1","BootSequence","Compile Driver","Hologram+1"],"relics":["Cracked Core","NeowsBlessing","MawBank","Vajra","Letter Opener","FossilizedHelix","Anchor"],"potions_floor_usage":[10,10,16],"damage_taken":[{"damage":0,"enemies":"Jaw Worm","floor":1,"turns":1},{"damage":0,"enemies":"2 Louse","floor":2,"turns":1},{"damage":0,"enemies":"3 Sentries","floor":7,"turns":1},{"damage":13,"enemies":"Gremlin Nob","floor":10,"turns":3},{"damage":0,"enemies":"Small Slimes","floor":12,"turns":2},{"damage":0,"enemies":"Exordium Wildlife","floor":14,"turns":2},{"damage":20,"enemies":"Hexaghost","floor":16,"turns":7}],"seed_played":"6689175986395834420","potions_obtained":[{"floor":2,"key":"Strength Potion"},{"floor":7,"key":"AttackPotion"},{"floor":14,"key":"SkillPotion"}],"is_trial":false,"path_per_floor":["M","M","?","?","?","R","E","R","T","E","R","M","?","M","R","B"],"character_chosen":"DEFECT","items_purchased":[],"campfire_rested":0,"item_purchase_floors":[],"current_hp_per_floor":[64,64,43,43,43,43,43,43,43,30,30,30,19,19,19,0],"gold":351,"neow_bonus":"THREE_ENEMY_KILL","is_prod":false,"is_daily":false,"chose_seed":false,"campfire_upgraded":4,"win_rate":0,"timestamp":1542563211,"path_taken":["M","M","?","?","?","R","E","R","T","E","R","M","?","M","R","BOSS"],"build_version":"2018-11-15","purchased_purges":0,"victory":false,"max_hp_per_floor":[71,71,71,71,71,71,71,71,71,71,71,71,71,71,71,71],"card_choices":[{"not_picked":["Coolheaded","Heatsinks"],"picked":"Ball Lightning","floor":1},{"not_picked":["Coolheaded","Fusion"],"picked":"Doom and Gloom","floor":2},{"not_picked":["Steam","Hologram"],"picked":"Beam Cell","floor":7},{"not_picked":["Barrage","Recycle"],"picked":"BootSequence","floor":10},{"not_picked":["Gash","Rebound"],"picked":"Compile Driver","floor":12},{"not_picked":["Sweeping Beam","Lockon"],"picked":"Hologram","floor":14}],"player_experience":946450,"relics_obtained":[{"floor":7,"key":"Vajra"},{"floor":9,"key":"Letter Opener"},{"floor":10,"key":"FossilizedHelix"}],"event_choices":[{"damage_healed":0,"gold_gain":0,"player_choice":"Entered Light","damage_taken":21,"max_hp_gain":0,"max_hp_loss":0,"event_name":"Shining Light","floor":3,"gold_loss":0,"cards_upgraded":["Dualcast","Strike_B"]},{"cards_removed":["Strike_B"],"damage_healed":0,"gold_gain":0,"player_choice":"Card Removal","damage_taken":0,"max_hp_gain":0,"max_hp_loss":0,"event_name":"The Cleric","floor":4,"gold_loss":75},{"damage_healed":0,"gold_gain":0,"player_choice":"Box","damage_taken":0,"relics_obtained":["MawBank"],"max_hp_gain":0,"max_hp_loss":0,"event_name":"Big Fish","floor":5,"gold_loss":0,"cards_obtained":["Regret"]},{"damage_healed":0,"gold_gain":0,"player_choice":"Success","damage_taken":11,"relics_obtained":["Anchor"],"max_hp_gain":0,"max_hp_loss":0,"event_name":"Scrap Ooze","floor":13,"gold_loss":0}],"is_beta":true,"boss_relics":[],"items_purged_floors":[],"is_endless":false,"potions_floor_spawned":[2,7,14],"killed_by":"Hexaghost","ascension_level":20}