{"path_per_floor":["M","$","?","?","M","E","R","E","T","?","$","M","R","M","R","B",null,"M","M","?","M"],"character_chosen":"THE_SILENT","items_purchased":["Glass Knife","Infinite Blades"],"gold_per_floor":[112,39,39,39,49,76,76,111,111,67,33,46,46,64,64,166,166,181,194,119,135,135],"floor_reached":22,"campfire_rested":2,"playtime":761,"item_purchase_floors":[2,11],"current_hp_per_floor":[62,62,55,55,55,22,43,28,28,28,28,33,54,54,54,58,70,37,12,12,4,0],"items_purged":[],"gold":135,"score":213,"play_id":"707c2065-1dbb-4216-a40c-34115ad4fd8f","local_time":"20180526190420","is_prod":false,"is_daily":false,"chose_seed":false,"is_ascension_mode":true,"campfire_upgraded":1,"win_rate":0,"timestamp":1527354260,"campfire_choices":[{"floor":7,"key":"REST"},{"floor":13,"key":"REST"},{"data":"Glass Knife","floor":15,"key":"SMITH"}],"path_taken":["M","$","?","?","M","E","R","E","T","?","?","M","R","M","R","BOSS","M","M","?","M","?"],"build_version":"2018-05-25","seed_source_timestamp":5158484879379,"purchased_purges":0,"victory":false,"master_deck":["Defend_G","Defend_G","Defend_G","Defend_G","Strike_G","Strike_G+1","Strike_G","Survivor","Neutralize+1","Dagger Spray","Glass Knife+1","Malaise","Dash","Finisher","Infinite Blades","Escape Plan","Dash","Glass Knife","Backflip","Well Laid Plans","Caltrops","Caltrops","Dagger Spray","Dash+1","Acrobatics","Dodge and Roll"],"max_hp_per_floor":[70,70,70,70,70,70,70,70,70,70,70,70,70,70,70,70,70,70,70,70,70,70],"relics":["Black Star","Mercury Hourglass","Pantograph","Bronze Scales","Whetstone","Question Card","Orrery"],"card_choices":[{"not_picked":["Reflex","Outmaneuver"],"picked":"Dagger Spray","floor":1},{"not_picked":["Dagger Spray","Bouncing Flask"],"picked":"Malaise","floor":5},{"not_picked":["All Out Attack","Acrobatics"],"picked":"Dash","floor":6},{"not_picked":["Dagger Spray","Predator"],"picked":"Finisher","floor":8},{"not_picked":["Crippling Poison","Sucker Punch","Dagger Spray"],"picked":"Escape Plan","floor":12},{"not_picked":["Dagger Throw","Masterful Stab","Dagger Spray"],"picked":"Dash","floor":14},{"not_picked":["Storm of Steel","Corpse Explosion","Adrenaline"],"picked":"Glass Knife","floor":16},{"not_picked":["Flying Knee","Bane","Dodge and Roll"],"picked":"Backflip","floor":17},{"not_picked":["Expertise","PiercingWail","Flying Knee"],"picked":"Well Laid Plans","floor":17},{"not_picked":["Outmaneuver","Choke","All Out Attack"],"picked":"Caltrops","floor":17},{"not_picked":["Outmaneuver","Eviscerate","Blade Dance"],"picked":"Caltrops","floor":17},{"not_picked":["Distraction","Setup","Malaise"],"picked":"Dagger Spray","floor":17},{"not_picked":["Underhanded Strike","Flying Knee","Concentrate"],"picked":"Dash+1","floor":18},{"not_picked":["Bouncing Flask","Bane","Outmaneuver"],"picked":"Acrobatics","floor":19},{"not_picked":["Flying Knee","Calculated Gamble","Crippling Poison"],"picked":"Dodge and Roll","floor":21}],"player_experience":173764,"potions_floor_usage":[8,12,21],"damage_taken":[{"damage":8,"enemies":"Small Slimes","floor":1,"turns":5},{"damage":0,"enemies":"Jaw Worm","floor":5,"turns":3},{"damage":33,"enemies":"Gremlin Nob","floor":6,"turns":6},{"damage":15,"enemies":"Lagavulin","floor":8,"turns":7},{"damage":0,"enemies":"Cultist","floor":12,"turns":3},{"damage":0,"enemies":"Blue Slaver","floor":14,"turns":2},{"damage":12,"enemies":"Hexaghost","floor":16,"turns":8},{"damage":33,"enemies":"Chosen","floor":18,"turns":4},{"damage":25,"enemies":"2 Thieves","floor":19,"turns":3},{"damage":8,"enemies":"3 Cultists","floor":21,"turns":3}],"relics_obtained":[{"floor":6,"key":"Mercury Hourglass"},{"floor":6,"key":"Pantograph"},{"floor":8,"key":"Bronze Scales"},{"floor":8,"key":"Whetstone"},{"floor":9,"key":"Question Card"}],"event_choices":[{"event_name":"Golden Wing","player_choice":"Card Removal","floor":3,"damage_taken":0},{"event_name":"Purifier","player_choice":"One Purge","floor":4,"damage_taken":0},{"event_name":"World of Goop","player_choice":"Left","floor":10,"damage_taken":0},{"event_name":"Beggar","player_choice":"Gave Gold","floor":20,"damage_taken":0}],"boss_relics":[{"not_picked":["Cursed Key","Calling Bell"],"picked":"Orrery"}],"items_purged_floors":[],"potions_floor_spawned":[1,8,19,21],"seed_played":"-122456174385042045","ascension_level":2,"potions_obtained":[{"floor":1,"key":"Poison Potion"},{"floor":8,"key":"Regen Potion"},{"floor":19,"key":"Fire Potion"},{"floor":21,"key":"Fire Potion"}],"is_trial":false}