{"gold_per_floor":[115,134,148,164,182,182,196,196,221,237,269,283,298,315,315,412,412,432,451,467,479,78,78],"floor_reached":23,"playtime":1994,"items_purged":[],"score":203,"play_id":"0603e69b-f2a4-4987-af72-0c5fcbeef8e4","local_time":"20181123002716","is_ascension_mode":false,"campfire_choices":[{"data":"Bouncing Flask","floor":6,"key":"SMITH"},{"floor":8,"key":"REST"},{"floor":15,"key":"REST"}],"neow_cost":"NONE","seed_source_timestamp":97227541019557,"circlet_count":0,"master_deck":["Defend_G","Defend_G","Defend_G","Defend_G","Defend_G","Strike_G","Strike_G","Strike_G","Strike_G","Strike_G","Survivor","Neutralize","Poisoned Stab","Backflip","Crippling Poison","Bouncing Flask+1","Dodge and Roll","Sucker Punch","Pain","Infinite Blades","Distraction","All Out Attack","Deflect","Blur","Glass Knife","Choke","Poisoned Stab","Terror","Tactician+1","Sadistic Nature","Well Laid Plans"],"relics":["Cursed Key","Blood Vial","Pear","Busted Crown","Bag of Marbles"],"potions_floor_usage":[],"damage_taken":[{"damage":0,"enemies":"2 Louse","floor":1,"turns":2},{"damage":0,"enemies":"Cultist","floor":2,"turns":3},{"damage":0,"enemies":"Small Slimes","floor":3,"turns":4},{"damage":2,"enemies":"Blue Slaver","floor":4,"turns":3},{"damage":12,"enemies":"Large Slime","floor":5,"turns":6},{"damage":7,"enemies":"Exordium Wildlife","floor":7,"turns":4},{"damage":4,"enemies":"Blue Slaver","floor":10,"turns":3},{"damage":20,"enemies":"Gremlin Nob","floor":11,"turns":5},{"damage":2,"enemies":"2 Fungi Beasts","floor":12,"turns":3},{"damage":12,"enemies":"Large Slime","floor":13,"turns":6},{"damage":10,"enemies":"Blue Slaver","floor":14,"turns":4},{"damage":38,"enemies":"Hexaghost","floor":16,"turns":10},{"damage":17,"enemies":"Spheric Guardian","floor":18,"turns":4},{"damage":12,"enemies":"Shell Parasite","floor":19,"turns":5},{"damage":12,"enemies":"3 Cultists","floor":20,"turns":4},{"damage":20,"enemies":"Snecko","floor":21,"turns":5},{"damage":35,"enemies":"Book of Stabbing","floor":23,"turns":4}],"seed_played":"-6259967106854016784","potions_obtained":[{"floor":4,"key":"FairyPotion"},{"floor":7,"key":"EntropicBrew"},{"floor":10,"key":"Weak Potion"}],"is_trial":false,"path_per_floor":["M","M","M","M","M","R","M","R","T","M","E","M","M","M","R","B",null,"M","M","M","M","$","E"],"character_chosen":"THE_SILENT","items_purchased":["Bag of Marbles","Sadistic Nature","Well Laid Plans"],"campfire_rested":2,"item_purchase_floors":[22,22,22],"current_hp_per_floor":[70,70,70,68,56,56,49,70,70,66,58,58,48,40,64,28,80,63,53,43,25,25,0],"gold":78,"neow_bonus":"BOSS_RELIC","is_prod":false,"is_daily":false,"chose_seed":false,"campfire_upgraded":1,"win_rate":0.0,"timestamp":1542950836,"path_taken":["M","M","M","M","M","R","M","R","T","M","E","M","M","M","R","BOSS","M","M","M","M","$","E"],"build_version":"2018-11-15","purchased_purges":0,"victory":false,"max_hp_per_floor":[70,70,70,70,70,70,70,70,70,70,80,80,80,80,80,80,80,80,80,80,80,80,80],"card_choices":[{"not_picked":["PiercingWail","Underhanded Strike"],"picked":"Poisoned Stab","floor":1},{"not_picked":["Deflect","Escape Plan"],"picked":"Backflip","floor":2},{"not_picked":["Outmaneuver","PiercingWail"],"picked":"Crippling Poison","floor":3},{"not_picked":["Dagger Throw","Tools of the Trade"],"picked":"Bouncing Flask","floor":4},{"not_picked":["Heel Hook","Dagger Throw"],"picked":"Dodge and Roll","floor":5},{"not_picked":["Caltrops","Expertise"],"picked":"Sucker Punch","floor":7},{"not_picked":["Crippling Poison","Deflect"],"picked":"Infinite Blades","floor":10},{"not_picked":["Backflip","Underhanded Strike"],"picked":"Distraction","floor":11},{"not_picked":["Masterful Stab","Leg Sweep"],"picked":"All Out Attack","floor":12},{"not_picked":["Slice","Dodge and Roll"],"picked":"Deflect","floor":13},{"not_picked":["Quick Slash","Dagger Spray"],"picked":"Blur","floor":14},{"not_picked":["Wraith Form v2","Adrenaline"],"picked":"Glass Knife","floor":16},{"not_picked":[],"picked":"Choke","floor":18},{"not_picked":[],"picked":"Poisoned Stab","floor":19},{"not_picked":[],"picked":"Terror","floor":20},{"not_picked":[],"picked":"Tactician+1","floor":21}],"player_experience":19286,"relics_obtained":[{"floor":9,"key":"Blood Vial"},{"floor":11,"key":"Pear"}],"event_choices":[],"is_beta":false,"boss_relics":[{"not_picked":["Velvet Choker","Runic Dome"],"picked":"Busted Crown"}],"items_purged_floors":[],"is_endless":false,"potions_floor_spawned":[4,7,10,13,14,21],"killed_by":"Book of Stabbing","ascension_level":0}