{"gold_per_floor":[111,125,22,22,22,48,48,65,65,81,114,127,159,175,175,275,275,292,307,48,48,64,92,102,136,136,136,169,32,43,54,54,153,153,168,178,194,210,210,210,210],"floor_reached":41,"playtime":3260,"items_purged":["Strike_G"],"score":622,"play_id":"debc7e72-cd8b-4142-941e-0abc6f8dee6e","local_time":"20180808091243","is_ascension_mode":true,"campfire_choices":[{"floor":7.0,"key":"REST"},{"data":"Terror","floor":15.0,"key":"SMITH"},{"floor":27.0,"key":"REST"},{"data":"Cloak And Dagger","floor":32.0,"key":"SMITH"},{"floor":40.0,"key":"REST"}],"neow_cost":"NONE","seed_source_timestamp":0,"circlet_count":0,"master_deck":["Defend_G","Defend_G","Defend_G","Defend_G","Strike_G","Strike_G","Strike_G","Survivor","Neutralize","Terror+1","Backflip+1","Backstab","Sucker Punch+1","Cloak And Dagger+1","After Image","Footwork","Bullet Time","Slice","Escape Plan+1"],"special_seed":0,"relics":["Empty Cage","Singing Bowl","Bag of Marbles","Centennial Puzzle","Kunai","Busted Crown","Gremlin Horn","Smiling Mask","Thread and Needle","StoneCalendar","Dream Catcher","Black Star"],"potions_floor_usage":[],"damage_taken":[{"damage":0.0,"enemies":"Small Slimes","floor":1.0,"turns":6.0},{"damage":8.0,"enemies":"2 Louse","floor":2.0,"turns":4.0},{"damage":17.0,"enemies":"3 Sentries","floor":6.0,"turns":8.0},{"damage":4.0,"enemies":"Jaw Worm","floor":8.0,"turns":2.0},{"damage":0.0,"enemies":"Red Slaver","floor":10.0,"turns":2.0},{"damage":6.0,"enemies":"Gremlin Nob","floor":11.0,"turns":4.0},{"damage":0.0,"enemies":"Blue Slaver","floor":12.0,"turns":3.0},{"damage":7.0,"enemies":"Lagavulin","floor":13.0,"turns":8.0},{"damage":0.0,"enemies":"Exordium Thugs","floor":14.0,"turns":4.0},{"damage":19.0,"enemies":"The Guardian","floor":16.0,"turns":14.0},{"damage":12.0,"enemies":"2 Thieves","floor":18.0,"turns":4.0},{"damage":1.0,"enemies":"Spheric Guardian","floor":19.0,"turns":7.0},{"damage":5.0,"enemies":"Centurion and Healer","floor":22.0,"turns":11.0},{"damage":17.0,"enemies":"Slavers","floor":23.0,"turns":13.0},{"damage":3.0,"enemies":"Snake Plant","floor":24.0,"turns":3.0},{"damage":6.0,"enemies":"Book of Stabbing","floor":25.0,"turns":8.0},{"damage":9.0,"enemies":"Gremlin Leader","floor":28.0,"turns":9.0},{"damage":3.0,"enemies":"Sentry and Sphere","floor":30.0,"turns":7.0},{"damage":0.0,"enemies":"Cultist and Chosen","floor":31.0,"turns":7.0},{"damage":31.0,"enemies":"Champ","floor":33.0,"turns":24.0},{"damage":0.0,"enemies":"3 Shapes","floor":35.0,"turns":7.0},{"damage":0.0,"enemies":"Flame Bruiser 1 Orb","floor":36.0,"turns":8.0},{"damage":0.0,"enemies":"Sphere and 2 Shapes","floor":37.0,"turns":8.0},{"damage":59.0,"enemies":"Flame Bruiser 2 Orb","floor":38.0,"turns":40.0},{"damage":90,"enemies":"Nemesis","floor":41,"turns":17}],"seed_played":"-1369529541245276045","potions_obtained":[{"floor":1.0,"key":"Swift Potion"},{"floor":2.0,"key":"Poison Potion"},{"floor":6.0,"key":"Block Potion"},{"floor":14.0,"key":"SpeedPotion"},{"floor":16.0,"key":"PowerPotion"},{"floor":22.0,"key":"Fruit Juice"},{"floor":23.0,"key":"Strength Potion"},{"floor":24.0,"key":"EssenceOfSteel"},{"floor":30.0,"key":"Strength Potion"},{"floor":31.0,"key":"SpeedPotion"},{"floor":35.0,"key":"Explosive Potion"},{"floor":36.0,"key":"Weak Potion"}],"is_trial":false,"path_per_floor":["M","M","$","?","?","E","R","M","T","M","E","M","E","M","R","B",null,"M","M","$","?","M","E","M","E","T","R","E","$","M","M","R","B",null,"M","M","M","M","?","R"],"character_chosen":"THE_SILENT","items_purchased":["Backstab","Sucker Punch","Gremlin Horn","Footwork","SteroidPotion"],"campfire_rested":3,"item_purchase_floors":[3,3,20,29,29],"current_hp_per_floor":[70,62,62,62,62,47,68,64,64,66,62,64,59,61,61,42,82,72,73,73,73,70,60,59,55,55,84,77,77,76,78,78,47,105,105,105,107,50,50,84,0],"gold":210,"neow_bonus":"BOSS_RELIC","is_prod":false,"is_daily":false,"chose_seed":false,"campfire_upgraded":2,"win_rate":0,"timestamp":1533712363,"path_taken":["M","M","$","?","?","E","R","M","T","M","E","?","E","M","R","BOSS","M","M","$","?","M","E","M","E","T","R","E","$","M","M","R","BOSS","M","M","M","M","?","R","E"],"build_version":"2018-08-07v2","purchased_purges":1,"victory":false,"max_hp_per_floor":[70,70,70,70,70,72,72,72,72,74,76,78,80,82,82,82,82,84,86,86,86,88,95,97,99,99,99,101,101,103,105,105,105,105,105,105,107,109,109,111,111],"card_choices":[{"not_picked":["Flechettes","Poisoned Stab"],"picked":"Terror","floor":1.0},{"not_picked":["Quick Slash","Blade Dance"],"picked":"Backflip","floor":2.0},{"not_picked":["Blade Dance","Dash","Outmaneuver"],"picked":"Singing Bowl","floor":6.0},{"not_picked":["Underhanded Strike","All Out Attack"],"picked":"Cloak And Dagger","floor":8.0},{"not_picked":["Outmaneuver","Sucker Punch","Cloak And Dagger"],"picked":"Singing Bowl","floor":10.0},{"not_picked":["Reflex","Calculated Gamble","Dagger Throw"],"picked":"Singing Bowl","floor":11.0},{"not_picked":["Dodge and Roll","Backflip","Sucker Punch"],"picked":"Singing Bowl","floor":12.0},{"not_picked":["Masterful Stab","Prepared","Quick Slash"],"picked":"Singing Bowl","floor":13.0},{"not_picked":["Backflip","Wraith Form v2","Terror"],"picked":"Singing Bowl","floor":14.0},{"not_picked":["Night Terror","Doppelganger"],"picked":"After Image","floor":16.0},{"not_picked":["Flying Knee+1"],"picked":"Singing Bowl","floor":18.0},{"not_picked":["Endless Agony"],"picked":"Singing Bowl","floor":19.0},{"not_picked":["Backflip"],"picked":"Singing Bowl","floor":22.0},{"not_picked":["Blade Dance"],"picked":"Singing Bowl","floor":23.0},{"not_picked":["Concentrate+1"],"picked":"Singing Bowl","floor":24.0},{"not_picked":["Poisoned Stab"],"picked":"Singing Bowl","floor":25.0},{"not_picked":["Underhanded Strike"],"picked":"Singing Bowl","floor":28.0},{"not_picked":["Heel Hook"],"picked":"Singing Bowl","floor":30.0},{"not_picked":["All Out Attack"],"picked":"Singing Bowl","floor":31.0},{"not_picked":[],"picked":"Bullet Time","floor":33.0},{"not_picked":[],"picked":"Slice","floor":35.0},{"not_picked":[],"picked":"Escape Plan+1","floor":36.0},{"not_picked":["PiercingWail+1"],"picked":"Singing Bowl","floor":37.0},{"not_picked":["Deadly Poison"],"picked":"Singing Bowl","floor":38.0},{"not_picked":["Terror"],"picked":"Singing Bowl","floor":40.0}],"player_experience":384583,"relics_obtained":[{"floor":6.0,"key":"Singing Bowl"},{"floor":9.0,"key":"Bag of Marbles"},{"floor":11.0,"key":"Centennial Puzzle"},{"floor":13.0,"key":"Kunai"},{"floor":23.0,"key":"Smiling Mask"},{"floor":25.0,"key":"Thread and Needle"},{"floor":26.0,"key":"StoneCalendar"},{"floor":28.0,"key":"Dream Catcher"}],"event_choices":[{"event_name":"Living Wall","player_choice":"Grow","floor":4.0,"damage_taken":0.0},{"event_name":"Upgrade Shrine","player_choice":"Upgraded","floor":5.0,"damage_taken":0.0},{"event_name":"Beggar","player_choice":"Ignored","floor":21.0,"damage_taken":0.0},{"event_name":"Tomb of Lord Red Mask","player_choice":"Ignored","floor":39.0,"damage_taken":0.0}],"is_beta":true,"boss_relics":[{"not_picked":["Sozu","Velvet Choker"],"picked":"Busted Crown"},{"not_picked":["Orrery","HoveringKite"],"picked":"Black Star"}],"items_purged_floors":[29],"is_endless":false,"potions_floor_spawned":[1,2,6,14,16,22,23,24,30,31,35,36],"killed_by":"Nemesis","ascension_level":4}