{"gold_per_floor":[119,119,44,44,60,60,100,100,126,126,142,158,158,177,177,300,300,324,324,342,342,342,374,374,393,393,393,50,61,61,11,11,114,114,128,183,0,11,11,11,111,128,128,78,5,22,22,39,39,39,39,39,39,64,64],"floor_reached":55,"playtime":2044,"items_purged":["Strike_R","Regret","Strike_R+1","Injury"],"score":816,"play_id":"bceef904-3327-47bd-8f75-67745404bb55","local_time":"20190202154220","is_ascension_mode":true,"campfire_choices":[{"data":"Armaments","floor":6,"key":"SMITH"},{"floor":8,"key":"REST"},{"data":"Bash","floor":13,"key":"SMITH"},{"floor":15,"key":"REST"},{"floor":24,"key":"REST"},{"data":"Juggernaut","floor":27,"key":"SMITH"},{"data":"Second Wind","floor":30,"key":"SMITH"},{"floor":32,"key":"REST"},{"data":"Whirlwind","floor":40,"key":"SMITH"},{"floor":47,"key":"RECALL"},{"data":"Chrysalis","floor":49,"key":"SMITH"},{"floor":52,"key":"DIG"}],"neow_cost":"NONE","seed_source_timestamp":14247380349002,"circlet_count":0,"master_deck":["Strike_R+1","Strike_R+1","Defend_R+1","Defend_R+1","Defend_R+1","Defend_R+1","Bash+1","Armaments+1","Anger","Evolve","Second Wind+1","Impervious","Shrug It Off","Whirlwind+1","Juggernaut+1","Wild Strike+1","Feel No Pain","Sentinel","Offering","Chrysalis+1"],"relics":["Mark of Pain","Bloody Idol","Dream Catcher","Red Skull","Ancient Tea Set","Busted Crown","Kunai","Smiling Mask","Meat on the Bone","Vajra","Eternal Feather","Shovel","Red Mask","Unceasing Top","Anchor","Paper Frog","Happy Flower"],"potions_floor_usage":[16,23,33,36,36,48,50,50],"damage_taken":[{"damage":3,"enemies":"Jaw Worm","floor":1,"turns":4},{"damage":0,"enemies":"Cultist","floor":5,"turns":3},{"damage":72,"enemies":"3 Sentries","floor":7,"turns":15},{"damage":0,"enemies":"2 Louse","floor":11,"turns":1},{"damage":2,"enemies":"Exordium Wildlife","floor":12,"turns":3},{"damage":1,"enemies":"2 Fungi Beasts","floor":14,"turns":2},{"damage":34,"enemies":"The Guardian","floor":16,"turns":11},{"damage":4,"enemies":"3 Byrds","floor":18,"turns":6},{"damage":20,"enemies":"Shell Parasite","floor":20,"turns":5},{"damage":26,"enemies":"Gremlin Leader","floor":23,"turns":7},{"damage":18,"enemies":"Snake Plant","floor":25,"turns":4},{"damage":19,"enemies":"Snecko","floor":29,"turns":4},{"damage":47,"enemies":"Collector","floor":33,"turns":8},{"damage":13,"enemies":"3 Darklings","floor":35,"turns":5},{"damage":21,"enemies":"2 Orb Walkers","floor":36,"turns":5},{"damage":8,"enemies":"Orb Walker","floor":38,"turns":4},{"damage":6,"enemies":"Mind Bloom Boss Battle","floor":41,"turns":4},{"damage":7,"enemies":"Sphere and 2 Shapes","floor":42,"turns":4},{"damage":6,"enemies":"4 Shapes","floor":46,"turns":2},{"damage":11,"enemies":"3 Darklings","floor":48,"turns":5},{"damage":53,"enemies":"Awakened One","floor":50,"turns":12},{"damage":48,"enemies":"Shield and Spear","floor":54,"turns":7},{"damage":65,"enemies":"The Heart","floor":55,"turns":2}],"seed_played":"4800891988974524408","potions_obtained":[{"floor":7,"key":"Dexterity Potion"},{"floor":11,"key":"PowerPotion"},{"floor":14,"key":"Regen Potion"},{"floor":25,"key":"Swift Potion"},{"floor":29,"key":"Fire Potion"},{"floor":33,"key":"PowerPotion"},{"floor":35,"key":"EssenceOfSteel"},{"floor":36,"key":"LiquidBronze"},{"floor":38,"key":"SteroidPotion"}],"is_trial":false,"path_per_floor":["M","?","$","?","M","R","E","R","T","?","M","M","R","M","R","B",null,"M","?","M","?","?","E","R","M","T","R","$","M","R","$","R","B",null,"M","?","?","M","?","R","?","M","T","$","?","M","R","M","R","B",null,"R","$","E","B"],"character_chosen":"IRONCLAD","items_purchased":["Feel No Pain","Vajra","Sentinel"],"campfire_rested":4,"item_purchase_floors":[28,28,28],"current_hp_per_floor":[77,77,77,77,77,77,5,29,29,29,29,27,27,26,50,16,64,60,60,40,40,40,24,48,35,35,35,35,33,33,33,57,27,67,59,55,55,52,52,64,63,61,61,61,61,60,72,66,78,37,69,80,80,49,0],"gold":64,"neow_bonus":"BOSS_RELIC","is_prod":false,"is_daily":false,"chose_seed":false,"campfire_upgraded":6,"win_rate":0,"timestamp":1549089740,"path_taken":["M","?","$","?","M","R","E","R","T","?","?","M","R","M","R","BOSS","M","?","M","?","?","E","R","?","T","R","$","M","R","$","R","BOSS","M","?","?","M","?","R","?","?","T","$","?","?","R","M","R","BOSS","R","$","E","BOSS"],"build_version":"2019-01-23","purchased_purges":4,"victory":false,"max_hp_per_floor":[80,80,80,80,80,80,80,80,80,80,80,80,80,80,80,80,80,80,80,80,80,80,80,80,80,80,80,80,80,80,80,80,80,80,80,80,80,80,80,80,80,80,80,80,80,80,80,80,80,80,80,80,80,80,80],"card_choices":[{"not_picked":["Feel No Pain","Burning Pact"],"picked":"Armaments","floor":1},{"not_picked":["Sword Boomerang","Heavy Blade"],"picked":"Anger","floor":5},{"not_picked":["Spot Weakness","Feel No Pain"],"picked":"Evolve","floor":7},{"not_picked":["Havoc","Flex"],"picked":"Second Wind","floor":8},{"not_picked":["Perfected Strike","Evolve","Clothesline"],"picked":"SKIP","floor":11},{"not_picked":["Havoc","True Grit"],"picked":"Impervious","floor":12},{"not_picked":["Corruption","Havoc"],"picked":"Shrug It Off","floor":14},{"not_picked":["Flame Barrier","Heavy Blade"],"picked":"Whirlwind","floor":15},{"not_picked":["Feed","Fiend Fire"],"picked":"Juggernaut","floor":16},{"not_picked":[],"picked":"Wild Strike+1","floor":18},{"not_picked":["Flex+1"],"picked":"SKIP","floor":20},{"not_picked":["Whirlwind"],"picked":"SKIP","floor":23},{"not_picked":["Wild Strike+1"],"picked":"SKIP","floor":25},{"not_picked":["Cleave+1"],"picked":"SKIP","floor":29},{"not_picked":[],"picked":"Offering","floor":33},{"not_picked":["Heavy Blade+1"],"picked":"SKIP","floor":35},{"not_picked":["Clothesline+1"],"picked":"SKIP","floor":38},{"not_picked":[],"picked":"Chrysalis","floor":39},{"not_picked":["Twin Strike+1"],"picked":"SKIP","floor":42},{"not_picked":["Iron Wave+1"],"picked":"SKIP","floor":46},{"not_picked":["True Grit+1"],"picked":"SKIP","floor":48},{"not_picked":["Blood for Blood"],"picked":"SKIP","floor":54}],"player_experience":783560,"relics_obtained":[{"floor":7,"key":"Dream Catcher"},{"floor":9,"key":"Red Skull"},{"floor":23,"key":"Smiling Mask"},{"floor":26,"key":"Meat on the Bone"},{"floor":36,"key":"Shovel"},{"floor":41,"key":"Unceasing Top"},{"floor":52,"key":"Paper Frog"},{"floor":54,"key":"Happy Flower"}],"event_choices":[{"cards_removed":["Strike_R"],"damage_healed":0,"gold_gain":0,"player_choice":"Purged","damage_taken":0,"max_hp_gain":0,"max_hp_loss":0,"event_name":"Purifier","floor":2,"gold_loss":0},{"damage_healed":0,"gold_gain":0,"player_choice":"Take Wound","damage_taken":0,"relics_obtained":["Golden Idol"],"max_hp_gain":0,"max_hp_loss":0,"event_name":"Golden Idol","floor":4,"gold_loss":0,"cards_obtained":["Injury"]},{"damage_healed":0,"gold_gain":0,"player_choice":"Box","damage_taken":0,"relics_obtained":["Ancient Tea Set"],"max_hp_gain":0,"max_hp_loss":0,"event_name":"Big Fish","floor":10,"gold_loss":0,"cards_obtained":["Regret"]},{"damage_healed":0,"gold_gain":0,"player_choice":"Simplicity","damage_taken":0,"max_hp_gain":0,"max_hp_loss":0,"event_name":"Back to Basics","floor":19,"gold_loss":0,"cards_upgraded":["Strike_R","Strike_R","Strike_R","Defend_R","Defend_R","Defend_R","Defend_R"]},{"damage_healed":0,"gold_gain":0,"player_choice":"Opened","damage_taken":0,"relics_obtained":["Kunai"],"max_hp_gain":0,"max_hp_loss":0,"event_name":"The Mausoleum","floor":21,"gold_loss":0},{"damage_healed":0,"gold_gain":0,"player_choice":"Gave Idol","damage_taken":0,"relics_obtained":["Bloody Idol"],"max_hp_gain":0,"max_hp_loss":0,"event_name":"Forgotten Altar","floor":22,"relics_lost":["Golden Idol"],"gold_loss":0},{"damage_healed":0,"gold_gain":0,"player_choice":"Fight","damage_taken":0,"max_hp_gain":0,"max_hp_loss":0,"event_name":"Mysterious Sphere","floor":36,"gold_loss":0},{"damage_healed":0,"gold_gain":0,"player_choice":"Paid","damage_taken":0,"relics_obtained":["Red Mask"],"max_hp_gain":0,"max_hp_loss":0,"event_name":"Tomb of Lord Red Mask","floor":37,"gold_loss":183},{"damage_healed":0,"gold_gain":0,"player_choice":"Memory 1","damage_taken":0,"max_hp_gain":0,"max_hp_loss":0,"event_name":"SensoryStone","floor":39,"gold_loss":0},{"damage_healed":0,"gold_gain":0,"player_choice":"Fight","damage_taken":0,"max_hp_gain":0,"max_hp_loss":0,"event_name":"MindBloom","floor":41,"gold_loss":0},{"damage_healed":0,"gold_gain":0,"player_choice":"Paid Gold","damage_taken":0,"relics_obtained":["Anchor"],"max_hp_gain":0,"max_hp_loss":0,"event_name":"WeMeetAgain","floor":45,"gold_loss":73}],"is_beta":false,"boss_relics":[{"not_picked":["Pandora\u0027s Box","Fusion Hammer"],"picked":"Busted Crown"},{"not_picked":["Black Star","Cursed Key"],"picked":"Eternal Feather"}],"items_purged_floors":[3,28,31,44],"is_endless":false,"potions_floor_spawned":[7,11,14,25,29,33,35,36,38,46],"killed_by":"The Heart","ascension_level":5}