{"gold_per_floor":[112,112,112,128,203,228,238,238,238,248,260,260,278,295,295,295],"floor_reached":16,"playtime":453,"items_purged":[],"score":182,"play_id":"89804fa8-37f8-4dcd-ae3f-034a74c3fc23","local_time":"20180923183734","is_ascension_mode":true,"campfire_choices":[{"data":"Carnage","floor":8,"key":"SMITH"},{"data":"Inflame","floor":15,"key":"SMITH"}],"neow_cost":"NONE","seed_source_timestamp":93657866422149,"circlet_count":0,"master_deck":["Strike_R","Strike_R","Strike_R","Defend_R","Defend_R","Defend_R","Defend_R","Bash","AscendersBane","Carnage+1","Iron Wave","Ghostly Armor","Clothesline","Cleave","Inflame+1","Shrug It Off"],"relics":["Burning Blood","Oddly Smooth Stone","Dream Catcher","Orichalcum"],"potions_floor_usage":[10,10],"damage_taken":[{"damage":0,"enemies":"2 Louse","floor":1,"turns":2},{"damage":0,"enemies":"Cultist","floor":4,"turns":3},{"damage":42,"enemies":"Lagavulin","floor":6,"turns":8},{"damage":12,"enemies":"Jaw Worm","floor":7,"turns":3},{"damage":0,"enemies":"Gremlin Gang","floor":10,"turns":5},{"damage":2,"enemies":"Exordium Wildlife","floor":11,"turns":5},{"damage":11,"enemies":"3 Louse","floor":13,"turns":4},{"damage":0,"enemies":"Exordium Thugs","floor":14,"turns":3},{"damage":35,"enemies":"The Guardian","floor":16,"turns":9}],"seed_played":"-4833712735144925335","potions_obtained":[{"floor":4,"key":"SpeedPotion"},{"floor":7,"key":"Poison Potion"}],"is_trial":false,"path_per_floor":["M","?","T","M","?","E","M","R","T","M","M","?","M","M","R"],"character_chosen":"IRONCLAD","items_purchased":[],"campfire_rested":0,"item_purchase_floors":[],"current_hp_per_floor":[74,74,74,75,64,28,22,22,22,28,32,32,27,33,33,0],"gold":295,"neow_bonus":"TRANSFORM_CARD","is_prod":false,"is_daily":false,"chose_seed":false,"campfire_upgraded":2,"win_rate":0,"timestamp":1537753054,"path_taken":["M","?","?","?","?","E","M","R","T","M","M","?","M","M","R","BOSS"],"build_version":"2018-09-20","purchased_purges":0,"victory":false,"max_hp_per_floor":[75,75,75,75,75,75,75,75,75,75,75,75,75,75,75,75],"card_choices":[{"not_picked":["Body Slam","Heavy Blade"],"picked":"Iron Wave","floor":1},{"not_picked":["Body Slam","Perfected Strike"],"picked":"Clothesline","floor":4},{"not_picked":["Rage","Pommel Strike"],"picked":"Cleave","floor":6},{"not_picked":["Pommel Strike","Blood for Blood"],"picked":"Inflame","floor":7},{"not_picked":["Thunderclap","Clothesline","Twin Strike"],"picked":"SKIP","floor":10},{"not_picked":["Wild Strike","Brutality","Sword Boomerang"],"picked":"SKIP","floor":11},{"not_picked":["Iron Wave","Reckless Charge"],"picked":"Shrug It Off","floor":13},{"not_picked":["Iron Wave","Thunderclap","Rage"],"picked":"SKIP","floor":14}],"player_experience":827963,"relics_obtained":[{"floor":3,"key":"Oddly Smooth Stone"},{"floor":6,"key":"Dream Catcher"},{"floor":9,"key":"Orichalcum"}],"event_choices":[{"event_name":"Transmorgrifier","player_choice":"Transform","floor":2,"damage_taken":0},{"event_name":"World of Goop","player_choice":"Gather Gold","floor":5,"damage_taken":0},{"event_name":"Liars Game","player_choice":"disagreed","floor":12,"damage_taken":0}],"is_beta":true,"boss_relics":[],"items_purged_floors":[],"is_endless":false,"potions_floor_spawned":[4,7],"killed_by":"The Guardian","ascension_level":15}