{"gold_per_floor":[110,110,121,121,296,331,348,348,348,348,358,358,386,405,405,507,507,523,523,30,42,42,42],"floor_reached":23,"playtime":785,"items_purged":["Writhe"],"score":257,"play_id":"181db92d-260b-4571-a364-4b1dc9f3d65d","local_time":"20190110135930","is_ascension_mode":true,"campfire_choices":[{"data":"Zap","floor":8,"key":"SMITH"},{"data":"Dualcast","floor":12,"key":"SMITH"},{"data":"Machine Learning","floor":15,"key":"SMITH"}],"neow_cost":"NONE","seed_source_timestamp":15609580012250,"circlet_count":0,"master_deck":["Strike_B","Strike_B","Defend_B","Defend_B","Zap+1","Dualcast+1","Cold Snap+1","Coolheaded","Machine Learning+1","Cold Snap+1","Leap","Steam","Steam","Creative AI","Echo Form+1","White Noise+1","Tempest+1","Leap","Seek","Coolheaded+1","Good Instincts","Dramatic Entrance"],"relics":["Cracked Core","NeowsBlessing","Omamori","Vajra","Thread and Needle","The Courier","Odd Mushroom","Astrolabe","Shovel","Gambling Chip","Whetstone"],"potions_floor_usage":[21,21],"damage_taken":[{"damage":0,"enemies":"2 Louse","floor":1,"turns":1},{"damage":0,"enemies":"Cultist","floor":3,"turns":1},{"damage":0,"enemies":"3 Sentries","floor":6,"turns":1},{"damage":6,"enemies":"Jaw Worm","floor":7,"turns":3},{"damage":0,"enemies":"3 Louse","floor":11,"turns":3},{"damage":11,"enemies":"The Mushroom Lair","floor":13,"turns":5},{"damage":0,"enemies":"2 Fungi Beasts","floor":14,"turns":3},{"damage":21,"enemies":"The Guardian","floor":16,"turns":16},{"damage":12,"enemies":"Spheric Guardian","floor":18,"turns":5},{"damage":8,"enemies":"2 Thieves","floor":21,"turns":4},{"damage":34,"enemies":"Book of Stabbing","floor":23,"turns":5}],"seed_played":"7304559085109861866","potions_obtained":[{"floor":1,"key":"Regen Potion"},{"floor":7,"key":"Weak Potion"},{"floor":16,"key":"Strength Potion"},{"floor":18,"key":"AttackPotion"}],"is_trial":false,"path_per_floor":["M","?","M","?","?","E","M","R","T","?","M","R","?","M","R","B",null,"M","?","$","M","?","E"],"character_chosen":"DEFECT","items_purchased":["Gambling Chip","Whetstone","Seek"],"campfire_rested":0,"item_purchase_floors":[20,20,20],"current_hp_per_floor":[75,75,75,75,75,75,69,69,69,62,62,62,51,51,51,30,75,63,63,63,55,34,0],"gold":42,"neow_bonus":"THREE_ENEMY_KILL","is_prod":false,"is_daily":false,"chose_seed":false,"campfire_upgraded":3,"win_rate":0,"timestamp":1547125170,"path_taken":["M","?","?","?","?","E","M","R","T","?","M","R","?","M","R","BOSS","M","?","$","M","?","E"],"build_version":"2019-01-09","purchased_purges":1,"victory":false,"max_hp_per_floor":[75,75,75,75,75,75,75,75,75,75,75,75,75,75,75,75,75,75,75,75,75,75,75],"card_choices":[{"not_picked":["Auto Shields","Darkness"],"picked":"Cold Snap","floor":1},{"not_picked":["Undo","Turbo"],"picked":"Coolheaded","floor":3},{"not_picked":["Coolheaded","Static Discharge"],"picked":"Machine Learning","floor":6},{"not_picked":["Beam Cell","Leap"],"picked":"Cold Snap","floor":7},{"not_picked":["Go for the Eyes","Rainbow"],"picked":"Leap","floor":11},{"not_picked":["Self Repair","Rip and Tear"],"picked":"Steam","floor":13},{"not_picked":["Auto Shields","Ball Lightning"],"picked":"Steam","floor":14},{"not_picked":["Biased Cognition","Buffer"],"picked":"Creative AI","floor":16},{"not_picked":["Hello World","Rebound"],"picked":"Leap","floor":18},{"not_picked":["Stack","Cold Snap"],"picked":"Coolheaded+1","floor":21}],"player_experience":173292,"relics_obtained":[{"floor":6,"key":"Thread and Needle"},{"floor":9,"key":"The Courier"},{"floor":13,"key":"Odd Mushroom"}],"event_choices":[{"damage_healed":0,"gold_gain":0,"player_choice":"Gave Potion","damage_taken":0,"relics_obtained":["Omamori"],"max_hp_gain":0,"max_hp_loss":0,"event_name":"WeMeetAgain","floor":2,"gold_loss":0},{"damage_healed":0,"gold_gain":0,"player_choice":"Box","damage_taken":0,"relics_obtained":["Vajra"],"max_hp_gain":0,"max_hp_loss":0,"event_name":"Big Fish","floor":4,"gold_loss":0,"cards_obtained":["Regret"]},{"damage_healed":0,"gold_gain":175,"player_choice":"AGREE","damage_taken":0,"max_hp_gain":0,"max_hp_loss":0,"event_name":"Liars Game","floor":5,"gold_loss":0,"cards_obtained":["Doubt"]},{"cards_removed":["Strike_B"],"damage_healed":0,"gold_gain":0,"player_choice":"Card Removal","damage_taken":7,"max_hp_gain":0,"max_hp_loss":0,"event_name":"Golden Wing","floor":10,"gold_loss":0},{"damage_healed":0,"gold_gain":0,"player_choice":"Fought Mushrooms","damage_taken":0,"max_hp_gain":0,"max_hp_loss":0,"event_name":"Mushrooms","floor":13,"gold_loss":0},{"damage_healed":0,"gold_gain":0,"player_choice":"Opened","damage_taken":0,"relics_obtained":["Shovel"],"max_hp_gain":0,"max_hp_loss":0,"event_name":"The Mausoleum","floor":19,"gold_loss":0,"cards_obtained":["Writhe"]},{"damage_healed":0,"gold_gain":0,"player_choice":"CARD CARD ","damage_taken":21,"max_hp_gain":0,"max_hp_loss":0,"event_name":"Knowing Skull","floor":22,"potions_obtained":[],"gold_loss":0,"cards_obtained":["Good Instincts","Dramatic Entrance"]}],"is_beta":true,"boss_relics":[{"not_picked":["Inserter","Snecko Eye"],"picked":"Astrolabe"}],"items_purged_floors":[20],"is_endless":false,"potions_floor_spawned":[1,7,16,18],"killed_by":"Book of Stabbing","ascension_level":4}