{"gold_per_floor":[109,122,132,132,307,307,336,261,261,261,261,273,299,309,309,383,383,393,408,151,151,76,106,106,121,172,87,87,31,57,70,70,141,141,155,155,155,170,190,251,12,12,12,39,39,51,51,69,69,69],"floor_reached":51,"playtime":3592,"items_purged":["Doubt","Strike_B"],"score":1218,"play_id":"a2d8fb0f-bb4c-44b3-9342-060c32ae3e75","local_time":"20181118180603","is_ascension_mode":true,"campfire_choices":[{"data":"Apotheosis","floor":6,"key":"SMITH"},{"floor":10,"key":"REST"},{"data":"Loop","floor":15,"key":"SMITH"},{"floor":24,"key":"REST"},{"floor":28,"key":"REST"},{"data":"Machine Learning","floor":32,"key":"SMITH"},{"floor":42,"key":"REST"},{"floor":45,"key":"REST"},{"floor":49,"key":"REST"}],"neow_cost":"PERCENT_DAMAGE","seed_source_timestamp":46146395044979,"circlet_count":0,"master_deck":["AscendersBane","Strike_B","Defend_B+1","Defend_B","Defend_B","Defend_B","Zap","Dualcast","Apotheosis+1","Jack Of All Trades+1","Chaos+1","Go for the Eyes","Cold Snap","Glacier","Ball Lightning","Loop+1","Machine Learning+1","Coolheaded+1","Capacitor","Defragment","Chaos+1","Barrage"],"relics":["Cracked Core","Symbiotic Virus","The Courier","Regal Pillow","Busted Crown","DataDisk","Singing Bowl","PreservedInsect","War Paint","Lantern","Inserter","Tiny Chest","FossilizedHelix","Torii","Orichalcum"],"potions_floor_usage":[13,14,16,23,33,33,35,39,50],"damage_taken":[{"damage":0,"enemies":"Cultist","floor":1,"turns":3},{"damage":0,"enemies":"2 Louse","floor":2,"turns":2},{"damage":2,"enemies":"Small Slimes","floor":3,"turns":3},{"damage":31,"enemies":"3 Sentries","floor":7,"turns":7},{"damage":4,"enemies":"Exordium Thugs","floor":12,"turns":3},{"damage":3,"enemies":"Lagavulin","floor":13,"turns":5},{"damage":10,"enemies":"3 Louse","floor":14,"turns":2},{"damage":4,"enemies":"The Guardian","floor":16,"turns":9},{"damage":1,"enemies":"Spheric Guardian","floor":18,"turns":3},{"damage":30,"enemies":"Chosen","floor":19,"turns":6},{"damage":31,"enemies":"Slavers","floor":23,"turns":7},{"damage":13,"enemies":"Shelled Parasite and Fungi","floor":25,"turns":6},{"damage":4,"enemies":"Cultist and Chosen","floor":31,"turns":6},{"damage":22,"enemies":"Automaton","floor":33,"turns":10},{"damage":11,"enemies":"Orb Walker","floor":35,"turns":3},{"damage":18,"enemies":"3 Shapes","floor":38,"turns":7},{"damage":26,"enemies":"Transient","floor":39,"turns":5},{"damage":18,"enemies":"Nemesis","floor":40,"turns":7},{"damage":10,"enemies":"Giant Head","floor":44,"turns":9},{"damage":19,"enemies":"3 Darklings","floor":46,"turns":5},{"damage":27,"enemies":"Jaw Worm Horde","floor":48,"turns":6},{"damage":2,"enemies":"Donu and Deca","floor":50,"turns":9}],"seed_played":"-7232215305747610017","potions_obtained":[{"floor":2,"key":"SteroidPotion"},{"floor":12,"key":"SkillPotion"},{"floor":13,"key":"FearPotion"},{"floor":14,"key":"Regen Potion"},{"floor":19,"key":"EssenceOfSteel"},{"floor":25,"key":"GamblersBrew"},{"floor":31,"key":"PowerPotion"},{"floor":33,"key":"Regen Potion"},{"floor":38,"key":"SteroidPotion"},{"floor":48,"key":"GamblersBrew"}],"is_trial":false,"path_per_floor":["M","M","M","?","?","R","E","$","T","R","?","M","E","M","R","B",null,"M","M","$","?","?","E","R","M","T","?","R","$","T","M","R","B",null,"M","$","?","M","M","E","$","R","T","E","R","M","T","M","R","B",null],"character_chosen":"DEFECT","items_purchased":["DataDisk","Capacitor","Defragment","FossilizedHelix"],"campfire_rested":6,"item_purchase_floors":[20,20,29,41],"current_hp_per_floor":[50,50,48,73,73,73,42,42,42,64,64,60,57,47,47,58,71,70,40,40,40,40,11,49,38,38,38,76,76,76,74,74,54,76,76,76,76,60,36,20,20,62,62,52,91,74,74,49,92,90],"gold":69,"neow_bonus":"RANDOM_COLORLESS_2","is_prod":false,"is_daily":false,"chose_seed":false,"campfire_upgraded":3,"win_rate":0,"timestamp":1542524763,"path_taken":["M","M","M","?","?","R","E","$","T","R","?","M","E","M","R","BOSS","M","M","?","?","?","E","R","M","T","?","R","$","?","?","R","BOSS","M","$","?","?","M","E","$","R","T","E","R","M","?","M","R","BOSS"],"build_version":"2018-11-15","purchased_purges":2,"victory":true,"max_hp_per_floor":[75,75,75,75,75,75,75,75,75,75,75,75,75,75,75,75,75,75,75,75,75,75,77,77,79,79,79,79,79,79,81,81,83,83,85,85,85,87,89,91,91,91,91,91,91,93,93,95,95,95],"card_choices":[{"not_picked":["Barrage","Genetic Algorithm"],"picked":"Chaos","floor":1},{"not_picked":["Hello World","Streamline"],"picked":"Go for the Eyes","floor":2},{"not_picked":["Aggregate","Chill","Streamline"],"picked":"SKIP","floor":3},{"not_picked":["Gash","Beam Cell"],"picked":"Cold Snap","floor":7},{"not_picked":["Redo","Consume"],"picked":"Glacier","floor":12},{"not_picked":["Cold Snap","Tempest"],"picked":"Ball Lightning","floor":13},{"not_picked":["Storm","Gash"],"picked":"Loop","floor":14},{"not_picked":["Multi-Cast","Seek"],"picked":"Machine Learning","floor":16},{"not_picked":[],"picked":"Coolheaded+1","floor":18},{"not_picked":["Ball Lightning"],"picked":"SKIP","floor":19},{"not_picked":["Compile Driver"],"picked":"Singing Bowl","floor":23},{"not_picked":["Streamline"],"picked":"Singing Bowl","floor":25},{"not_picked":["Steam"],"picked":"Singing Bowl","floor":31},{"not_picked":["Meteor Strike"],"picked":"Singing Bowl","floor":33},{"not_picked":["Lockon"],"picked":"Singing Bowl","floor":35},{"not_picked":["Streamline"],"picked":"Singing Bowl","floor":38},{"not_picked":["Beam Cell+1"],"picked":"Singing Bowl","floor":39},{"not_picked":["Storm"],"picked":"Singing Bowl","floor":40},{"not_picked":[],"picked":"Barrage","floor":44},{"not_picked":["Stack"],"picked":"Singing Bowl","floor":46},{"not_picked":["Streamline+1"],"picked":"Singing Bowl","floor":48}],"player_experience":849264,"relics_obtained":[{"floor":7,"key":"Symbiotic Virus"},{"floor":9,"key":"The Courier"},{"floor":13,"key":"Regal Pillow"},{"floor":23,"key":"Singing Bowl"},{"floor":26,"key":"PreservedInsect"},{"floor":30,"key":"Lantern"},{"floor":40,"key":"Tiny Chest"},{"floor":44,"key":"Torii"},{"floor":47,"key":"Orichalcum"}],"event_choices":[{"damage_healed":25,"gold_gain":0,"player_choice":"Banana","damage_taken":0,"max_hp_gain":0,"max_hp_loss":0,"event_name":"Big Fish","floor":4,"gold_loss":0},{"damage_healed":0,"gold_gain":175,"player_choice":"AGREE","damage_taken":0,"max_hp_gain":0,"max_hp_loss":0,"event_name":"Liars Game","floor":5,"gold_loss":0,"cards_obtained":["Doubt"]},{"damage_healed":0,"gold_gain":0,"player_choice":"Forge","damage_taken":0,"max_hp_gain":0,"max_hp_loss":0,"event_name":"Accursed Blacksmith","floor":11,"gold_loss":0,"cards_upgraded":["Chaos"]},{"cards_removed":["Strike_B"],"damage_healed":0,"gold_gain":0,"player_choice":"Elegance","damage_taken":0,"max_hp_gain":0,"max_hp_loss":0,"event_name":"Back to Basics","floor":21,"gold_loss":0},{"cards_removed":["Strike_B"],"damage_healed":0,"gold_gain":0,"player_choice":"Gave Gold","damage_taken":0,"max_hp_gain":0,"max_hp_loss":0,"event_name":"Beggar","floor":22,"gold_loss":75},{"damage_healed":0,"gold_gain":0,"player_choice":"Obtained Relic","damage_taken":0,"relics_obtained":["War Paint"],"max_hp_gain":0,"max_hp_loss":0,"event_name":"Addict","floor":27,"gold_loss":85},{"damage_healed":0,"gold_gain":0,"player_choice":"Copied","damage_taken":0,"max_hp_gain":0,"max_hp_loss":0,"event_name":"Duplicator","floor":37,"gold_loss":0,"cards_obtained":["Chaos"]}],"is_beta":true,"boss_relics":[{"not_picked":["Lizard Tail","Runic Dome"],"picked":"Busted Crown"},{"not_picked":["Tiny House","Coffee Dripper"],"picked":"Inserter"}],"items_purged_floors":[8,20],"is_endless":false,"potions_floor_spawned":[2,12,13,14,19,25,31,33,38,48],"ascension_level":13}