{"gold_per_floor":[114,129,129,144,159,189,204,219,219,204],"floor_reached":10,"playtime":301,"items_purged":[],"score":97,"play_id":"db274096-e445-4656-bab6-030033cb7a79","local_time":"20181003151422","daily_mods":["Shiny","Hoarder","DeadlyEvents"],"is_ascension_mode":false,"campfire_choices":[],"neow_cost":"","seed_source_timestamp":0,"circlet_count":0,"master_deck":["Multi-Cast","Hyperbeam+1","Thunder Strike+1","Biased Cognition","Machine Learning","Electrodynamics","Buffer","Rainbow","Seek","Meteor Strike","Echo Form","All For One","Reboot","Amplify","Creative AI","Fission","Core Surge","Hologram","Hologram","Hologram","Melter","Melter","Melter","Beam Cell","Beam Cell","Beam Cell","Force Field","Force Field","Force Field","Storm","Storm","Storm","Reinforced Body","Reinforced Body","Reinforced Body","Coolheaded","Coolheaded","Coolheaded"],"special_seed":17807,"relics":["Cracked Core","Shuriken","Toxic Egg 2"],"potions_floor_usage":[5,7,10],"damage_taken":[{"damage":11,"enemies":"Jaw Worm","floor":1,"turns":2},{"damage":0,"enemies":"Small Slimes","floor":2,"turns":2},{"damage":6,"enemies":"Cultist","floor":4,"turns":5},{"damage":18,"enemies":"Gremlin Gang","floor":5,"turns":2},{"damage":15,"enemies":"3 Sentries","floor":6,"turns":3},{"damage":7,"enemies":"Blue Slaver","floor":7,"turns":2},{"damage":0,"enemies":"Lots of Slimes","floor":8,"turns":1},{"damage":3,"enemies":"Exordium Thugs","floor":10,"turns":1}],"seed_played":"1004265033689775607","potions_obtained":[{"floor":4,"key":"PowerPotion"},{"floor":6,"key":"PowerPotion"},{"floor":8,"key":"SpeedPotion"}],"is_trial":false,"path_per_floor":["M","M","?","M","M","E","M","M","T"],"character_chosen":"DEFECT","items_purchased":[],"campfire_rested":0,"item_purchase_floors":[],"current_hp_per_floor":[64,64,49,43,25,10,3,3,3,0],"gold":204,"neow_bonus":"","is_prod":false,"is_daily":true,"chose_seed":false,"campfire_upgraded":0,"win_rate":0,"timestamp":1538572462,"path_taken":["M","M","?","?","M","E","?","M","T","M"],"build_version":"2018-10-02","purchased_purges":0,"victory":false,"max_hp_per_floor":[75,75,75,75,75,75,75,75,75,75],"card_choices":[{"not_picked":["Compile Driver","Skim"],"picked":"Hologram","floor":1},{"not_picked":["Redo","Doom and Gloom"],"picked":"Melter","floor":2},{"not_picked":["Compile Driver","Rebound"],"picked":"Beam Cell","floor":4},{"not_picked":["Hologram","Hello World"],"picked":"Force Field","floor":5},{"not_picked":["Rebound","Redo"],"picked":"Storm","floor":6},{"not_picked":["Lockon","Capacitor"],"picked":"Reinforced Body","floor":7},{"not_picked":["Beam Cell","Scrape"],"picked":"Coolheaded","floor":8}],"player_experience":143723,"relics_obtained":[{"floor":6,"key":"Shuriken"},{"floor":9,"key":"Toxic Egg 2"}],"event_choices":[{"event_name":"Shining Light","player_choice":"Entered Light","floor":3,"damage_taken":0}],"is_beta":true,"boss_relics":[],"items_purged_floors":[],"is_endless":false,"potions_floor_spawned":[4,6,8],"killed_by":"Exordium Thugs","ascension_level":0}