{"gold_per_floor":[116,146,157,172,172,211,211,227,227,227,248,262,306,306,306,306],"floor_reached":16,"playtime":1048,"items_purged":[],"score":112,"play_id":"113fdb26-1a64-4c54-8e6a-e7d037b564a5","local_time":"20181123025436","is_ascension_mode":false,"campfire_choices":[{"floor":7,"key":"REST"},{"floor":10,"key":"REST"},{"floor":15,"key":"REST"}],"neow_cost":"NONE","seed_source_timestamp":107014399723223,"circlet_count":0,"master_deck":["Defend_G","Defend_G","Defend_G","Defend_G","Defend_G","Strike_G","Strike_G","Strike_G","Strike_G","Strike_G","Survivor","Neutralize","Deadly Poison","Regret","Noxious Fumes","Deflect","Injury","All Out Attack","Flying Knee","Dagger Spray","Bane","Cloak And Dagger"],"relics":["Velvet Choker","Tiny Chest","Golden Idol","Paper Crane","Bottled Flame","Kunai"],"potions_floor_usage":[],"damage_taken":[{"damage":0,"enemies":"Cultist","floor":1,"turns":4},{"damage":1,"enemies":"2 Louse","floor":3,"turns":3},{"damage":14,"enemies":"Small Slimes","floor":4,"turns":4},{"damage":33,"enemies":"3 Sentries","floor":6,"turns":8},{"damage":4,"enemies":"3 Louse","floor":8,"turns":5},{"damage":11,"enemies":"Looter","floor":11,"turns":3},{"damage":2,"enemies":"Red Slaver","floor":12,"turns":3},{"damage":42,"enemies":"Gremlin Nob","floor":13,"turns":5},{"damage":29,"enemies":"The Guardian","floor":16,"turns":9}],"seed_played":"-3410640228309663650","potions_obtained":[{"floor":1,"key":"Strength Potion"},{"floor":6,"key":"GamblersBrew"}],"is_trial":false,"path_per_floor":["M","?","M","M","?","E","R","M","T","R","M","M","E","?","R","B"],"character_chosen":"THE_SILENT","items_purchased":[],"campfire_rested":3,"item_purchase_floors":[],"current_hp_per_floor":[70,70,69,55,55,22,43,39,39,60,49,47,5,5,26,0],"gold":306,"neow_bonus":"BOSS_RELIC","is_prod":false,"is_daily":false,"chose_seed":false,"campfire_upgraded":0,"win_rate":0.0,"timestamp":1542959676,"path_taken":["M","?","M","M","?","E","R","M","T","R","M","M","E","?","R","BOSS"],"build_version":"2018-11-15","purchased_purges":0,"victory":false,"max_hp_per_floor":[70,70,70,70,70,70,70,70,70,70,70,70,70,70,70,70],"card_choices":[{"not_picked":["Well Laid Plans","Quick Slash"],"picked":"Deadly Poison","floor":1},{"not_picked":["Dodge and Roll","Backflip"],"picked":"Noxious Fumes","floor":3},{"not_picked":["Quick Slash","Dash"],"picked":"Deflect","floor":4},{"not_picked":["Blade Dance","Prepared"],"picked":"All Out Attack","floor":6},{"not_picked":["Tactician","Underhanded Strike"],"picked":"Flying Knee","floor":8},{"not_picked":["Deflect","Calculated Gamble"],"picked":"Dagger Spray","floor":11},{"not_picked":["Prepared","Caltrops"],"picked":"Bane","floor":12},{"not_picked":["Blade Dance","Dodge and Roll"],"picked":"Cloak And Dagger","floor":13}],"player_experience":27799,"relics_obtained":[{"floor":6,"key":"Paper Crane"},{"floor":9,"key":"Bottled Flame"},{"floor":13,"key":"Kunai"}],"event_choices":[{"damage_healed":0,"gold_gain":0,"player_choice":"Box","damage_taken":0,"relics_obtained":["Tiny Chest"],"max_hp_gain":0,"max_hp_loss":0,"event_name":"Big Fish","floor":2,"gold_loss":0,"cards_obtained":["Regret"]},{"damage_healed":0,"gold_gain":0,"player_choice":"Take Wound","damage_taken":0,"relics_obtained":["Golden Idol"],"max_hp_gain":0,"max_hp_loss":0,"event_name":"Golden Idol","floor":5,"gold_loss":0,"cards_obtained":["Injury"]},{"damage_healed":0,"gold_gain":0,"player_choice":"Ignored","damage_taken":0,"max_hp_gain":0,"max_hp_loss":0,"event_name":"Liars Game","floor":14,"gold_loss":0}],"is_beta":false,"boss_relics":[],"items_purged_floors":[],"is_endless":false,"potions_floor_spawned":[1,6],"killed_by":"The Guardian","ascension_level":0}