{"gold_per_floor":[115,31,31,52,52,52,68,112,138,152,152,152,173,136,136,234,234,250,525,540,465,481,481,504,504,531,531,569,592,626,323,323,323],"floor_reached":33,"playtime":10654,"items_purged":["Regret","Strike_G"],"score":605,"play_id":"177c6d03-58db-4b37-bda7-e7aa1308a756","local_time":"20190125110936","is_ascension_mode":true,"campfire_choices":[{"data":"Crippling Poison","floor":6.0,"key":"SMITH"},{"data":"Neutralize","floor":11.0,"key":"SMITH"},{"data":"Catalyst","floor":15.0,"key":"SMITH"},{"data":"Deadly Poison","floor":23,"key":"SMITH"},{"data":"Footwork","floor":25,"key":"SMITH"},{"floor":27,"key":"REST"},{"floor":32,"key":"REST"}],"neow_cost":"NONE","seed_source_timestamp":749118397422793,"circlet_count":0,"master_deck":["AscendersBane","Defend_G","Defend_G","Defend_G","Defend_G","Defend_G","Strike_G","Strike_G","Strike_G","Strike_G","Survivor","Neutralize+1","Malaise+1","Deadly Poison+1","Footwork+1","Crippling Poison+1","Predator","Endless Agony","Leg Sweep","Poisoned Stab","Catalyst+1","Glass Knife","Deflect","Backflip","Adrenaline","Dodge and Roll","Burst","Cloak And Dagger","Well Laid Plans","PiercingWail","Crippling Poison"],"special_seed":0,"relics":["Ring of the Snake","Golden Idol","Anchor","Snake Skull","Question Card","Sozu","Orichalcum","Pear","Omamori"],"potions_floor_usage":[33],"damage_taken":[{"damage":7.0,"enemies":"Cultist","floor":1.0,"turns":5.0},{"damage":1.0,"enemies":"2 Louse","floor":4.0,"turns":4.0},{"damage":8.0,"enemies":"Small Slimes","floor":7.0,"turns":3.0},{"damage":18.0,"enemies":"3 Sentries","floor":8.0,"turns":10.0},{"damage":1.0,"enemies":"Looter","floor":10.0,"turns":2.0},{"damage":0.0,"enemies":"Lots of Slimes","floor":13.0,"turns":2.0},{"damage":14.0,"enemies":"Hexaghost","floor":16.0,"turns":7.0},{"damage":0,"enemies":"3 Byrds","floor":18,"turns":3},{"damage":0,"enemies":"Spheric Guardian","floor":20,"turns":3},{"damage":7,"enemies":"Centurion and Healer","floor":22,"turns":7},{"damage":11,"enemies":"Snake Plant","floor":24,"turns":3},{"damage":4,"enemies":"Book of Stabbing","floor":28,"turns":6},{"damage":6,"enemies":"3 Cultists","floor":29,"turns":5},{"damage":21,"enemies":"Slavers","floor":30,"turns":9},{"damage":56,"enemies":"Collector","floor":33,"turns":12}],"seed_played":"5324520462787048022","potions_obtained":[{"floor":4.0,"key":"Weak Potion"},{"floor":7.0,"key":"SkillPotion"},{"floor":16.0,"key":"Fire Potion"}],"is_trial":false,"path_per_floor":["M","$","?","M","?","R","M","E","T","M","R","T","M","$","R","B",null,"M","?","M","$","M","R","M","R","T","R","E","M","E","$","R","B"],"character_chosen":"THE_SILENT","items_purchased":["Footwork","Catalyst","Well Laid Plans","PiercingWail","Crippling Poison"],"campfire_rested":2,"item_purchase_floors":[2,14,31,31,31],"current_hp_per_floor":[52,52,52,51,51,51,43,25,25,24,24,24,24,24,24,10,48,48,48,48,48,41,41,30,30,30,48,54,48,27,27,48,0],"gold":323,"neow_bonus":"ONE_RANDOM_RARE_CARD","is_prod":false,"is_daily":false,"chose_seed":false,"campfire_upgraded":5,"win_rate":0,"timestamp":1548443376,"path_taken":["M","?","?","M","?","R","M","E","T","M","R","?","M","$","R","BOSS","M","?","?","$","M","R","M","R","T","R","E","M","E","$","R","BOSS"],"build_version":"2019-01-23","purchased_purges":2,"victory":false,"max_hp_per_floor":[66,66,60,60,60,60,60,60,60,60,60,60,60,60,60,60,60,60,60,60,60,60,60,60,60,60,60,70,70,70,70,70,70],"card_choices":[{"not_picked":["Prepared","Leg Sweep"],"picked":"Deadly Poison","floor":1.0},{"not_picked":["Crippling Poison","Reflex","Backflip"],"picked":"SKIP","floor":4.0},{"not_picked":["Reflex","Backflip"],"picked":"Crippling Poison","floor":4.0},{"not_picked":["Footwork","Outmaneuver"],"picked":"Predator","floor":7.0},{"not_picked":["Underhanded Strike","Bane"],"picked":"Endless Agony","floor":8.0},{"not_picked":["Prepared","Riddle With Holes"],"picked":"Leg Sweep","floor":10.0},{"not_picked":["Doppelganger","Quick Slash","Slice"],"picked":"Poisoned Stab","floor":13.0},{"not_picked":["Tools of the Trade","A Thousand Cuts","Night Terror"],"picked":"Glass Knife","floor":16.0},{"not_picked":["Leg Sweep","Reflex","Deadly Poison"],"picked":"Deflect","floor":18},{"not_picked":["Underhanded Strike","Bane+1","Dagger Throw"],"picked":"Backflip","floor":20},{"not_picked":["Blade Dance","Underhanded Strike","Deadly Poison"],"picked":"Adrenaline","floor":22},{"not_picked":["Terror","Prepared+1","Underhanded Strike"],"picked":"Dodge and Roll","floor":24},{"not_picked":["Quick Slash","Concentrate","Riddle With Holes"],"picked":"Burst","floor":28},{"not_picked":["Quick Slash","Backflip","Reflex"],"picked":"Cloak And Dagger","floor":29},{"not_picked":["Blade Dance","Venomology","Dagger Spray","Acrobatics"],"picked":"SKIP","floor":30}],"player_experience":1752854,"relics_obtained":[{"floor":8.0,"key":"Anchor"},{"floor":9.0,"key":"Snake Skull"},{"floor":12.0,"key":"Question Card"},{"floor":26,"key":"Orichalcum"},{"floor":28,"key":"Pear"},{"floor":30,"key":"Omamori"}],"event_choices":[{"damage_healed":0.0,"max_hp_gain":0.0,"max_hp_loss":6.0,"gold_gain":0.0,"event_name":"Golden Idol","player_choice":"Lose Max HP","floor":3.0,"gold_loss":0.0,"damage_taken":0.0,"relics_obtained":["Golden Idol"]},{"damage_healed":0.0,"max_hp_gain":0.0,"max_hp_loss":0.0,"gold_gain":0.0,"event_name":"Living Wall","player_choice":"Grow","floor":5.0,"gold_loss":0.0,"damage_taken":0.0,"cards_upgraded":["Malaise"]},{"damage_healed":0,"gold_gain":275,"player_choice":"Desecrate","damage_taken":0,"max_hp_gain":0,"max_hp_loss":0,"event_name":"Golden Shrine","floor":19,"gold_loss":0,"cards_obtained":["Regret"]}],"is_beta":false,"boss_relics":[{"not_picked":["Ring of the Serpent","Astrolabe"],"picked":"Sozu"}],"items_purged_floors":[21,31],"is_endless":false,"potions_floor_spawned":[4,7,8,16,20,28],"killed_by":"Collector","ascension_level":19}