{"gold_per_floor":[114,134,145,158,10,10,43,8,85,101,101,101,127,52,52,123,123,133,33,33,49,49,60,78,93,120,133,151,151,151,71,71,142,142,157,171,171,171,187,215,215,215,215,250,49,49,67,81,81,81],"floor_reached":50,"playtime":2149,"items_purged":["Strike_G","Strike_G"],"score":900,"play_id":"d77d72b8-da30-4c88-bd48-9f39a044df99","local_time":"20181008091714","is_ascension_mode":true,"campfire_choices":[{"data":"Footwork","floor":6.0,"key":"SMITH"},{"data":"Neutralize","floor":15.0,"key":"SMITH"},{"data":"Calculated Gamble","floor":30.0,"key":"SMITH"},{"floor":32.0,"key":"REST"},{"data":"Well Laid Plans","floor":42.0,"key":"SMITH"},{"data":"Prepared","floor":46,"key":"SMITH"},{"data":"Leg Sweep","floor":49,"key":"SMITH"}],"neow_cost":"NONE","seed_source_timestamp":0,"circlet_count":0,"master_deck":["Defend_G","Defend_G","Defend_G","Defend_G","Strike_G+1","Survivor","Neutralize+1","AscendersBane","Wraith Form v2","Predator","Backstab","Calculated Gamble+1","Quick Slash+1","Leg Sweep+1","Footwork+1","Dagger Throw","Dagger Throw+1","Cloak And Dagger","Die Die Die+1","Tactician+1","A Thousand Cuts+1","Grand Finale+1","Backstab+1","Adrenaline","Well Laid Plans+1","After Image","Prepared+1","Underhanded Strike+1","Doppelganger"],"special_seed":0,"relics":["Ring of the Snake","Nunchaku","Molten Egg 2","Blood Vial","Kunai","Mercury Hourglass","Astrolabe","MutagenicStrength","Whetstone","Cursed Key","Snake Skull","Bronze Scales","Lee\u0027s Waffle"],"potions_floor_usage":[48,50,50],"damage_taken":[{"damage":1.0,"enemies":"2 Louse","floor":1.0,"turns":4.0},{"damage":4.0,"enemies":"Small Slimes","floor":2.0,"turns":3.0},{"damage":0.0,"enemies":"Jaw Worm","floor":3.0,"turns":3.0},{"damage":1.0,"enemies":"Blue Slaver","floor":4.0,"turns":5.0},{"damage":14.0,"enemies":"3 Sentries","floor":7.0,"turns":8.0},{"damage":2.0,"enemies":"Looter","floor":10.0,"turns":5.0},{"damage":11.0,"enemies":"Lagavulin","floor":13.0,"turns":7.0},{"damage":17.0,"enemies":"Slime Boss","floor":16.0,"turns":9.0},{"damage":7.0,"enemies":"Spheric Guardian","floor":18.0,"turns":4.0},{"damage":6.0,"enemies":"3 Byrds","floor":21.0,"turns":3.0},{"damage":3.0,"enemies":"Snake Plant","floor":23.0,"turns":3.0},{"damage":0.0,"enemies":"Centurion and Healer","floor":24.0,"turns":4.0},{"damage":2.0,"enemies":"Sentry and Sphere","floor":25.0,"turns":5.0},{"damage":9.0,"enemies":"Shelled Parasite and Fungi","floor":27.0,"turns":6.0},{"damage":15.0,"enemies":"Snake Plant","floor":28.0,"turns":3.0},{"damage":19.0,"enemies":"Champ","floor":33.0,"turns":12.0},{"damage":2.0,"enemies":"Orb Walker","floor":35.0,"turns":3.0},{"damage":5.0,"enemies":"3 Darklings","floor":36.0,"turns":4.0},{"damage":0.0,"enemies":"4 Shapes","floor":39.0,"turns":1.0},{"damage":51.0,"enemies":"Nemesis","floor":40.0,"turns":10.0},{"damage":14,"enemies":"2 Orb Walkers","floor":44,"turns":4},{"damage":18,"enemies":"Spire Growth","floor":47,"turns":4},{"damage":0,"enemies":"Reptomancer","floor":48,"turns":4},{"damage":52,"enemies":"Donu and Deca","floor":50,"turns":6}],"seed_played":"3853810423224229631","potions_obtained":[{"floor":1.0,"key":"Explosive Potion"},{"floor":13.0,"key":"Strength Potion"},{"floor":16.0,"key":"Regen Potion"},{"floor":18.0,"key":"EssenceOfSteel"},{"floor":24.0,"key":"PowerPotion"},{"floor":40.0,"key":"Explosive Potion"},{"floor":44,"key":"SpeedPotion"},{"floor":48,"key":"PowerPotion"}],"is_trial":false,"path_per_floor":["M","M","M","M","$","R","E","?","T","M","?","T","E","$","R","B",null,"M","$","?","M","$","M","M","M","T","M","M","$","R","$","R","B",null,"M","M","?","?","M","E","?","R","T","E","$","R","M","M","R"],"character_chosen":"THE_SILENT","items_purchased":["Leg Sweep","Footwork","Well Laid Plans","Lee\u0027s Waffle"],"campfire_rested":1,"item_purchase_floors":[5,5,31,45],"current_hp_per_floor":[58,54,54,53,53,53,39,55,55,53,42,42,33,33,33,18,54,49,49,49,45,45,44,46,46,46,39,26,26,26,26,45,43,60,60,57,57,57,59,10,52,52,52,38,59,59,41,43,43,0],"gold":81,"neow_bonus":"ONE_RANDOM_RARE_CARD","is_prod":false,"is_daily":false,"chose_seed":false,"campfire_upgraded":6,"win_rate":0,"timestamp":1539015434,"path_taken":["M","M","M","M","$","R","E","?","T","M","?","?","E","$","R","BOSS","M","$","?","?","?","M","M","M","T","M","?","$","R","$","R","BOSS","M","M","?","?","M","E","?","R","T","E","$","R","M","M","R","BOSS"],"build_version":"2018-10-04","purchased_purges":2,"victory":false,"max_hp_per_floor":[66,66,66,66,66,66,66,66,66,66,66,66,66,66,66,66,66,66,66,66,66,66,66,66,66,66,66,66,66,66,66,66,66,66,66,66,66,63,63,63,52,52,52,52,59,59,59,59,59,59],"card_choices":[{"not_picked":["PiercingWail","Acrobatics"],"picked":"Predator","floor":1.0},{"not_picked":["Choke","Sucker Punch"],"picked":"Backstab","floor":2.0},{"not_picked":["Deflect","Flechettes"],"picked":"Calculated Gamble","floor":3.0},{"not_picked":["Expertise","Endless Agony"],"picked":"Quick Slash","floor":4.0},{"not_picked":["Distraction","Deflect"],"picked":"Dagger Throw","floor":7.0},{"not_picked":["Dagger Spray+1","Backflip"],"picked":"Dagger Throw+1","floor":10.0},{"not_picked":["Dodge and Roll","Venomology"],"picked":"Cloak And Dagger","floor":13.0},{"not_picked":["Storm of Steel","Bullet Time"],"picked":"Die Die Die+1","floor":16.0},{"not_picked":["Masterful Stab+1","Dash+1"],"picked":"Backstab+1","floor":18.0},{"not_picked":["Outmaneuver","Quick Slash+1","Distraction"],"picked":"SKIP","floor":21.0},{"not_picked":["Underhanded Strike+1","Quick Slash+1","Calculated Gamble"],"picked":"SKIP","floor":23.0},{"not_picked":["Flying Knee+1","Backflip","Bane+1"],"picked":"SKIP","floor":24.0},{"not_picked":["Tactician","Dagger Throw+1","Catalyst"],"picked":"SKIP","floor":25.0},{"not_picked":["Poisoned Stab+1","Acrobatics","Dagger Spray+1"],"picked":"SKIP","floor":27.0},{"not_picked":["Dagger Throw+1","Catalyst"],"picked":"Adrenaline","floor":28.0},{"not_picked":["Phantasmal Killer","Doppelganger"],"picked":"After Image","floor":33.0},{"not_picked":["Sucker Punch+1","Deadly Poison"],"picked":"Prepared","floor":35.0},{"not_picked":["Acrobatics+1","Dagger Spray+1","Wraith Form v2"],"picked":"SKIP","floor":36.0},{"not_picked":["Catalyst","Quick Slash+1","Blade Dance"],"picked":"SKIP","floor":39.0},{"not_picked":["Blur","Masterful Stab+1","Infinite Blades"],"picked":"SKIP","floor":40.0},{"not_picked":["Dagger Spray+1","Sucker Punch+1"],"picked":"Underhanded Strike+1","floor":44},{"not_picked":["Slice+1","Dagger Spray+1"],"picked":"Doppelganger","floor":47},{"not_picked":["Outmaneuver","Blade Dance","Dagger Throw+1"],"picked":"SKIP","floor":48}],"player_experience":857427,"relics_obtained":[{"floor":7.0,"key":"Nunchaku"},{"floor":9.0,"key":"Molten Egg 2"},{"floor":12.0,"key":"Kunai"},{"floor":13.0,"key":"Mercury Hourglass"},{"floor":26.0,"key":"Whetstone"},{"floor":40.0,"key":"Snake Skull"},{"floor":44,"key":"Bronze Scales"}],"event_choices":[{"event_name":"The Cleric","player_choice":"Healed","floor":8.0,"damage_taken":0.0},{"event_name":"Scrap Ooze","player_choice":"success","floor":11.0,"damage_taken":11.0},{"event_name":"Drug Dealer","player_choice":"Inject Mutagens","floor":20.0,"damage_taken":0.0},{"event_name":"SecretPortal","player_choice":"Rejected Portal.","floor":37.0,"damage_taken":0.0},{"event_name":"Winding Halls","player_choice":"Max HP","floor":38.0,"damage_taken":0.0},{"event_name":"The Moai Head","player_choice":"Heal","floor":41.0,"damage_taken":0.0}],"is_beta":true,"boss_relics":[{"not_picked":["Lizard Tail","Runic Pyramid"],"picked":"Astrolabe"},{"not_picked":["Pandora\u0027s Box","HoveringKite"],"picked":"Cursed Key"}],"items_purged_floors":[14,19],"is_endless":false,"potions_floor_spawned":[1,13,16,18,21,24,28,40,44,48],"killed_by":"Donu and Deca","ascension_level":15}