{"gold_per_floor":[215,15,15,33,33,33,67,67,67,103,50,50,88,102,102,102],"floor_reached":16,"playtime":850,"items_purged":[],"score":186,"play_id":"c123d57e-76a7-44f9-9eea-5d96174c12ff","local_time":"20181113211033","is_ascension_mode":true,"campfire_choices":[{"floor":6,"key":"REST"},{"floor":8,"key":"REST"},{"floor":12,"key":"REST"},{"floor":15,"key":"REST"}],"neow_cost":"NONE","seed_source_timestamp":196972148129380,"circlet_count":0,"master_deck":["AscendersBane","Strike_B","Strike_B","Strike_B","Strike_B","Defend_B","Defend_B","Defend_B","Defend_B","Zap","Dualcast","Consume","Conserve Battery","Loop","Hologram","Cold Snap","Glacier","Darkness"],"relics":["Cracked Core","Runic Capacitor","Golden Idol","Centennial Puzzle","Juzu Bracelet","Art of War","Sundial"],"potions_floor_usage":[10,10,14],"damage_taken":[{"damage":4,"enemies":"Small Slimes","floor":1,"turns":3},{"damage":14,"enemies":"2 Louse","floor":4,"turns":3},{"damage":41,"enemies":"Lagavulin","floor":7,"turns":7},{"damage":11,"enemies":"3 Sentries","floor":10,"turns":7},{"damage":29,"enemies":"Gremlin Nob","floor":13,"turns":5},{"damage":12,"enemies":"Jaw Worm","floor":14,"turns":2},{"damage":29,"enemies":"The Guardian","floor":16,"turns":6}],"seed_played":"-8554916317138756785","potions_obtained":[{"floor":4,"key":"EssenceOfSteel"},{"floor":7,"key":"Block Potion"},{"floor":13,"key":"SteroidPotion"}],"is_trial":false,"path_per_floor":["M","$","?","M","?","R","E","R","T","E","$","R","E","M","R","B"],"character_chosen":"DEFECT","items_purchased":["Runic Capacitor","Cold Snap"],"campfire_rested":4,"item_purchase_floors":[2,11],"current_hp_per_floor":[64,64,64,50,32,54,13,35,35,24,24,46,17,5,27,0],"gold":102,"neow_bonus":"HUNDRED_GOLD","is_prod":false,"is_daily":false,"chose_seed":false,"campfire_upgraded":0,"win_rate":0,"timestamp":1542103833,"path_taken":["M","$","?","M","?","R","E","R","T","E","$","R","E","M","R","BOSS"],"build_version":"2018-11-06","purchased_purges":0,"victory":false,"max_hp_per_floor":[75,75,75,75,75,75,75,75,75,75,75,75,75,75,75,75],"card_choices":[{"not_picked":["Stack","Hologram"],"picked":"Consume","floor":1},{"not_picked":["Barrage","BootSequence"],"picked":"Conserve Battery","floor":4},{"not_picked":["Gash","Lockon"],"picked":"Loop","floor":7},{"not_picked":["Stack","Hello World"],"picked":"Hologram","floor":10},{"not_picked":["Leap","White Noise"],"picked":"Glacier","floor":13},{"not_picked":["FTL","Recycle"],"picked":"Darkness","floor":14}],"player_experience":798921,"relics_obtained":[{"floor":7,"key":"Centennial Puzzle"},{"floor":9,"key":"Juzu Bracelet"},{"floor":10,"key":"Art of War"},{"floor":13,"key":"Sundial"}],"event_choices":[{"damage_healed":0,"gold_gain":0,"player_choice":"Ignored","damage_taken":0,"max_hp_gain":0,"max_hp_loss":0,"event_name":"Liars Game","floor":3,"gold_loss":0},{"damage_healed":0,"gold_gain":0,"player_choice":"Take Damage","damage_taken":18,"relics_obtained":["Golden Idol"],"max_hp_gain":0,"max_hp_loss":0,"event_name":"Golden Idol","floor":5,"gold_loss":0}],"is_beta":true,"boss_relics":[],"items_purged_floors":[],"is_endless":false,"potions_floor_spawned":[4,7,13],"killed_by":"The Guardian","ascension_level":12}