{"path_per_floor":["M","?","M","?","$","E","R","?","T","M","M","R","$","M","R","B",null,"M","?","M","$","M","E","R","?","T","$","E","R","M","M","R"],"character_chosen":"IRONCLAD","items_purchased":["Inflame"],"gold_per_floor":[116,66,85,85,10,49,49,49,73,88,111,111,11,30,30,154,154,170,85,101,62,76,107,107,107,130,5,40,40,56,81,81,81],"floor_reached":33,"campfire_rested":3,"playtime":1006,"current_hp_per_floor":[74,74,74,74,74,40,62,62,69,69,74,74,74,80,80,38,81,67,67,73,73,73,17,41,41,41,41,49,73,64,72,72,0],"items_purged":["Defend_R","Defend_R","Defend_R"],"gold":81,"score":310,"play_id":"a8ef716f-784f-4ba7-bb6d-f5b9285098c9","local_time":"20180513182244","is_prod":false,"is_daily":false,"chose_seed":false,"is_ascension_mode":false,"campfire_upgraded":3,"timestamp":1526228564,"path_taken":["M","?","M","?","$","E","R","?","T","M","M","R","$","?","R","BOSS","M","?","?","$","M","E","R","?","T","$","E","R","M","M","R","BOSS"],"build_version":"2018-05-12v2","seed_source_timestamp":36655043326644,"purchased_purges":3,"victory":false,"master_deck":["Strike_R","Strike_R","Strike_R","Strike_R","Bash+1","Flex+1","Perfected Strike","Clash","Clash","Clash","Infernal Blade+1","Inflame","Perfected Strike"],"max_hp_per_floor":[80,80,80,74,74,74,74,74,81,81,81,81,81,81,81,81,81,81,81,81,81,81,81,81,81,81,81,81,81,81,81,81,81],"relics":["Burning Blood","Vajra","Golden Idol","Omamori","Strawberry","Runic Dome","Prayer Wheel","Potion Belt","Blood Vial","Bronze Scales"],"card_choices":[{"not_picked":["Twin Strike","Combust"],"picked":"Flex","floor":1},{"not_picked":["Anger","Sever Soul"],"picked":"Perfected Strike","floor":3},{"not_picked":["Warcry","Seeing Red"],"picked":"Clash","floor":6},{"not_picked":["Headbutt","Sword Boomerang","Wild Strike"],"picked":"SKIP","floor":10},{"not_picked":["Brutality","Shrug It Off"],"picked":"Clash","floor":11},{"not_picked":["Shrug It Off","Clothesline"],"picked":"Clash","floor":14},{"not_picked":["Uppercut","Twin Strike","Shockwave"],"picked":"SKIP","floor":18},{"not_picked":["Iron Wave","Combust+1"],"picked":"Infernal Blade","floor":20},{"not_picked":["Reckless Charge","Anger"],"picked":"Perfected Strike","floor":22},{"not_picked":["Hemokinesis","Bloodletting","Clothesline"],"picked":"SKIP","floor":23},{"not_picked":["True Grit","Wild Strike","Rage"],"picked":"SKIP","floor":26},{"not_picked":["True Grit","Ghostly Armor","Offering"],"picked":"SKIP","floor":28},{"not_picked":["Perfected Strike","Carnage","Intimidate"],"picked":"SKIP","floor":30},{"not_picked":["Iron Wave","Clothesline","Armaments+1"],"picked":"SKIP","floor":31}],"player_experience":92098,"potions_floor_usage":[30,31],"damage_taken":[{"damage":12,"enemies":"Small Slimes","floor":1,"turns":4},{"damage":6,"enemies":"2 Louse","floor":3,"turns":3},{"damage":40,"enemies":"Lagavulin","floor":6,"turns":7},{"damage":6,"enemies":"Jaw Worm","floor":10,"turns":2},{"damage":1,"enemies":"Exordium Wildlife","floor":11,"turns":3},{"damage":0,"enemies":"Large Slime","floor":14,"turns":3},{"damage":48,"enemies":"Hexaghost","floor":16,"turns":5},{"damage":20,"enemies":"3 Byrds","floor":18,"turns":4},{"damage":0,"enemies":"Spheric Guardian","floor":20,"turns":2},{"damage":6,"enemies":"3 Cultists","floor":22,"turns":3},{"damage":62,"enemies":"Slavers","floor":23,"turns":5},{"damage":0,"enemies":"Gremlin Leader","floor":28,"turns":3},{"damage":20,"enemies":"Centurion and Healer","floor":30,"turns":3},{"damage":0,"enemies":"Snake Plant","floor":31,"turns":2},{"damage":89,"enemies":"Champ","floor":33,"turns":6}],"event_choices":[{"event_name":"The Cleric","player_choice":"Card Removal","floor":2,"damage_taken":0},{"event_name":"Golden Idol","player_choice":"Lose Max HP","floor":4,"damage_taken":0},{"event_name":"Living Wall","player_choice":"Forget","floor":8,"damage_taken":0},{"event_name":"Addict","player_choice":"Obtained Relic","floor":19,"damage_taken":0},{"event_name":"The Lab","player_choice":"Got Potions","floor":25,"damage_taken":0}],"boss_relics":[{"not_picked":["Black Star","Cursed Key"],"picked":"Runic Dome"}],"potions_floor_spawned":[3,11,14,22,28],"seed_played":"-5215733160947994113","killed_by":"Champ","ascension_level":0,"is_trial":false}