{"gold_per_floor":[13,25,42,52,69,69,100,113,113,113,163,178,178,190,190,263,263,281,281,301,317,333,333,358,358,428,456,456,123,133,133,133,209,209,229,245,245,245,93,93,120,120,120,120],"floor_reached":44,"playtime":2518,"items_purged":["Strike_B","Strike_B"],"score":959,"play_id":"126d94fa-f24a-4afc-80f3-8d1a030ae97f","local_time":"20181114161147","is_ascension_mode":true,"campfire_choices":[{"floor":6.0,"key":"REST"},{"floor":10.0,"key":"REST"},{"data":"Zap","floor":13.0,"key":"SMITH"},{"floor":15.0,"key":"REST"},{"floor":23,"key":"REST"},{"floor":25,"key":"REST"},{"data":"Glacier","floor":28,"key":"SMITH"},{"data":"Barrage","floor":32,"key":"SMITH"},{"data":"Barrage","floor":40,"key":"SMITH"},{"data":"Loop","floor":42,"key":"SMITH"}],"neow_cost":"NO_GOLD","seed_source_timestamp":0,"circlet_count":0,"master_deck":["AscendersBane","Strike_B","Strike_B","Defend_B+1","Defend_B","Defend_B","Defend_B","Zap+1","Dualcast","Cold Snap","Coolheaded","White Noise+1","Ball Lightning","Glacier+1","Glacier","Compile Driver","Coolheaded","Go for the Eyes","Electrodynamics","Beam Cell","Ball Lightning","Coolheaded","Capacitor+1","White Noise+1","Hologram+1","Barrage+1","Core Surge","Double Energy+1","Leap+1","Loop+1","Stack+1","Coolheaded+1","White Noise+1","Conserve Battery+1","Barrage+1","Steam+1"],"special_seed":0,"relics":["Cracked Core","Incense Burner","War Paint","Girya","Eternal Feather","Toxic Egg 2","Bottled Lightning","Pantograph","DollysMirror","Orrery","Unceasing Top","Omamori"],"potions_floor_usage":[33,41,41],"damage_taken":[{"damage":0.0,"enemies":"2 Louse","floor":1.0,"turns":2.0},{"damage":0.0,"enemies":"Cultist","floor":2.0,"turns":3.0},{"damage":0.0,"enemies":"Jaw Worm","floor":3.0,"turns":3.0},{"damage":9.0,"enemies":"Exordium Wildlife","floor":4.0,"turns":4.0},{"damage":43.0,"enemies":"Exordium Thugs","floor":5.0,"turns":6.0},{"damage":21.0,"enemies":"Gremlin Nob","floor":7.0,"turns":5.0},{"damage":6.0,"enemies":"Gremlin Gang","floor":8.0,"turns":5.0},{"damage":0.0,"enemies":"2 Fungi Beasts","floor":12.0,"turns":4.0},{"damage":0.0,"enemies":"3 Louse","floor":14.0,"turns":6.0},{"damage":10.0,"enemies":"The Guardian","floor":16.0,"turns":14.0},{"damage":0.0,"enemies":"Spheric Guardian","floor":18.0,"turns":3.0},{"damage":27.0,"enemies":"2 Thieves","floor":20.0,"turns":3.0},{"damage":19.0,"enemies":"Shelled Parasite and Fungi","floor":21.0,"turns":11.0},{"damage":14,"enemies":"Centurion and Healer","floor":22,"turns":11},{"damage":38,"enemies":"Slavers","floor":24,"turns":4},{"damage":0,"enemies":"Gremlin Leader","floor":27,"turns":8},{"damage":2,"enemies":"3 Cultists","floor":30,"turns":3},{"damage":63,"enemies":"Collector","floor":33,"turns":9},{"damage":18,"enemies":"Orb Walker","floor":35,"turns":4},{"damage":0,"enemies":"3 Shapes","floor":36,"turns":4},{"damage":19,"enemies":"Nemesis","floor":41,"turns":13},{"damage":74,"enemies":"Transient","floor":44,"turns":5}],"seed_played":"-7752854947774095960","potions_obtained":[{"floor":1.0,"key":"SpeedPotion"},{"floor":5.0,"key":"Strength Potion"},{"floor":12.0,"key":"Fire Potion"},{"floor":18.0,"key":"Weak Potion"},{"floor":19.0,"key":"Regen Potion"},{"floor":27,"key":"Strength Potion"},{"floor":35,"key":"SkillPotion"}],"is_trial":false,"path_per_floor":["M","M","M","M","M","R","E","M","T","R","?","M","R","M","R","B",null,"M","?","M","M","M","R","E","R","T","E","R","$","M","?","R","B",null,"M","M","?","?","$","R","E","R","T","M"],"character_chosen":"DEFECT","items_purchased":["DollysMirror","Hologram+1","Barrage"],"campfire_rested":5,"item_purchase_floors":[29,29,39],"current_hp_per_floor":[64,64,64,55,12,33,12,6,6,27,27,27,27,27,48,38,63,63,63,36,32,18,51,13,49,49,49,64,64,62,62,71,8,55,37,37,37,37,37,58,39,60,60,0],"gold":120,"neow_bonus":"ONE_RARE_RELIC","is_prod":false,"is_daily":false,"chose_seed":false,"campfire_upgraded":5,"win_rate":0,"timestamp":1542240707,"path_taken":["M","M","M","M","M","R","E","M","T","R","?","?","R","M","R","BOSS","M","?","M","M","M","R","E","R","T","E","R","?","M","?","R","BOSS","M","M","?","?","?","R","E","R","T","M"],"build_version":"2018-11-08","purchased_purges":2,"victory":false,"max_hp_per_floor":[71,71,71,71,71,71,71,71,71,71,71,71,71,71,71,71,71,71,71,71,71,71,71,71,71,71,71,71,71,71,71,71,71,71,71,71,67,67,67,67,67,67,67,67],"card_choices":[{"not_picked":["Blizzard","Rebound"],"picked":"Cold Snap","floor":1.0},{"not_picked":["Recycle","Blizzard"],"picked":"Coolheaded","floor":2.0},{"not_picked":["Rebound","Undo"],"picked":"White Noise","floor":3.0},{"not_picked":["BootSequence","Loop"],"picked":"Ball Lightning","floor":4.0},{"not_picked":["Melter","FTL"],"picked":"Glacier","floor":5.0},{"not_picked":["Ball Lightning","Sweeping Beam"],"picked":"Glacier","floor":7.0},{"not_picked":["Lockon","Stack"],"picked":"Compile Driver","floor":8.0},{"not_picked":["Genetic Algorithm","Hologram"],"picked":"Coolheaded","floor":12.0},{"not_picked":["Aggregate","Rebound"],"picked":"Go for the Eyes","floor":14.0},{"not_picked":["Meteor Strike","Rainbow"],"picked":"Electrodynamics","floor":16.0},{"not_picked":["Coolheaded","Redo"],"picked":"Beam Cell","floor":18.0},{"not_picked":["Stack","Streamline+1"],"picked":"Ball Lightning","floor":20.0},{"not_picked":["Redo","Rebound+1"],"picked":"Coolheaded","floor":21.0},{"not_picked":["Cold Snap","Redo","Coolheaded"],"picked":"SKIP","floor":22},{"not_picked":["Conserve Battery","Electrodynamics"],"picked":"Capacitor+1","floor":24},{"not_picked":["Go for the Eyes","Turbo+1","Hello World+1"],"picked":"SKIP","floor":27},{"not_picked":["Steam+1","Coolheaded+1"],"picked":"Barrage","floor":30},{"not_picked":["Rainbow+1","Reboot+1"],"picked":"Core Surge","floor":33},{"not_picked":["Scrape","Cold Snap"],"picked":"Double Energy+1","floor":34},{"not_picked":["Compile Driver","Ball Lightning"],"picked":"Leap+1","floor":34},{"not_picked":["Sunder","Thunder Strike"],"picked":"Loop","floor":34},{"not_picked":["Redo+1","Aggregate+1"],"picked":"Stack+1","floor":34},{"not_picked":["Rebound","Go for the Eyes"],"picked":"Coolheaded+1","floor":34},{"not_picked":["Rebound+1","Force Field+1"],"picked":"White Noise+1","floor":35},{"not_picked":["Hello World","Ball Lightning"],"picked":"Conserve Battery+1","floor":36},{"not_picked":["Cold Snap","Beam Cell"],"picked":"Steam+1","floor":41}],"player_experience":1285692,"relics_obtained":[{"floor":7.0,"key":"War Paint"},{"floor":9.0,"key":"Girya"},{"floor":24,"key":"Toxic Egg 2"},{"floor":26,"key":"Bottled Lightning"},{"floor":27,"key":"Pantograph"},{"floor":41,"key":"Unceasing Top"},{"floor":43,"key":"Omamori"}],"event_choices":[{"damage_healed":0.0,"max_hp_gain":0.0,"max_hp_loss":0.0,"gold_gain":50.0,"event_name":"Golden Shrine","player_choice":"Pray","floor":11.0,"gold_loss":0.0,"damage_taken":0.0},{"damage_healed":0.0,"max_hp_gain":0.0,"max_hp_loss":0.0,"gold_gain":0.0,"event_name":"Lab","player_choice":"Got Potions","floor":19.0,"gold_loss":0.0,"damage_taken":0.0},{"damage_healed":0,"gold_gain":0,"player_choice":"Ignored","damage_taken":0,"max_hp_gain":0,"max_hp_loss":0,"event_name":"Ghosts","floor":31,"gold_loss":0},{"damage_healed":0,"gold_gain":0,"player_choice":"Max HP","damage_taken":0,"max_hp_gain":0,"max_hp_loss":4,"event_name":"Winding Halls","floor":37,"gold_loss":0},{"damage_healed":0,"gold_gain":0,"player_choice":"Ignored","damage_taken":0,"max_hp_gain":0,"max_hp_loss":0,"event_name":"Tomb of Lord Red Mask","floor":38,"gold_loss":0}],"is_beta":false,"boss_relics":[{"not_picked":["Runic Pyramid","Coffee Dripper"],"picked":"Eternal Feather"},{"not_picked":["Calling Bell","Runic Dome"],"picked":"Orrery"}],"items_purged_floors":[29,39],"is_endless":false,"potions_floor_spawned":[1,5,12,18,20,27,30,35],"killed_by":"Transient","ascension_level":16}