{"gold_per_floor":[113,127,302,302,316,316,327,352,352,324,324,324,348,366,366,462,462,482,492,417,417,433,433],"floor_reached":23,"playtime":610,"items_purged":[],"score":266,"play_id":"f9e0a19f-f0be-4bb2-95eb-10937fdbebec","local_time":"20181208171106","is_ascension_mode":false,"campfire_choices":[{"data":"Armaments","floor":6.0,"key":"SMITH"},{"floor":12.0,"key":"REST"},{"data":"Body Slam","floor":15.0,"key":"SMITH"}],"neow_cost":"TEN_PERCENT_HP_LOSS","seed_source_timestamp":0,"circlet_count":0,"master_deck":["Defend_R","Defend_R","Bash","Searing Blow+1","Headbutt+1","Sword Boomerang","Armaments+1","Body Slam+1","Bludgeon","Pommel Strike","Immolate","Pummel","True Grit","Bite","Bite","Bite","Bite","Bite","Intimidate"],"special_seed":0,"relics":["Burning Blood","Thread and Needle","WingedGreaves","Runic Dome"],"potions_floor_usage":[18],"damage_taken":[{"damage":6.0,"enemies":"Jaw Worm","floor":1.0,"turns":3.0},{"damage":9.0,"enemies":"Small Slimes","floor":2.0,"turns":3.0},{"damage":12.0,"enemies":"2 Louse","floor":5.0,"turns":2.0},{"damage":5.0,"enemies":"Large Slime","floor":7.0,"turns":6.0},{"damage":45.0,"enemies":"Lagavulin","floor":8.0,"turns":7.0},{"damage":0.0,"enemies":"3 Louse","floor":14.0,"turns":3.0},{"damage":0.0,"enemies":"Slime Boss","floor":16.0,"turns":6.0},{"damage":6,"enemies":"2 Thieves","floor":18,"turns":2},{"damage":1,"enemies":"Chosen","floor":19,"turns":3},{"damage":23,"enemies":"Sentry and Sphere","floor":22,"turns":5},{"damage":49,"enemies":"Book of Stabbing","floor":23,"turns":4}],"seed_played":"1862447142033258319","potions_obtained":[{"floor":2.0,"key":"Energy Potion"},{"floor":8.0,"key":"Poison Potion"},{"floor":16.0,"key":"SteroidPotion"},{"floor":19,"key":"SteroidPotion"}],"is_trial":false,"path_per_floor":["M","M","?","?","M","R","M","E","T","?","?","R","T","M","R","B",null,"M","M","?","?","M","E"],"character_chosen":"IRONCLAD","items_purchased":[],"campfire_rested":1,"item_purchase_floors":[],"current_hp_per_floor":[72,69,69,55,49,49,50,11,11,11,11,32,32,38,38,44,72,72,72,72,50,40,0],"gold":433,"neow_bonus":"TRANSFORM_TWO_CARDS","is_prod":false,"is_daily":false,"chose_seed":false,"campfire_upgraded":2,"win_rate":0,"timestamp":1544314266,"path_taken":["M","M","?","?","M","R","M","E","T","?","?","R","?","M","R","BOSS","M","M","?","?","M","E"],"build_version":"2018-12-06","purchased_purges":0,"victory":false,"max_hp_per_floor":[72,72,72,72,72,72,72,72,72,72,72,72,72,72,72,72,72,72,72,72,50,50,50],"card_choices":[{"not_picked":["Flex","Heavy Blade"],"picked":"Sword Boomerang","floor":1.0},{"not_picked":["Perfected Strike","Feel No Pain"],"picked":"Armaments","floor":2.0},{"not_picked":["Perfected Strike","Corruption"],"picked":"Body Slam","floor":5.0},{"not_picked":["Anger","Clash","Perfected Strike"],"picked":"SKIP","floor":7.0},{"not_picked":["Evolve","Sword Boomerang"],"picked":"Bludgeon","floor":8.0},{"not_picked":["Perfected Strike","Twin Strike"],"picked":"Pommel Strike","floor":14.0},{"not_picked":["Brutality","Berserk"],"picked":"Immolate","floor":16.0},{"not_picked":["True Grit","Burning Pact"],"picked":"Pummel","floor":18},{"not_picked":["Cleave+1","Perfected Strike+1"],"picked":"True Grit","floor":19},{"not_picked":["Cleave","Iron Wave+1"],"picked":"Intimidate","floor":22}],"player_experience":544354,"relics_obtained":[{"floor":8.0,"key":"Thread and Needle"},{"floor":9.0,"key":"WingedGreaves"}],"event_choices":[{"damage_healed":0.0,"max_hp_gain":0.0,"max_hp_loss":0.0,"gold_gain":175.0,"event_name":"Liars Game","player_choice":"AGREE","floor":3.0,"gold_loss":0.0,"damage_taken":0.0,"cards_obtained":["Doubt"]},{"damage_healed":0.0,"max_hp_gain":0.0,"max_hp_loss":0.0,"gold_gain":0.0,"event_name":"Shining Light","player_choice":"Entered Light","floor":4.0,"gold_loss":0.0,"damage_taken":14.0,"cards_upgraded":["Searing Blow","Headbutt"]},{"damage_healed":0.0,"max_hp_gain":0.0,"max_hp_loss":0.0,"gold_gain":0.0,"event_name":"World of Goop","player_choice":"Left Gold","floor":10.0,"gold_loss":28.0,"damage_taken":0.0},{"cards_removed":["Doubt"],"damage_healed":0.0,"max_hp_gain":0.0,"max_hp_loss":0.0,"gold_gain":0.0,"event_name":"Living Wall","player_choice":"Forget","floor":11.0,"gold_loss":0.0,"damage_taken":0.0},{"cards_removed":["Strike_R"],"damage_healed":0,"gold_gain":0,"player_choice":"Gave Gold","damage_taken":0,"max_hp_gain":0,"max_hp_loss":0,"event_name":"Beggar","floor":20,"gold_loss":75},{"damage_healed":0,"gold_gain":0,"player_choice":"Became a vampire","damage_taken":0,"max_hp_gain":0,"max_hp_loss":22,"event_name":"Vampires","floor":21,"gold_loss":0,"cards_obtained":["Bite","Bite","Bite","Bite","Bite"]}],"is_beta":false,"boss_relics":[{"not_picked":["Busted Crown","Coffee Dripper"],"picked":"Runic Dome"}],"items_purged_floors":[],"is_endless":false,"potions_floor_spawned":[2,8,16,19],"killed_by":"Book of Stabbing","ascension_level":0}