{"gold_per_floor":[211,211,211,222,235,266,266,282,282,282,300,300,300,311,311,407,407,426,502,517,12,12,42,42,42,69,69,69,98,117,117,117,219,219,235,235,82,95,195,224,243,277,304,63,63,97,110,127,127,127],"floor_reached":51,"playtime":3249,"items_purged":["Strike_G"],"score":1248,"play_id":"acec3edb-2fa4-4d05-9fca-2ef4baf84a0b","local_time":"20190127100513","is_ascension_mode":true,"campfire_choices":[{"floor":13,"key":"REST"},{"data":"Blur","floor":15,"key":"SMITH"},{"data":"Blur","floor":28,"key":"SMITH"},{"floor":32,"key":"REST"},{"data":"After Image","floor":45,"key":"SMITH"},{"data":"Envenom","floor":49,"key":"SMITH"}],"neow_cost":"NONE","seed_source_timestamp":1178615558195133,"circlet_count":0,"master_deck":["AscendersBane","Defend_G","Defend_G","Defend_G+1","Defend_G+1","Strike_G","Strike_G","Survivor","Neutralize","Noxious Fumes","Doppelganger+1","Blur+1","Deadly Poison+1","Poisoned Stab","Blur+1","Poisoned Stab","Noxious Fumes","Corpse Explosion","Acrobatics+1","Well Laid Plans","Malaise+1","Leg Sweep+1","Bane+1","After Image+1","Catalyst+1","Dash+1","Backstab+1","Envenom+1","Deflect+1","Noxious Fumes+1","PiercingWail+1","Escape Plan+1"],"relics":["Ring of the Snake","Bag of Preparation","Pen Nib","FaceOfCleric","Velvet Choker","Dodecahedron","Oddly Smooth Stone","Sling","Bottled Flame","Snake Skull","Juzu Bracelet","Sundial","Empty Cage","War Paint","Girya","Happy Flower","Art of War","Pantograph","Shovel"],"potions_floor_usage":[11,18,20,23,23,33,41,50],"damage_taken":[{"damage":2,"enemies":"Jaw Worm","floor":1,"turns":7},{"damage":2,"enemies":"Cultist","floor":4,"turns":4},{"damage":8,"enemies":"Small Slimes","floor":5,"turns":4},{"damage":26,"enemies":"3 Sentries","floor":6,"turns":10},{"damage":0,"enemies":"3 Louse","floor":8,"turns":4},{"damage":0,"enemies":"Lots of Slimes","floor":11,"turns":6},{"damage":0,"enemies":"2 Fungi Beasts","floor":14,"turns":4},{"damage":13,"enemies":"Hexaghost","floor":16,"turns":8},{"damage":7,"enemies":"Shell Parasite","floor":18,"turns":6},{"damage":0,"enemies":"Chosen","floor":20,"turns":4},{"damage":6,"enemies":"Gremlin Leader","floor":23,"turns":6},{"damage":4,"enemies":"Book of Stabbing","floor":29,"turns":7},{"damage":0,"enemies":"3 Cultists","floor":30,"turns":3},{"damage":5,"enemies":"Champ","floor":33,"turns":13},{"damage":0,"enemies":"Orb Walker","floor":35,"turns":5},{"damage":0,"enemies":"3 Shapes","floor":38,"turns":3},{"damage":0,"enemies":"Mind Bloom Boss Battle","floor":39,"turns":5},{"damage":29,"enemies":"Giant Head","floor":40,"turns":9},{"damage":4,"enemies":"Transient","floor":41,"turns":5},{"damage":5,"enemies":"Nemesis","floor":42,"turns":7},{"damage":0,"enemies":"Giant Head","floor":46,"turns":7},{"damage":0,"enemies":"4 Shapes","floor":47,"turns":4},{"damage":6,"enemies":"Jaw Worm Horde","floor":48,"turns":2},{"damage":10,"enemies":"Time Eater","floor":50,"turns":8}],"seed_played":"5637063480562956385","potions_obtained":[{"floor":6,"key":"GamblersBrew"},{"floor":8,"key":"GhostInAJar"},{"floor":11,"key":"Swift Potion"},{"floor":16,"key":"AttackPotion"},{"floor":20,"key":"Poison Potion"},{"floor":30,"key":"Block Potion"},{"floor":33,"key":"Strength Potion"},{"floor":39,"key":"Regen Potion"},{"floor":41,"key":"AttackPotion"},{"floor":42,"key":"SpeedPotion"}],"is_trial":false,"path_per_floor":["M","?","?","M","M","E","?","M","T","?","M","?","R","M","R","B",null,"M","T","M","$","?","E","?","$","T","T","R","E","M","?","R","B",null,"M","?","$","M","?","E","M","E","T","$","R","E","M","M","R","B",null],"character_chosen":"THE_SILENT","items_purchased":["Oddly Smooth Stone","GhostInAJar","Sling","War Paint","Pantograph"],"campfire_rested":2,"item_purchase_floors":[21,21,21,37,44],"current_hp_per_floor":[61,47,47,45,37,11,11,11,11,11,12,12,33,34,34,22,60,54,54,55,55,55,50,50,50,50,50,50,47,48,33,57,53,76,77,77,77,78,79,51,63,59,59,59,59,60,61,56,56,72],"gold":127,"neow_bonus":"HUNDRED_GOLD","is_prod":false,"is_daily":false,"chose_seed":false,"campfire_upgraded":4,"win_rate":0,"timestamp":1548605113,"path_taken":["M","?","?","?","M","E","?","M","T","?","?","?","R","M","R","BOSS","M","?","M","$","?","E","?","$","T","?","R","E","M","?","R","BOSS","M","?","$","M","?","E","M","E","T","$","R","E","M","M","R","BOSS"],"build_version":"2019-01-23","purchased_purges":1,"victory":true,"max_hp_per_floor":[70,70,70,70,70,70,70,70,70,70,71,71,71,72,72,73,73,74,74,75,75,75,76,76,76,76,76,76,77,78,83,83,84,84,85,85,85,86,87,88,89,90,90,90,90,91,92,93,93,94],"card_choices":[{"not_picked":["Underhanded Strike","Outmaneuver","Deadly Poison"],"picked":"SKIP","floor":1},{"not_picked":["Backstab","Quick Slash"],"picked":"Blur","floor":4},{"not_picked":["Endless Agony","Prepared"],"picked":"Deadly Poison","floor":5},{"not_picked":["Expertise","Deadly Poison"],"picked":"Poisoned Stab","floor":6},{"not_picked":["Acrobatics","Backflip"],"picked":"Flying Knee","floor":8},{"not_picked":["Riddle With Holes","Cloak And Dagger"],"picked":"Poisoned Stab","floor":11},{"not_picked":["Dodge and Roll","Escape Plan"],"picked":"Noxious Fumes","floor":14},{"not_picked":["Adrenaline","Phantasmal Killer"],"picked":"Corpse Explosion","floor":16},{"not_picked":["Outmaneuver+1","Concentrate"],"picked":"Acrobatics+1","floor":18},{"not_picked":["Cloak And Dagger+1","Underhanded Strike"],"picked":"Well Laid Plans","floor":20},{"not_picked":["Unload","Calculated Gamble"],"picked":"Malaise","floor":23},{"not_picked":["Bane","Well Laid Plans"],"picked":"Leg Sweep+1","floor":29},{"not_picked":["Acrobatics","Blur"],"picked":"Bane+1","floor":30},{"not_picked":["Die Die Die","Storm of Steel"],"picked":"After Image","floor":33},{"not_picked":["Deadly Poison+1","Skewer"],"picked":"Catalyst+1","floor":35},{"not_picked":["Outmaneuver","Quick Slash"],"picked":"Dash+1","floor":38},{"not_picked":["Slice","Blade Dance"],"picked":"Backstab+1","floor":39},{"not_picked":["Riddle With Holes","Bane"],"picked":"Envenom","floor":40},{"not_picked":["Predator","Dash"],"picked":"Deflect+1","floor":41},{"not_picked":["Infinite Blades+1","Dodge and Roll+1"],"picked":"Noxious Fumes+1","floor":42},{"not_picked":["Blade Dance+1","Deadly Poison","Deflect"],"picked":"SKIP","floor":46},{"not_picked":["Quick Slash","Blade Dance"],"picked":"PiercingWail+1","floor":47},{"not_picked":["Dagger Throw","Heel Hook+1"],"picked":"Escape Plan+1","floor":48}],"player_experience":475404,"relics_obtained":[{"floor":6,"key":"Bag of Preparation"},{"floor":9,"key":"Pen Nib"},{"floor":19,"key":"Dodecahedron"},{"floor":23,"key":"Bottled Flame"},{"floor":26,"key":"Snake Skull"},{"floor":27,"key":"Juzu Bracelet"},{"floor":29,"key":"Sundial"},{"floor":39,"key":"Girya"},{"floor":40,"key":"Happy Flower"},{"floor":42,"key":"Art of War"},{"floor":46,"key":"Shovel"}],"event_choices":[{"damage_healed":0,"gold_gain":0,"player_choice":"Entered Light","damage_taken":14,"max_hp_gain":0,"max_hp_loss":0,"event_name":"Shining Light","floor":2,"gold_loss":0,"cards_upgraded":["Defend_G","Defend_G"]},{"damage_healed":0,"gold_gain":0,"player_choice":"2 cards matched","damage_taken":0,"max_hp_gain":0,"max_hp_loss":0,"event_name":"Match and Keep!","floor":3,"gold_loss":0,"cards_obtained":["Noxious Fumes","Doppelganger"]},{"damage_healed":0,"gold_gain":0,"cards_transformed":["Strike_G"],"player_choice":"Change","damage_taken":0,"max_hp_gain":0,"max_hp_loss":0,"event_name":"Living Wall","floor":7,"gold_loss":0,"cards_obtained":["Blur"]},{"damage_healed":0,"gold_gain":0,"player_choice":"Trade","damage_taken":0,"relics_obtained":["FaceOfCleric"],"max_hp_gain":0,"max_hp_loss":0,"event_name":"FaceTrader","floor":10,"gold_loss":0},{"damage_healed":0,"gold_gain":0,"player_choice":"Forge","damage_taken":0,"max_hp_gain":0,"max_hp_loss":0,"event_name":"Accursed Blacksmith","floor":12,"gold_loss":0,"cards_upgraded":["Doppelganger"]},{"damage_healed":0,"gold_gain":0,"player_choice":"Ignored","damage_taken":0,"max_hp_gain":0,"max_hp_loss":0,"event_name":"Vampires","floor":22,"gold_loss":0},{"damage_healed":0,"gold_gain":0,"player_choice":"Ignored","damage_taken":0,"max_hp_gain":0,"max_hp_loss":0,"event_name":"Beggar","floor":24,"gold_loss":0},{"damage_healed":0,"gold_gain":0,"player_choice":"Shed Blood","damage_taken":20,"max_hp_gain":5,"max_hp_loss":0,"event_name":"Forgotten Altar","floor":31,"gold_loss":0},{"cards_removed":["Flying Knee"],"damage_healed":0,"gold_gain":0,"player_choice":"Removed Attack","damage_taken":0,"max_hp_gain":0,"max_hp_loss":0,"event_name":"Falling","floor":36,"gold_loss":0},{"damage_healed":0,"gold_gain":0,"player_choice":"Fight","damage_taken":0,"max_hp_gain":0,"max_hp_loss":0,"event_name":"MindBloom","floor":39,"gold_loss":0}],"is_beta":false,"boss_relics":[{"not_picked":["White Beast Statue","Astrolabe"],"picked":"Velvet Choker"},{"not_picked":["Coffee Dripper","Runic Dome"],"picked":"Empty Cage"}],"items_purged_floors":[21],"is_endless":false,"potions_floor_spawned":[6,8,11,16,20,30,33,39,41,42,47],"ascension_level":11}