{"gold_per_floor":[117,23,23,40,40,40,40,115,115,115,115,127,156,168,168,267,267,282,271,50,50,50,50,110,110,110,110,129,29,29,43,43,43],"floor_reached":33,"playtime":991,"items_purged":["Defend_R","Defend_R"],"score":386,"play_id":"3d341f55-dd50-4e8c-983f-13bc110a81e0","local_time":"20190131135529","is_ascension_mode":true,"campfire_choices":[{"data":"Shrug It Off","floor":6,"key":"SMITH"},{"floor":7,"key":"RECALL"},{"data":"Flash of Steel","floor":10,"key":"SMITH"},{"data":"Searing Blow","floor":15,"key":"SMITH"},{"data":"Hemokinesis","floor":23,"key":"SMITH"},{"data":"Searing Blow+1","floor":25,"key":"SMITH"},{"data":"Searing Blow+2","floor":27,"key":"SMITH"},{"data":"Searing Blow+3","floor":30,"key":"SMITH"},{"data":"Searing Blow+4","floor":32,"key":"SMITH"}],"neow_cost":"NONE","seed_source_timestamp":19066677316850,"circlet_count":0,"master_deck":["Strike_R","Strike_R","Strike_R","Strike_R","Strike_R","Defend_R","Defend_R","Bash+1","Ghostly Armor","Flash of Steel+1","Shrug It Off+1","Headbutt","Searing Blow+1","Demon Form","Shockwave+1","Shrug It Off","Hemokinesis+1","Searing Blow+5","Intimidate+1","Inflame"],"relics":["Burning Blood","NeowsBlessing","WingedGreaves","Mercury Hourglass","Magic Flower","White Beast Statue","Tiny Chest","Pantograph"],"potions_floor_usage":[13,13,13,13,13,13,13,16,16,18,18,19,24,24,31,33,33],"damage_taken":[{"damage":0,"enemies":"2 Louse","floor":1,"turns":1},{"damage":0,"enemies":"Jaw Worm","floor":4,"turns":1},{"damage":0,"enemies":"Cultist","floor":12,"turns":1},{"damage":0,"enemies":"Lagavulin","floor":13,"turns":5},{"damage":0,"enemies":"Large Slime","floor":14,"turns":4},{"damage":63,"enemies":"Hexaghost","floor":16,"turns":9},{"damage":38,"enemies":"Shell Parasite","floor":18,"turns":4},{"damage":11,"enemies":"2 Thieves","floor":19,"turns":4},{"damage":46,"enemies":"Gremlin Leader","floor":24,"turns":6},{"damage":17,"enemies":"Snecko","floor":28,"turns":4},{"damage":20,"enemies":"Snake Plant","floor":31,"turns":2},{"damage":81,"enemies":"Collector","floor":33,"turns":6}],"seed_played":"-3958443675600213175","potions_obtained":[{"floor":11,"key":"EntropicBrew"},{"floor":11,"key":"SkillPotion"},{"floor":11,"key":"EssenceOfSteel"},{"floor":14,"key":"SneckoOil"},{"floor":16,"key":"Poison Potion"},{"floor":18,"key":"Strength Potion"},{"floor":19,"key":"Fruit Juice"},{"floor":24,"key":"Ancient Potion"},{"floor":28,"key":"AttackPotion"},{"floor":31,"key":"EssenceOfSteel"}],"is_trial":false,"path_per_floor":["M","$","?","M","T","R","R","?","T","R","?","M","E","M","R","B",null,"M","M","$","?","?","R","E","R","T","R","M","$","R","M","R","B"],"character_chosen":"IRONCLAD","items_purchased":["Flash of Steel","Regen Potion","Hemokinesis"],"campfire_rested":0,"item_purchase_floors":[2,20,20],"current_hp_per_floor":[78,78,78,80,80,80,80,69,69,69,69,75,80,80,80,26,67,38,41,41,69,69,69,56,56,56,56,48,48,48,37,37,0],"gold":43,"neow_bonus":"THREE_ENEMY_KILL","is_prod":false,"is_daily":false,"chose_seed":false,"campfire_upgraded":8,"win_rate":0,"timestamp":1548939329,"path_taken":["M","$","?","M","?","R","R","?","T","R","?","?","E","M","R","BOSS","M","M","$","?","?","R","E","R","T","R","?","?","R","M","R","BOSS"],"build_version":"2019-01-23","purchased_purges":2,"victory":false,"max_hp_per_floor":[80,80,80,80,80,80,80,80,80,80,80,80,80,80,80,80,80,80,85,85,85,85,85,85,85,85,85,85,85,85,85,85,85],"card_choices":[{"not_picked":["Flex","Pommel Strike"],"picked":"Ghostly Armor","floor":1},{"not_picked":["Clothesline","Flex"],"picked":"Shrug It Off","floor":4},{"not_picked":["Perfected Strike","Flex"],"picked":"Headbutt","floor":12},{"not_picked":["Headbutt","Fire Breathing"],"picked":"Searing Blow","floor":13},{"not_picked":["Clash","Headbutt","Wild Strike"],"picked":"SKIP","floor":14},{"not_picked":["Exhume","Brutality"],"picked":"Demon Form","floor":16},{"not_picked":["Second Wind","Rampage"],"picked":"Shockwave+1","floor":18},{"not_picked":["Entrench+1","Clothesline"],"picked":"Shrug It Off","floor":19},{"not_picked":["Entrench+1","Heavy Blade"],"picked":"Intimidate+1","floor":24},{"not_picked":["Clash","Iron Wave"],"picked":"Inflame","floor":28},{"not_picked":["Wild Strike","Pommel Strike","Flex"],"picked":"SKIP","floor":31}],"player_experience":228443,"relics_obtained":[{"floor":5,"key":"WingedGreaves"},{"floor":9,"key":"Mercury Hourglass"},{"floor":13,"key":"Magic Flower"},{"floor":24,"key":"Tiny Chest"},{"floor":26,"key":"Pantograph"}],"event_choices":[{"damage_healed":0,"gold_gain":0,"player_choice":"Grow","damage_taken":0,"max_hp_gain":0,"max_hp_loss":0,"event_name":"Living Wall","floor":3,"gold_loss":0,"cards_upgraded":["Bash"]},{"damage_healed":0,"gold_gain":75,"player_choice":"Gather Gold","damage_taken":11,"max_hp_gain":0,"max_hp_loss":0,"event_name":"World of Goop","floor":8,"gold_loss":0},{"damage_healed":0,"gold_gain":0,"player_choice":"Got Potions","damage_taken":0,"max_hp_gain":0,"max_hp_loss":0,"event_name":"Lab","floor":11,"gold_loss":0},{"damage_healed":28,"gold_gain":0,"player_choice":"Heal","damage_taken":0,"max_hp_gain":0,"max_hp_loss":0,"event_name":"The Library","floor":21,"gold_loss":0},{"damage_healed":0,"gold_gain":0,"player_choice":"Copied","damage_taken":0,"max_hp_gain":0,"max_hp_loss":0,"event_name":"Duplicator","floor":22,"gold_loss":0,"cards_obtained":["Searing Blow"]}],"is_beta":true,"boss_relics":[{"not_picked":["Lizard Tail","Busted Crown"],"picked":"White Beast Statue"}],"items_purged_floors":[20,29],"is_endless":false,"potions_floor_spawned":[14,16,18,19,24,28,31],"killed_by":"Collector","ascension_level":7}