{"gold_per_floor":[116,136,136,136,156,156,180,180,180,194,66,80,99,142,142,231,231,231],"floor_reached":18,"playtime":1424,"items_purged":[],"score":350,"play_id":"f1b445a6-110c-44fc-998d-f4714d510bba","local_time":"20181203112315","is_ascension_mode":true,"campfire_choices":[{"data":"Buffer","floor":6,"key":"SMITH"},{"data":"Zap","floor":8,"key":"SMITH"},{"floor":15,"key":"REST"}],"neow_cost":"NONE","seed_source_timestamp":1531363377050603,"circlet_count":0,"master_deck":["AscendersBane","Strike_B","Strike_B","Strike_B","Strike_B","Defend_B","Defend_B","Defend_B","Defend_B","Zap+1","Dualcast","Sunder","Go for the Eyes","Buffer+1","Hologram","Chill","Echo Form","Auto Shields","Fission"],"relics":["Cracked Core","Golden Idol","Question Card","Vajra","Anchor","Cursed Key"],"potions_floor_usage":[13,14],"damage_taken":[{"damage":9,"enemies":"Jaw Worm","floor":1,"turns":4},{"damage":5,"enemies":"Small Slimes","floor":2,"turns":3},{"damage":0,"enemies":"Cultist","floor":5,"turns":2},{"damage":3,"enemies":"Exordium Thugs","floor":7,"turns":4},{"damage":0,"enemies":"3 Louse","floor":10,"turns":4},{"damage":9,"enemies":"Red Slaver","floor":12,"turns":3},{"damage":0,"enemies":"Looter","floor":13,"turns":2},{"damage":0,"enemies":"Gremlin Nob","floor":14,"turns":5},{"damage":26,"enemies":"Slime Boss","floor":16,"turns":8},{"damage":11,"enemies":"Spheric Guardian","floor":18,"turns":4}],"seed_played":"-5866881010515851431","potions_obtained":[{"floor":1,"key":"SneckoOil"},{"floor":2,"key":"LiquidBronze"},{"floor":12,"key":"FocusPotion"},{"floor":13,"key":"Energy Potion"},{"floor":14,"key":"Energy Potion"}],"is_trial":false,"path_per_floor":["M","M","?","?","M","R","M","R","T","M","$","M","M","E","R","B",null,"M"],"character_chosen":"DEFECT","items_purchased":["Chill","Block Potion"],"campfire_rested":1,"item_purchase_floors":[11,11],"current_hp_per_floor":[62,57,57,31,31,31,28,28,28,28,28,19,19,19,40,14,57,46],"gold":231,"neow_bonus":"TEN_PERCENT_HP_BONUS","is_prod":false,"is_daily":false,"chose_seed":false,"campfire_upgraded":2,"win_rate":0,"timestamp":1543864995,"path_taken":["M","M","?","?","M","R","M","R","T","M","$","M","M","E","R","BOSS","M"],"build_version":"2018-11-15","purchased_purges":0,"victory":false,"max_hp_per_floor":[78,78,71,71,71,71,71,71,71,71,71,71,71,71,71,71,71,71],"card_choices":[{"not_picked":["Leap","Auto Shields"],"picked":"Sunder","floor":1},{"not_picked":["Beam Cell","Gash"],"picked":"Go for the Eyes","floor":2},{"not_picked":["Hologram","Recycle","Rebound"],"picked":"Buffer","floor":5},{"not_picked":["Melter","Aggregate","Leap"],"picked":"Hologram","floor":7},{"not_picked":["Turbo","Fusion","Reprogram","Go for the Eyes"],"picked":"SKIP","floor":10},{"not_picked":["Steam","Coolheaded","Beam Cell"],"picked":"Echo Form","floor":12},{"not_picked":["Streamline","Redo","Static Discharge","Reprogram"],"picked":"SKIP","floor":13},{"not_picked":["Beam Cell","Steam Power","Chaos"],"picked":"Auto Shields","floor":14},{"not_picked":["Meteor Strike","Thunder Strike","Rainbow"],"picked":"Fission","floor":16}],"player_experience":1531045,"relics_obtained":[{"floor":9,"key":"Vajra"},{"floor":14,"key":"Anchor"}],"event_choices":[{"damage_healed":0,"gold_gain":0,"player_choice":"Lose Max HP","damage_taken":0,"relics_obtained":["Golden Idol"],"max_hp_gain":0,"max_hp_loss":7,"event_name":"Golden Idol","floor":3,"gold_loss":0},{"damage_healed":0,"gold_gain":0,"player_choice":"Success","damage_taken":26,"relics_obtained":["Question Card"],"max_hp_gain":0,"max_hp_loss":0,"event_name":"Scrap Ooze","floor":4,"gold_loss":0}],"is_beta":false,"boss_relics":[{"not_picked":["Empty Cage","Pandora\u0027s Box"],"picked":"Cursed Key"}],"items_purged_floors":[],"is_endless":false,"potions_floor_spawned":[1,2,12,13,14],"killed_by":"Spheric Guardian","ascension_level":17}