{"gold_per_floor":[114,114,124,140,140,140,175,190,190,217,217,227,227,227,227,227],"floor_reached":16,"playtime":532,"items_purged":[],"score":209,"play_id":"9c37e0d8-55d9-4597-b350-dade23174359","local_time":"20181210232538","is_ascension_mode":true,"campfire_choices":[{"data":"Quick Slash","floor":6,"key":"SMITH"},{"floor":13,"key":"REST"},{"data":"Reflex","floor":15,"key":"SMITH"}],"neow_cost":"NONE","seed_source_timestamp":1085296510053473,"circlet_count":0,"master_deck":["AscendersBane","Defend_G+1","Defend_G","Defend_G","Defend_G","Defend_G","Strike_G","Strike_G","Strike_G+1","Strike_G","Strike_G","Survivor","Neutralize+1","Quick Slash+1","Dagger Throw+1","Quick Slash","Tactician","Reflex+1","Tools of the Trade","Reflex","Injury"],"relics":["Ring of the Snake","NeowsBlessing","PreservedInsect","Blood Vial","Sundial","Golden Idol"],"potions_floor_usage":[7,16],"damage_taken":[{"damage":0,"enemies":"Small Slimes","floor":1,"turns":1},{"damage":0,"enemies":"Cultist","floor":3,"turns":1},{"damage":0,"enemies":"Jaw Worm","floor":4,"turns":1},{"damage":19,"enemies":"Lagavulin","floor":7,"turns":5},{"damage":3,"enemies":"Looter","floor":8,"turns":3},{"damage":10,"enemies":"3 Sentries","floor":10,"turns":6},{"damage":1,"enemies":"2 Fungi Beasts","floor":12,"turns":2},{"damage":36,"enemies":"The Guardian","floor":16,"turns":11}],"seed_played":"3674383203386747397","potions_obtained":[{"floor":4,"key":"Explosive Potion"},{"floor":7,"key":"Swift Potion"},{"floor":10,"key":"Weak Potion"}],"is_trial":false,"path_per_floor":["M","?","M","M","?","R","E","M","T","E","?","M","R","?","R","B"],"character_chosen":"THE_SILENT","items_purchased":[],"campfire_rested":1,"item_purchase_floors":[],"current_hp_per_floor":[59,59,59,59,59,59,40,37,37,29,9,10,29,29,29,0],"gold":227,"neow_bonus":"THREE_ENEMY_KILL","is_prod":false,"is_daily":false,"chose_seed":false,"campfire_upgraded":2,"win_rate":0,"timestamp":1544513138,"path_taken":["M","?","M","?","?","R","E","?","T","E","?","M","R","?","R","BOSS"],"build_version":"2018-12-06","purchased_purges":0,"victory":false,"max_hp_per_floor":[66,66,66,66,66,66,66,66,66,66,66,66,66,66,66,66],"card_choices":[{"not_picked":["Flying Knee","Crippling Poison"],"picked":"Quick Slash","floor":1},{"not_picked":["Blur","Crippling Poison"],"picked":"Dagger Throw","floor":3},{"not_picked":["PiercingWail","Distraction"],"picked":"Quick Slash","floor":4},{"not_picked":["Masterful Stab","Dagger Throw"],"picked":"Tactician","floor":7},{"not_picked":["Slice","Blade Dance"],"picked":"Reflex","floor":8},{"not_picked":["Bouncing Flask","Storm of Steel"],"picked":"Tools of the Trade","floor":10},{"not_picked":["Flechettes","Sucker Punch"],"picked":"Reflex","floor":12}],"player_experience":968786,"relics_obtained":[{"floor":7,"key":"PreservedInsect"},{"floor":9,"key":"Blood Vial"},{"floor":10,"key":"Sundial"}],"event_choices":[{"damage_healed":0,"gold_gain":0,"player_choice":"Upgraded","damage_taken":0,"max_hp_gain":0,"max_hp_loss":0,"event_name":"Upgrade Shrine","floor":2,"gold_loss":0,"cards_upgraded":["Neutralize"]},{"damage_healed":0,"gold_gain":0,"player_choice":"Forge","damage_taken":0,"max_hp_gain":0,"max_hp_loss":0,"event_name":"Accursed Blacksmith","floor":5,"gold_loss":0,"cards_upgraded":["Dagger Throw"]},{"damage_healed":0,"gold_gain":0,"player_choice":"Entered Light","damage_taken":20,"max_hp_gain":0,"max_hp_loss":0,"event_name":"Shining Light","floor":11,"gold_loss":0,"cards_upgraded":["Defend_G","Strike_G"]},{"damage_healed":0,"gold_gain":0,"player_choice":"Take Wound","damage_taken":0,"relics_obtained":["Golden Idol"],"max_hp_gain":0,"max_hp_loss":0,"event_name":"Golden Idol","floor":14,"gold_loss":0,"cards_obtained":["Injury"]}],"is_beta":true,"boss_relics":[],"items_purged_floors":[],"is_endless":false,"potions_floor_spawned":[4,7,10],"killed_by":"The Guardian","ascension_level":18}