{"gold_per_floor":[114,127,4,4,4,4,23,23,23,23,38,51,16,16,16,121,121,138,118,18,29,43,43,53,65,90,201,247,39,39,59,59,59],"floor_reached":33,"playtime":3139,"items_purged":["Wraith Form v2","Strike_G","Strike_G"],"score":239,"play_id":"eddd9ea6-b4cc-442d-bd93-9791af331e83","local_time":"20190202122830","is_ascension_mode":false,"campfire_choices":[{"data":"Outmaneuver","floor":6.0,"key":"SMITH"},{"data":"Acrobatics","floor":8.0,"key":"SMITH"},{"data":"Flying Knee","floor":10.0,"key":"SMITH"},{"data":"Acrobatics","floor":15.0,"key":"SMITH"},{"floor":23.0,"key":"REST"},{"floor":32,"key":"REST"}],"neow_cost":"NONE","seed_source_timestamp":0,"circlet_count":0,"master_deck":["Defend_G","Defend_G","Defend_G","Defend_G","Defend_G","Strike_G","Strike_G","Strike_G","Survivor","Neutralize","Outmaneuver+1","Acrobatics+1","Flying Knee+1","After Image","Acrobatics+1","After Image","Deflect","Deadly Poison","Footwork","Dash","After Image","Dodge and Roll","Prepared+1","Noxious Fumes","Deadly Poison","Poisoned Stab"],"special_seed":0,"relics":["Ring of the Snake","Peace Pipe","Blue Candle","Sozu","MawBank","Red Mask"],"potions_floor_usage":[],"damage_taken":[{"damage":1.0,"enemies":"Cultist","floor":1.0,"turns":6.0},{"damage":12.0,"enemies":"Jaw Worm","floor":2.0,"turns":9.0},{"damage":1.0,"enemies":"2 Louse","floor":7.0,"turns":3.0},{"damage":7.0,"enemies":"Large Slime","floor":11.0,"turns":7.0},{"damage":6.0,"enemies":"2 Fungi Beasts","floor":12.0,"turns":5.0},{"damage":27.0,"enemies":"The Guardian","floor":16.0,"turns":18.0},{"damage":2.0,"enemies":"Chosen","floor":18.0,"turns":7.0},{"damage":19.0,"enemies":"2 Thieves","floor":19.0,"turns":4.0},{"damage":21.0,"enemies":"Snecko","floor":21.0,"turns":7.0},{"damage":10.0,"enemies":"Centurion and Healer","floor":22.0,"turns":13.0},{"damage":6.0,"enemies":"Shelled Parasite and Fungi","floor":24.0,"turns":9.0},{"damage":1.0,"enemies":"3 Cultists","floor":25.0,"turns":9.0},{"damage":24.0,"enemies":"Masked Bandits","floor":28.0,"turns":11.0},{"damage":0.0,"enemies":"Colosseum Slavers","floor":30.0,"turns":8.0},{"damage":0.0,"enemies":"Centurion and Healer","floor":31.0,"turns":9.0},{"damage":30,"enemies":"Collector","floor":33,"turns":11}],"seed_played":"4418080175924646486","potions_obtained":[{"floor":11.0,"key":"EssenceOfSteel"},{"floor":12.0,"key":"EntropicBrew"}],"is_trial":false,"path_per_floor":["M","M","$","T","$","R","M","R","T","R","M","M","?","$","R","B",null,"M","M","$","M","M","R","M","M","T","?","?","$","?","M","R","B"],"character_chosen":"THE_SILENT","items_purchased":["Acrobatics","Noxious Fumes","Deadly Poison"],"campfire_rested":2,"item_purchase_floors":[3,29,29],"current_hp_per_floor":[69,57,57,57,57,57,56,56,56,56,49,43,60,60,60,48,70,68,49,49,28,18,39,33,32,32,32,8,8,8,8,29,0],"gold":59,"neow_bonus":"ONE_RANDOM_RARE_CARD","is_prod":false,"is_daily":false,"chose_seed":false,"campfire_upgraded":4,"win_rate":0.0,"timestamp":1549132110,"path_taken":["M","M","$","?","$","R","M","R","T","R","M","M","?","?","R","BOSS","M","M","$","M","M","R","M","?","T","?","?","$","?","M","R","BOSS"],"build_version":"2019-01-23","purchased_purges":3,"victory":false,"max_hp_per_floor":[70,70,70,70,70,70,70,70,70,70,70,70,70,70,70,70,70,70,70,70,70,70,70,70,70,70,70,70,70,70,70,70,70],"card_choices":[{"not_picked":["Sucker Punch","Prepared"],"picked":"Outmaneuver","floor":1.0},{"not_picked":["Riddle With Holes","Bane","Endless Agony"],"picked":"SKIP","floor":2.0},{"not_picked":["Eviscerate","Terror"],"picked":"Flying Knee","floor":7.0},{"not_picked":["Outmaneuver","Predator"],"picked":"After Image","floor":11.0},{"not_picked":["Sucker Punch","Slice"],"picked":"Acrobatics","floor":12.0},{"not_picked":["Wraith Form v2","Die Die Die"],"picked":"After Image","floor":16.0},{"not_picked":["Endless Agony","Dagger Spray"],"picked":"Deflect","floor":18.0},{"not_picked":["Choke","Flying Knee+1"],"picked":"Deadly Poison","floor":19.0},{"not_picked":["PiercingWail","Deadly Poison+1"],"picked":"Footwork","floor":21.0},{"not_picked":["Sucker Punch+1","Blade Dance"],"picked":"Dash","floor":22.0},{"not_picked":["Underhanded Strike","Dodge and Roll"],"picked":"After Image","floor":24.0},{"not_picked":["Infinite Blades","Sucker Punch"],"picked":"Dodge and Roll","floor":25.0},{"not_picked":["Backflip","Poisoned Stab"],"picked":"Prepared+1","floor":28.0},{"not_picked":["Sucker Punch+1","Dagger Spray"],"picked":"Poisoned Stab","floor":31.0}],"player_experience":94091,"relics_obtained":[{"floor":4.0,"key":"Peace Pipe"},{"floor":9.0,"key":"Blue Candle"},{"floor":26.0,"key":"MawBank"},{"floor":28.0,"key":"Red Mask"}],"event_choices":[{"damage_healed":17.0,"max_hp_gain":0.0,"max_hp_loss":0.0,"gold_gain":0.0,"event_name":"The Cleric","player_choice":"Healed","floor":13.0,"gold_loss":35.0,"damage_taken":0.0},{"damage_healed":0.0,"max_hp_gain":0.0,"max_hp_loss":0.0,"gold_gain":99.0,"event_name":"Nest","player_choice":"Stole From Cult","floor":27.0,"gold_loss":0.0,"damage_taken":0.0},{"damage_healed":0.0,"max_hp_gain":0.0,"max_hp_loss":0.0,"gold_gain":0.0,"event_name":"Masked Bandits","player_choice":"Fought Bandits","floor":28.0,"gold_loss":0.0,"damage_taken":0.0},{"damage_healed":0.0,"max_hp_gain":0.0,"max_hp_loss":0.0,"gold_gain":0.0,"event_name":"Colosseum","player_choice":"Fight","floor":30.0,"gold_loss":0.0,"damage_taken":0.0},{"damage_healed":0.0,"max_hp_gain":0.0,"max_hp_loss":0.0,"gold_gain":0.0,"event_name":"Colosseum","player_choice":"Fled From Nobs","floor":30.0,"gold_loss":0.0,"damage_taken":0.0}],"is_beta":false,"boss_relics":[{"not_picked":["Runic Pyramid","Black Star"],"picked":"Sozu"}],"items_purged_floors":[3,20,29],"is_endless":false,"potions_floor_spawned":[11,12,18,19,30,31],"killed_by":"Collector","ascension_level":0}