{"gold_per_floor":[113,123,139,214,83,112,112,141,189,189,218,235,251,266,266,361,361,371,371,385,405,504,529,529,560,560,588,627,649,688,711,723,735],"floor_reached":33,"playtime":3204,"items_purged":[],"score":366,"play_id":"8f62680f-b46c-40f9-b981-a7b268bde797","local_time":"20181210233700","is_ascension_mode":true,"campfire_choices":[{"data":"Poisoned Stab","floor":7.0,"key":"SMITH"},{"floor":10.0,"key":"RECALL"},{"data":"Poisoned Stab","floor":15.0,"key":"SMITH"},{"data":"Glass Knife","floor":24.0,"key":"SMITH"},{"data":"Poisoned Stab","floor":32.0,"key":"SMITH"}],"neow_cost":"NONE","seed_source_timestamp":258637524007547,"circlet_count":0,"master_deck":["Defend_G","Defend_G","Defend_G","Strike_G","Strike_G","Strike_G","Strike_G","Survivor","Neutralize","Poisoned Stab+1","Dagger Throw","Backstab","Poisoned Stab+1","PiercingWail","Crippling Poison","Bullet Time","Bane","Deflect","Glass Knife+1","Crippling Poison+1","Crippling Poison+1","Caltrops+1","Dagger Spray+1","PiercingWail+1","Cloak And Dagger+1","Deadly Poison","Poisoned Stab+1","Sucker Punch","Burst","Dagger Throw","Prepared","Acrobatics+1"],"special_seed":0,"relics":["Ring of the Snake","Blood Vial","Sundial","Orichalcum","The Courier","Bag of Preparation","Astrolabe","Du-Vu Doll","Ninja Scroll","MawBank","Vajra","Omamori"],"potions_floor_usage":[33],"damage_taken":[{"damage":0.0,"enemies":"Small Slimes","floor":1.0,"turns":3.0},{"damage":0.0,"enemies":"2 Louse","floor":2.0,"turns":2.0},{"damage":0.0,"enemies":"Cultist","floor":3.0,"turns":3.0},{"damage":11.0,"enemies":"3 Sentries","floor":6.0,"turns":9.0},{"damage":8.0,"enemies":"Lagavulin","floor":8.0,"turns":6.0},{"damage":9.0,"enemies":"Gremlin Nob","floor":11.0,"turns":4.0},{"damage":1.0,"enemies":"Looter","floor":12.0,"turns":2.0},{"damage":0.0,"enemies":"3 Louse","floor":13.0,"turns":2.0},{"damage":0.0,"enemies":"Large Slime","floor":14.0,"turns":4.0},{"damage":8.0,"enemies":"Hexaghost","floor":16.0,"turns":8.0},{"damage":0.0,"enemies":"Shell Parasite","floor":18.0,"turns":2.0},{"damage":0.0,"enemies":"Chosen","floor":20.0,"turns":4.0},{"damage":0.0,"enemies":"Centurion and Healer","floor":21.0,"turns":4.0},{"damage":2.0,"enemies":"Gremlin Leader","floor":23.0,"turns":5.0},{"damage":8.0,"enemies":"Slavers","floor":25.0,"turns":4.0},{"damage":0.0,"enemies":"Chosen and Byrds","floor":27.0,"turns":4.0},{"damage":1.0,"enemies":"Gremlin Leader","floor":28.0,"turns":4.0},{"damage":0.0,"enemies":"Sentry and Sphere","floor":29.0,"turns":2.0},{"damage":20.0,"enemies":"Book of Stabbing","floor":30.0,"turns":5.0},{"damage":3.0,"enemies":"Centurion and Healer","floor":31.0,"turns":3.0},{"damage":86,"enemies":"Champ","floor":33,"turns":9}],"seed_played":"-3886711822876769199","potions_obtained":[{"floor":3.0,"key":"EssenceOfSteel"},{"floor":8.0,"key":"Regen Potion"},{"floor":13.0,"key":"Swift Potion"},{"floor":16.0,"key":"Regen Potion"},{"floor":20.0,"key":"Dexterity Potion"},{"floor":21.0,"key":"SkillPotion"},{"floor":25.0,"key":"Explosive Potion"},{"floor":30.0,"key":"FairyPotion"}],"is_trial":false,"path_per_floor":["M","M","M","?","?","E","R","E","T","R","E","M","M","M","R","B",null,"M","?","M","M","?","E","R","E","T","M","E","M","E","M","R","B"],"character_chosen":"THE_SILENT","items_purchased":[],"campfire_rested":0,"item_purchase_floors":[],"current_hp_per_floor":[70,70,70,59,59,50,50,44,44,44,49,50,52,54,54,48,70,70,70,70,70,70,68,68,62,62,64,65,67,61,60,60,0],"gold":735,"neow_bonus":"RANDOM_COMMON_RELIC","is_prod":false,"is_daily":false,"chose_seed":false,"campfire_upgraded":4,"win_rate":0,"timestamp":1544503020,"path_taken":["M","M","M","?","?","E","R","E","T","R","E","M","M","M","R","BOSS","M","?","M","M","?","E","R","E","T","M","E","M","E","M","R","BOSS"],"build_version":"2018-12-06","purchased_purges":0,"victory":false,"max_hp_per_floor":[70,70,70,70,70,70,70,70,70,70,70,70,70,70,70,70,70,70,70,70,70,70,70,70,70,70,70,70,70,70,70,70,70],"card_choices":[{"not_picked":["Expertise","Backflip"],"picked":"Poisoned Stab","floor":1.0},{"not_picked":["Dash","Poisoned Stab"],"picked":"Dagger Throw","floor":2.0},{"not_picked":["Bane","Prepared"],"picked":"Backstab","floor":3.0},{"not_picked":["Infinite Blades","Dagger Spray"],"picked":"Poisoned Stab","floor":6.0},{"not_picked":["Reflex","Outmaneuver"],"picked":"PiercingWail","floor":8.0},{"not_picked":["Calculated Gamble","Quick Slash"],"picked":"Crippling Poison","floor":11.0},{"not_picked":["Eviscerate","Dash"],"picked":"Bullet Time","floor":12.0},{"not_picked":["Deflect","PiercingWail"],"picked":"Bane","floor":13.0},{"not_picked":["Dagger Throw","Backflip"],"picked":"Deflect","floor":14.0},{"not_picked":["Phantasmal Killer","Wraith Form v2"],"picked":"Glass Knife","floor":16.0},{"not_picked":["Prepared","PiercingWail"],"picked":"Dagger Spray+1","floor":18.0},{"not_picked":["Predator","Poisoned Stab"],"picked":"PiercingWail+1","floor":20.0},{"not_picked":["Masterful Stab","Setup+1"],"picked":"Cloak And Dagger+1","floor":21.0},{"not_picked":["Acrobatics","Reflex"],"picked":"Deadly Poison","floor":23.0},{"not_picked":["Concentrate+1","Slice"],"picked":"Poisoned Stab","floor":25.0},{"not_picked":["Deadly Poison","Caltrops"],"picked":"Sucker Punch","floor":27.0},{"not_picked":["Night Terror","Bouncing Flask"],"picked":"Burst","floor":28.0},{"not_picked":["Underhanded Strike+1","Cloak And Dagger"],"picked":"Dagger Throw","floor":29.0},{"not_picked":["Deadly Poison","Slice"],"picked":"Prepared","floor":30.0},{"not_picked":["Quick Slash","Dagger Throw"],"picked":"Acrobatics+1","floor":31.0}],"player_experience":178313,"relics_obtained":[{"floor":6.0,"key":"Orichalcum"},{"floor":8.0,"key":"The Courier"},{"floor":11.0,"key":"Bag of Preparation"},{"floor":23.0,"key":"Du-Vu Doll"},{"floor":25.0,"key":"Ninja Scroll"},{"floor":26.0,"key":"MawBank"},{"floor":28.0,"key":"Vajra"},{"floor":30.0,"key":"Omamori"}],"event_choices":[{"damage_healed":0.0,"max_hp_gain":0.0,"max_hp_loss":0.0,"gold_gain":75.0,"event_name":"World of Goop","player_choice":"Gather Gold","floor":4.0,"gold_loss":0.0,"damage_taken":11.0},{"damage_healed":0.0,"max_hp_gain":0.0,"max_hp_loss":0.0,"gold_gain":0.0,"event_name":"WeMeetAgain","player_choice":"Paid Gold","floor":5.0,"gold_loss":131.0,"damage_taken":0.0,"relics_obtained":["Sundial"]},{"damage_healed":0.0,"max_hp_gain":0.0,"max_hp_loss":0.0,"gold_gain":0.0,"event_name":"Ghosts","player_choice":"Ignored","floor":19.0,"gold_loss":0.0,"damage_taken":0.0},{"damage_healed":0.0,"max_hp_gain":0.0,"max_hp_loss":0.0,"gold_gain":99.0,"event_name":"Nest","player_choice":"Stole From Cult","floor":22.0,"gold_loss":0.0,"damage_taken":0.0}],"is_beta":false,"boss_relics":[{"not_picked":["Busted Crown","Tiny House"],"picked":"Astrolabe"}],"items_purged_floors":[],"is_endless":false,"potions_floor_spawned":[3,8,13,16,20,21,25,27,29,30],"killed_by":"Champ","ascension_level":1}