{"gold_per_floor":[109,109,126,201,201,201,229,229,253,270,270,299,315,342,342,443,443,455,455,475,494,93,93,110,110,163,195,195,195,195,205,205,310,310,322,0,16,0,0,26,38,62,74,86,98,10,310,325,325,325],"floor_reached":51,"playtime":2769,"items_purged":["Strike_B","Zap"],"score":864,"play_id":"eb0c4a7e-946c-4e3c-b834-cd31c4c810bb","local_time":"20181229183816","is_ascension_mode":true,"campfire_choices":[{"data":"Sweeping Beam","floor":6,"key":"SMITH"},{"data":"Cold Snap","floor":8,"key":"SMITH"},{"floor":11,"key":"REST"},{"floor":15,"key":"REST"},{"data":"Seek","floor":23,"key":"SMITH"},{"data":"Hologram","floor":25,"key":"SMITH"},{"data":"Reboot","floor":28,"key":"SMITH"},{"floor":32,"key":"REST"},{"floor":41,"key":"REST"},{"data":"Creative AI","floor":44,"key":"SMITH"},{"floor":49,"key":"REST"}],"neow_cost":"NONE","seed_source_timestamp":733151067772341,"circlet_count":0,"master_deck":["Strike_B+1","Defend_B+1","Defend_B+1","Defend_B+1","Zap+1","Sweeping Beam+1","Cold Snap+1","Hologram+1","Leap","Seek+1","Cold Snap+1","Ball Lightning+1","Lockon+1","Conserve Battery+1","Beam Cell+1","Reboot+1","Leap+1","Buffer+1","Defragment+1","Coolheaded+1","Chill+1","Hologram+1","Defragment","Genetic Algorithm+1","Creative AI+1","Compile Driver+1","Barrage+1","Turbo+1"],"relics":["Cracked Core","Kunai","Orichalcum","Bag of Preparation","Omamori","Oddly Smooth Stone","Nuclear Battery","Blood Vial","Potion Belt","War Paint","Letter Opener","Lantern","Astrolabe","Mummified Hand","Red Mask","MawBank","Whetstone","Old Coin"],"potions_floor_usage":[16,33,33,33,50,50,50,50],"damage_taken":[{"damage":1,"enemies":"Cultist","floor":1,"turns":3},{"damage":4,"enemies":"Jaw Worm","floor":3,"turns":3},{"damage":25,"enemies":"Lagavulin","floor":7,"turns":6},{"damage":0,"enemies":"2 Louse","floor":10,"turns":2},{"damage":18,"enemies":"Gremlin Nob","floor":12,"turns":5},{"damage":3,"enemies":"Looter","floor":13,"turns":2},{"damage":46,"enemies":"Hexaghost","floor":16,"turns":13},{"damage":0,"enemies":"3 Byrds","floor":18,"turns":4},{"damage":8,"enemies":"Shell Parasite","floor":20,"turns":5},{"damage":14,"enemies":"Shelled Parasite and Fungi","floor":21,"turns":6},{"damage":14,"enemies":"Snake Plant","floor":24,"turns":4},{"damage":17,"enemies":"Book of Stabbing","floor":27,"turns":5},{"damage":0,"enemies":"Cultist and Chosen","floor":31,"turns":4},{"damage":36,"enemies":"Automaton","floor":33,"turns":9},{"damage":0,"enemies":"3 Shapes","floor":35,"turns":3},{"damage":0,"enemies":"3 Darklings","floor":37,"turns":3},{"damage":58,"enemies":"Nemesis","floor":40,"turns":7},{"damage":9,"enemies":"Writhing Mass","floor":42,"turns":6},{"damage":0,"enemies":"Maw","floor":48,"turns":8},{"damage":34,"enemies":"Awakened One","floor":50,"turns":10}],"seed_played":"-3215303223718470270","potions_obtained":[{"floor":3,"key":"Regen Potion"},{"floor":10,"key":"Dexterity Potion"},{"floor":12,"key":"FocusPotion"},{"floor":18,"key":"FocusPotion"},{"floor":24,"key":"SpeedPotion"},{"floor":33,"key":"FocusPotion"},{"floor":40,"key":"Explosive Potion"},{"floor":42,"key":"Energy Potion"}],"is_trial":false,"path_per_floor":["M","?","M","?","T","R","E","R","T","M","R","E","M","T","R","B",null,"M","?","M","M","$","R","M","R","T","E","R","?","T","M","R","B",null,"M","$","M","?","?","E","R","M","T","R","?","$","T","M","R","B",null],"character_chosen":"DEFECT","items_purchased":["Blood Vial","Conserve Battery","Potion Belt","Mummified Hand","Defragment"],"campfire_rested":5,"item_purchase_floors":[22,22,22,36,36],"current_hp_per_floor":[74,67,63,52,52,52,27,27,27,27,49,31,28,28,50,19,61,61,61,53,39,39,39,27,27,27,12,12,12,12,14,36,2,57,59,59,61,61,61,5,27,20,20,20,20,20,20,22,44,12],"gold":325,"neow_bonus":"UPGRADE_CARD","is_prod":false,"is_daily":false,"chose_seed":false,"campfire_upgraded":6,"win_rate":0,"timestamp":1546130296,"path_taken":["M","?","M","?","?","R","E","R","T","M","R","E","M","?","R","BOSS","M","?","M","?","$","R","M","R","T","E","R","?","?","M","R","BOSS","M","$","M","?","?","E","R","?","T","R","?","$","?","M","R","BOSS"],"build_version":"2018-12-20","purchased_purges":2,"victory":true,"max_hp_per_floor":[75,75,75,75,75,75,75,75,75,75,75,75,75,75,75,75,75,75,75,75,75,75,75,75,75,75,75,75,75,75,75,75,75,75,75,75,75,75,75,75,75,75,75,75,75,75,75,75,75,75],"card_choices":[{"not_picked":["Stack","Reprogram"],"picked":"Sweeping Beam","floor":1},{"not_picked":["Rip and Tear","Streamline"],"picked":"Cold Snap","floor":3},{"not_picked":["Steam","Aggregate"],"picked":"Coolheaded","floor":7},{"not_picked":["Streamline","Rip and Tear"],"picked":"Hologram","floor":10},{"not_picked":["Rainbow","Coolheaded","Stack"],"picked":"SKIP","floor":12},{"not_picked":["Recycle","Hologram"],"picked":"Leap","floor":13},{"not_picked":["Meteor Strike","Multi-Cast"],"picked":"Seek","floor":16},{"not_picked":["Streamline","Rebound"],"picked":"Cold Snap","floor":18},{"not_picked":["Stack","Rebound"],"picked":"Ball Lightning","floor":20},{"not_picked":["Sweeping Beam","Doom and Gloom+1"],"picked":"Lockon+1","floor":21},{"not_picked":["Fusion","Gash+1"],"picked":"Beam Cell+1","floor":24},{"not_picked":["Recycle","Darkness"],"picked":"Reboot","floor":27},{"not_picked":["Coolheaded+1","Hologram"],"picked":"Leap+1","floor":31},{"not_picked":["Reboot","Machine Learning"],"picked":"Buffer","floor":33},{"not_picked":["Rebound","Go for the Eyes"],"picked":"Hologram+1","floor":35},{"not_picked":["Cold Snap","Undo"],"picked":"Genetic Algorithm+1","floor":37},{"not_picked":["Tempest","Skim+1"],"picked":"Compile Driver+1","floor":40},{"not_picked":["Auto Shields","Go for the Eyes"],"picked":"Barrage+1","floor":42},{"not_picked":["Redo","Fusion"],"picked":"Turbo+1","floor":48}],"player_experience":335869,"relics_obtained":[{"floor":5,"key":"Kunai"},{"floor":7,"key":"Orichalcum"},{"floor":9,"key":"Bag of Preparation"},{"floor":12,"key":"Omamori"},{"floor":14,"key":"Oddly Smooth Stone"},{"floor":26,"key":"War Paint"},{"floor":27,"key":"Letter Opener"},{"floor":30,"key":"Lantern"},{"floor":40,"key":"MawBank"},{"floor":43,"key":"Whetstone"},{"floor":47,"key":"Old Coin"}],"event_choices":[{"cards_removed":["Dualcast"],"damage_healed":0,"gold_gain":0,"player_choice":"Card Removal","damage_taken":7,"max_hp_gain":0,"max_hp_loss":0,"event_name":"Golden Wing","floor":2,"gold_loss":0},{"damage_healed":0,"gold_gain":75,"player_choice":"Gather Gold","damage_taken":11,"max_hp_gain":0,"max_hp_loss":0,"event_name":"World of Goop","floor":4,"gold_loss":0},{"cards_removed":["Strike_B"],"damage_healed":0,"gold_gain":0,"player_choice":"Offered Basic","damage_taken":0,"max_hp_gain":0,"max_hp_loss":0,"event_name":"Bonfire Elementals","floor":19,"gold_loss":0},{"damage_healed":0,"gold_gain":0,"player_choice":"Simplicity","damage_taken":0,"max_hp_gain":0,"max_hp_loss":0,"event_name":"Back to Basics","floor":29,"gold_loss":0,"cards_upgraded":["Strike_B","Strike_B","Defend_B","Defend_B","Defend_B"]},{"damage_healed":0,"gold_gain":0,"player_choice":"Paid","damage_taken":0,"relics_obtained":["Red Mask"],"max_hp_gain":0,"max_hp_loss":0,"event_name":"Tomb of Lord Red Mask","floor":38,"gold_loss":16},{"damage_healed":0,"gold_gain":0,"player_choice":"2 cards matched","damage_taken":0,"max_hp_gain":0,"max_hp_loss":0,"event_name":"Match and Keep!","floor":39,"gold_loss":0,"cards_obtained":["Creative AI","Zap"]},{"damage_healed":0,"gold_gain":0,"player_choice":"Forge","damage_taken":0,"max_hp_gain":0,"max_hp_loss":0,"event_name":"Accursed Blacksmith","floor":45,"gold_loss":0,"cards_upgraded":["Buffer"]}],"is_beta":false,"boss_relics":[{"not_picked":["Runic Pyramid","Calling Bell"],"picked":"Nuclear Battery"},{"not_picked":["Coffee Dripper","FrozenCore"],"picked":"Astrolabe"}],"items_purged_floors":[22,46],"is_endless":false,"potions_floor_spawned":[3,10,12,18,24,33,40,42],"ascension_level":5}