{"gold_per_floor":[111,111,131,56,56,91,91,91,172,172,72,72],"floor_reached":12,"playtime":624,"items_purged":["Pain","Strike_B"],"score":141,"play_id":"8fc6076a-8313-4921-9741-a554ed29f49e","local_time":"20181124173904","is_ascension_mode":true,"campfire_choices":[{"floor":10,"key":"REST"}],"neow_cost":"CURSE","seed_source_timestamp":154349090047782,"circlet_count":0,"master_deck":["AscendersBane","Strike_B","Defend_B","Defend_B","Defend_B","Defend_B","Zap","Dualcast","Leap","Go for the Eyes","Gash","Hologram","Fission"],"relics":["Cracked Core","Golden Idol","Bottled Flame","Bottled Lightning"],"potions_floor_usage":[3],"damage_taken":[{"damage":3,"enemies":"2 Louse","floor":1,"turns":4},{"damage":7,"enemies":"Small Slimes","floor":3,"turns":4},{"damage":27,"enemies":"Lagavulin","floor":6,"turns":9},{"damage":10,"enemies":"3 Sentries","floor":12,"turns":4}],"seed_played":"2114189185255212342","potions_obtained":[{"floor":1,"key":"EssenceOfSteel"}],"is_trial":false,"path_per_floor":["M","?","M","$","?","E","?","?","T","R","$","E"],"character_chosen":"DEFECT","items_purchased":[],"campfire_rested":1,"item_purchase_floors":[],"current_hp_per_floor":[61,37,30,30,30,3,3,3,3,24,24,14],"gold":72,"neow_bonus":"TRANSFORM_TWO_CARDS","is_prod":false,"is_daily":false,"chose_seed":false,"campfire_upgraded":0,"win_rate":0,"timestamp":1543081144,"path_taken":["M","?","M","$","?","E","?","?","T","R","?","E"],"build_version":"2018-11-15","purchased_purges":2,"victory":false,"max_hp_per_floor":[71,71,71,71,71,71,71,71,71,71,71,71],"card_choices":[{"not_picked":["Streamline","Steam"],"picked":"Gash","floor":1},{"not_picked":["Go for the Eyes","Cold Snap"],"picked":"Hologram","floor":3},{"not_picked":["Stack","Compile Driver"],"picked":"Fission","floor":6}],"player_experience":941920,"relics_obtained":[{"floor":6,"key":"Bottled Flame"},{"floor":9,"key":"Bottled Lightning"}],"event_choices":[{"damage_healed":0,"gold_gain":0,"player_choice":"Take Damage","damage_taken":24,"relics_obtained":["Golden Idol"],"max_hp_gain":0,"max_hp_loss":0,"event_name":"Golden Idol","floor":2,"gold_loss":0},{"damage_healed":0,"gold_gain":0,"player_choice":"Ignored","damage_taken":0,"max_hp_gain":0,"max_hp_loss":0,"event_name":"Liars Game","floor":5,"gold_loss":0},{"damage_healed":0,"gold_gain":0,"player_choice":"Ignored","damage_taken":0,"max_hp_gain":0,"max_hp_loss":0,"event_name":"Shining Light","floor":7,"gold_loss":0},{"damage_healed":0,"gold_gain":0,"player_choice":"Fled","damage_taken":0,"max_hp_gain":0,"max_hp_loss":0,"event_name":"Scrap Ooze","floor":8,"gold_loss":0}],"is_beta":true,"boss_relics":[],"items_purged_floors":[4,11],"is_endless":false,"potions_floor_spawned":[1],"killed_by":"3 Sentries","ascension_level":18}