{"gold_per_floor":[20,20,37,54,74,103,121,146,194,213,244,244,244,244,244,342,342,362,26,36,48,60,93,93,26,49,61,92,121,150,190,202,311,323,347,359,383,91,91,124,124,139,185,61,92,192,0,0,0,0],"floor_reached":51,"playtime":2198,"items_purged":["Defend_R"],"score":944,"play_id":"a9af1171-0646-4bdb-b0ec-a8fdc53b7bd3","local_time":"20190206232642","is_ascension_mode":true,"campfire_choices":[{"floor":12.0,"key":"REST"},{"floor":15.0,"key":"REST"},{"floor":24.0,"key":"REST"},{"floor":32.0,"key":"REST"},{"floor":41.0,"key":"REST"},{"data":"Heavy Blade","floor":49,"key":"SMITH"}],"neow_cost":"NO_GOLD","seed_source_timestamp":0,"circlet_count":0,"master_deck":["Strike_R","Strike_R","Defend_R","Defend_R","Bash","Heavy Blade","Cleave","Clothesline","Perfected Strike","Shockwave","Battle Trance","Offering","Anger","Immolate","Searing Blow","Impervious","Twin Strike","Flash of Steel","Headbutt","Spot Weakness+1","Shrug It Off+1","Seeing Red+1","Spot Weakness+1","Infernal Blade+1","Armaments+1","Whirlwind+1","Entrench+1","Impervious+1","Heavy Blade+1","Shrug It Off+1","Secret Technique+1","Inflame","Discovery+1","Sword Boomerang+1"],"special_seed":0,"relics":["Burning Blood","Bronze Scales","Dodecahedron","Oddly Smooth Stone","Paper Frog","Du-Vu Doll","Black Star","Toxic Egg 2","Strawberry","Juzu Bracelet","MawBank","Ancient Tea Set","Omamori","Mark of Pain","CultistMask","Meat on the Bone","Incense Burner","Dream Catcher","Red Skull","Turnip","Mango","Red Mask"],"potions_floor_usage":[45,50],"damage_taken":[{"damage":0.0,"enemies":"2 Louse","floor":1.0,"turns":2.0},{"damage":0.0,"enemies":"Cultist","floor":3.0,"turns":2.0},{"damage":5.0,"enemies":"Small Slimes","floor":4.0,"turns":3.0},{"damage":9.0,"enemies":"Exordium Wildlife","floor":5.0,"turns":4.0},{"damage":17.0,"enemies":"3 Sentries","floor":6.0,"turns":6.0},{"damage":14.0,"enemies":"3 Louse","floor":7.0,"turns":2.0},{"damage":19.0,"enemies":"Gremlin Nob","floor":8.0,"turns":4.0},{"damage":18.0,"enemies":"Lots of Slimes","floor":10.0,"turns":2.0},{"damage":14.0,"enemies":"Lagavulin","floor":11.0,"turns":5.0},{"damage":51.0,"enemies":"The Guardian","floor":16.0,"turns":7.0},{"damage":6.0,"enemies":"Spheric Guardian","floor":18.0,"turns":4.0},{"damage":6.0,"enemies":"Chosen","floor":20.0,"turns":3.0},{"damage":24.0,"enemies":"Sentry and Sphere","floor":21.0,"turns":5.0},{"damage":38.0,"enemies":"Centurion and Healer","floor":22.0,"turns":4.0},{"damage":6.0,"enemies":"Gremlin Leader","floor":23.0,"turns":5.0},{"damage":0.0,"enemies":"3 Cultists","floor":28.0,"turns":2.0},{"damage":7.0,"enemies":"Snecko","floor":29.0,"turns":3.0},{"damage":12.0,"enemies":"Cultist and Chosen","floor":30.0,"turns":5.0},{"damage":30.0,"enemies":"Slavers","floor":31.0,"turns":4.0},{"damage":47.0,"enemies":"Champ","floor":33.0,"turns":10.0},{"damage":0.0,"enemies":"3 Shapes","floor":35.0,"turns":2.0},{"damage":25.0,"enemies":"3 Darklings","floor":37.0,"turns":2.0},{"damage":42.0,"enemies":"Nemesis","floor":40.0,"turns":7.0},{"damage":17.0,"enemies":"4 Shapes","floor":42.0,"turns":3.0},{"damage":33,"enemies":"Reptomancer","floor":45,"turns":6},{"damage":0,"enemies":"Mind Bloom Boss Battle","floor":46,"turns":4},{"damage":72,"enemies":"Donu and Deca","floor":50,"turns":8}],"seed_played":"9211858590777806693","potions_obtained":[{"floor":1.0,"key":"Swift Potion"},{"floor":5.0,"key":"AttackPotion"},{"floor":6.0,"key":"GamblersBrew"},{"floor":8.0,"key":"Swift Potion"},{"floor":11.0,"key":"Strength Potion"},{"floor":16.0,"key":"Ancient Potion"},{"floor":21.0,"key":"Poison Potion"},{"floor":22.0,"key":"SpeedPotion"},{"floor":23.0,"key":"Fruit Juice"},{"floor":29.0,"key":"Regen Potion"},{"floor":33.0,"key":"AttackPotion"},{"floor":37.0,"key":"BloodPotion"},{"floor":40.0,"key":"Swift Potion"},{"floor":45,"key":"GamblersBrew"},{"floor":46,"key":"Regen Potion"}],"is_trial":false,"path_per_floor":["M","?","M","M","M","E","M","E","T","M","E","R","?","T","R","B",null,"M","$","M","M","M","E","R","$","T","?","M","M","M","E","R","B",null,"M","?","M","$","?","E","R","M","T","$","E","?","?","?","R","B",null],"character_chosen":"IRONCLAD","items_purchased":["Flash of Steel","Toxic Egg 2","Spot Weakness+1","Shrug It Off+1","Secret Technique+1","Inflame","Discovery+1"],"campfire_rested":5,"item_purchase_floors":[19,19,25,38,38,44,44],"current_hp_per_floor":[80,80,80,80,77,66,58,45,45,33,25,49,42,42,66,21,80,80,80,80,62,30,42,69,69,69,60,66,65,73,49,76,35,92,92,92,73,73,73,46,73,62,62,62,47,67,67,94,94,55],"gold":0,"neow_bonus":"TRANSFORM_TWO_CARDS","is_prod":false,"is_daily":false,"chose_seed":false,"campfire_upgraded":1,"win_rate":0,"timestamp":1549517202,"path_taken":["M","?","M","M","M","E","?","E","T","M","E","R","?","?","R","BOSS","M","$","M","M","M","E","R","$","T","?","M","M","M","E","R","BOSS","M","?","M","$","?","E","R","M","T","$","E","?","?","?","R","BOSS"],"build_version":"2019-01-23","purchased_purges":1,"victory":true,"max_hp_per_floor":[80,80,80,80,80,80,80,80,80,80,80,80,80,80,80,80,80,80,80,80,80,80,92,92,92,92,92,92,92,92,92,92,92,92,92,92,92,92,92,92,92,92,92,92,92,106,106,106,106,106],"card_choices":[{"not_picked":["Havoc","Clothesline"],"picked":"Cleave","floor":1.0},{"not_picked":["Rage","Fire Breathing"],"picked":"Clothesline","floor":3.0},{"not_picked":["Whirlwind","Twin Strike"],"picked":"Perfected Strike","floor":4.0},{"not_picked":["Wild Strike","Second Wind"],"picked":"Shockwave","floor":5.0},{"not_picked":["Cleave","Heavy Blade"],"picked":"Battle Trance","floor":6.0},{"not_picked":["Burning Pact","Warcry"],"picked":"Offering","floor":7.0},{"not_picked":["Warcry","Rupture"],"picked":"Anger","floor":8.0},{"not_picked":["Thunderclap","Headbutt"],"picked":"Immolate","floor":10.0},{"not_picked":["Headbutt","Havoc"],"picked":"Searing Blow","floor":11.0},{"not_picked":["Double Tap","Reaper"],"picked":"Impervious","floor":16.0},{"not_picked":["Havoc","Clothesline+1"],"picked":"Twin Strike","floor":18.0},{"not_picked":["Anger+1","Corruption+1"],"picked":"Headbutt","floor":20.0},{"not_picked":["Iron Wave","Battle Trance+1"],"picked":"Spot Weakness+1","floor":21.0},{"not_picked":["Entrench+1","Fire Breathing"],"picked":"Shrug It Off+1","floor":22.0},{"not_picked":["Sentinel+1","Heavy Blade"],"picked":"Seeing Red+1","floor":23.0},{"not_picked":["Rampage","Shockwave+1"],"picked":"Infernal Blade+1","floor":28.0},{"not_picked":["Disarm+1","Iron Wave+1"],"picked":"Armaments+1","floor":29.0},{"not_picked":["Iron Wave","Cleave"],"picked":"Whirlwind+1","floor":30.0},{"not_picked":["Spot Weakness+1","Clash"],"picked":"Entrench+1","floor":31.0},{"not_picked":["Juggernaut","Bludgeon"],"picked":"Impervious+1","floor":33.0},{"not_picked":["Perfected Strike+1","Warcry+1"],"picked":"Heavy Blade","floor":35.0},{"not_picked":["Fire Breathing","Clash+1","Warcry+1"],"picked":"SKIP","floor":37.0},{"not_picked":["Sword Boomerang","Twin Strike","Rage+1"],"picked":"SKIP","floor":40.0},{"not_picked":["Feel No Pain","Perfected Strike","Warcry+1"],"picked":"SKIP","floor":42.0},{"not_picked":["Reckless Charge","Second Wind+1","Clothesline"],"picked":"SKIP","floor":45},{"not_picked":["Offering+1","Flex+1"],"picked":"Sword Boomerang+1","floor":46}],"player_experience":123418,"relics_obtained":[{"floor":6.0,"key":"Bronze Scales"},{"floor":8.0,"key":"Dodecahedron"},{"floor":9.0,"key":"Oddly Smooth Stone"},{"floor":11.0,"key":"Paper Frog"},{"floor":14.0,"key":"Du-Vu Doll"},{"floor":23.0,"key":"Strawberry"},{"floor":23.0,"key":"Juzu Bracelet"},{"floor":26.0,"key":"MawBank"},{"floor":31.0,"key":"Ancient Tea Set"},{"floor":31.0,"key":"Omamori"},{"floor":40.0,"key":"Meat on the Bone"},{"floor":40.0,"key":"Incense Burner"},{"floor":43.0,"key":"Dream Catcher"},{"floor":45,"key":"Red Skull"},{"floor":45,"key":"Turnip"},{"floor":46,"key":"Mango"}],"event_choices":[{"cards_removed":["Infernal Blade"],"damage_healed":0.0,"max_hp_gain":0.0,"max_hp_loss":0.0,"gold_gain":0.0,"event_name":"Bonfire Elementals","player_choice":"Offered Uncommon","floor":2.0,"gold_loss":0.0,"damage_taken":0.0},{"cards_removed":["Strike_R"],"damage_healed":0.0,"max_hp_gain":0.0,"max_hp_loss":0.0,"gold_gain":0.0,"event_name":"Golden Wing","player_choice":"Card Removal","floor":13.0,"gold_loss":0.0,"damage_taken":7.0},{"damage_healed":0.0,"max_hp_gain":0.0,"max_hp_loss":0.0,"gold_gain":0.0,"event_name":"Knowing Skull","player_choice":"","floor":27.0,"potions_obtained":[],"gold_loss":0.0,"damage_taken":9.0,"cards_obtained":[]},{"damage_healed":0.0,"max_hp_gain":0.0,"max_hp_loss":0.0,"gold_gain":0.0,"event_name":"FaceTrader","player_choice":"Trade","floor":36.0,"gold_loss":0.0,"damage_taken":0.0,"relics_obtained":["CultistMask"]},{"cards_removed":["Defend_R"],"damage_healed":0.0,"max_hp_gain":0.0,"max_hp_loss":0.0,"gold_gain":0.0,"event_name":"Falling","player_choice":"Removed Skill","floor":39.0,"gold_loss":0.0,"damage_taken":0.0},{"damage_healed":0,"gold_gain":0,"player_choice":"Fight","damage_taken":0,"max_hp_gain":0,"max_hp_loss":0,"event_name":"MindBloom","floor":46,"gold_loss":0},{"damage_healed":0,"gold_gain":0,"player_choice":"Paid","damage_taken":0,"relics_obtained":["Red Mask"],"max_hp_gain":0,"max_hp_loss":0,"event_name":"Tomb of Lord Red Mask","floor":47,"gold_loss":192},{"damage_healed":27,"gold_gain":0,"player_choice":"Writhe","damage_taken":0,"max_hp_gain":0,"max_hp_loss":0,"event_name":"Winding Halls","floor":48,"gold_loss":0,"cards_obtained":["Writhe"]}],"is_beta":false,"boss_relics":[{"not_picked":["Runic Dome","Pandora\u0027s Box"],"picked":"Black Star"},{"not_picked":["Runic Pyramid","Sozu"],"picked":"Mark of Pain"}],"items_purged_floors":[38],"is_endless":false,"potions_floor_spawned":[1,5,6,8,11,16,21,22,23,29,33,37,40,45,46],"ascension_level":2}