{"gold_per_floor":[115,185,199,199,209,209,235,255,255,265,297,310,340,360,360,436,436,449,649,661,188,207,207],"floor_reached":23,"playtime":1886,"items_purged":["Strike_R"],"score":430,"play_id":"cadc09c1-168b-40e6-ba06-6c06f9914c35","local_time":"20190205144923","is_ascension_mode":true,"campfire_choices":[{"data":"Pommel Strike","floor":6.0,"key":"SMITH"},{"data":"Disarm","floor":15,"key":"SMITH"}],"neow_cost":"NONE","seed_source_timestamp":0,"circlet_count":0,"master_deck":["AscendersBane","Strike_R","Defend_R","Defend_R","Defend_R","Defend_R","Bash+1","Flame Barrier","Pommel Strike+1","Cleave","Rampage","Clothesline","Shrug It Off","Body Slam","Disarm+1","Reaper","Flex+1","Pommel Strike+1","Metallicize+1","Pummel","Reaper","Inflame"],"special_seed":0,"relics":["Burning Blood","Thread and Needle","Pantograph","Blue Candle","Shuriken","Astrolabe","Turnip"],"potions_floor_usage":[16,16,23],"damage_taken":[{"damage":6.0,"enemies":"2 Louse","floor":1.0,"turns":3.0},{"damage":0.0,"enemies":"Jaw Worm","floor":3.0,"turns":6.0},{"damage":1.0,"enemies":"Cultist","floor":5.0,"turns":3.0},{"damage":8.0,"enemies":"Gremlin Nob","floor":7.0,"turns":3.0},{"damage":0.0,"enemies":"Large Slime","floor":8.0,"turns":4.0},{"damage":8.0,"enemies":"Lots of Slimes","floor":10.0,"turns":3.0},{"damage":29.0,"enemies":"3 Sentries","floor":11.0,"turns":10.0},{"damage":4.0,"enemies":"Exordium Wildlife","floor":12.0,"turns":4.0},{"damage":32.0,"enemies":"Lagavulin","floor":13.0,"turns":10.0},{"damage":4.0,"enemies":"Large Slime","floor":14.0,"turns":5.0},{"damage":4,"enemies":"Hexaghost","floor":16,"turns":10},{"damage":28,"enemies":"Chosen","floor":18,"turns":8},{"damage":11,"enemies":"3 Byrds","floor":20,"turns":7},{"damage":13,"enemies":"Cultist and Chosen","floor":22,"turns":11},{"damage":59,"enemies":"Slavers","floor":23,"turns":3}],"seed_played":"-6125753978577781246","potions_obtained":[{"floor":4.0,"key":"AttackPotion"},{"floor":4.0,"key":"Weak Potion"},{"floor":7.0,"key":"BloodPotion"},{"floor":13.0,"key":"Strength Potion"},{"floor":14,"key":"PowerPotion"},{"floor":18,"key":"PowerPotion"}],"is_trial":false,"path_per_floor":["M","?","M","?","M","R","E","M","T","M","E","M","E","M","R","B",null,"M","?","M","$","M","E"],"character_chosen":"IRONCLAD","items_purchased":["Reaper","Turnip"],"campfire_rested":0,"item_purchase_floors":[21,21],"current_hp_per_floor":[68,68,74,74,75,75,73,75,75,73,50,52,26,28,28,55,70,48,48,55,55,59,0],"gold":207,"neow_bonus":"UPGRADE_CARD","is_prod":false,"is_daily":false,"chose_seed":false,"campfire_upgraded":2,"win_rate":0,"timestamp":1549396163,"path_taken":["M","?","M","?","M","R","E","M","T","M","E","?","E","M","R","BOSS","M","?","?","$","M","E"],"build_version":"2019-01-23","purchased_purges":1,"victory":false,"max_hp_per_floor":[75,75,75,75,75,75,75,75,75,75,75,75,75,75,75,75,75,75,75,75,75,75,75],"card_choices":[{"not_picked":["Flex","Shockwave"],"picked":"Flame Barrier","floor":1.0},{"not_picked":["Battle Trance","True Grit"],"picked":"Pommel Strike","floor":3.0},{"not_picked":["Dropkick","Armaments"],"picked":"Cleave","floor":5.0},{"not_picked":["Searing Blow","Combust"],"picked":"Rampage","floor":7.0},{"not_picked":["Seeing Red","Pommel Strike"],"picked":"Clothesline","floor":8.0},{"not_picked":["Carnage","Havoc"],"picked":"Shrug It Off","floor":10.0},{"not_picked":["Whirlwind","Rampage"],"picked":"Body Slam","floor":11.0},{"not_picked":["Clothesline","Berserk"],"picked":"Disarm","floor":12.0},{"not_picked":["Wild Strike","Havoc","Clothesline"],"picked":"SKIP","floor":13.0},{"not_picked":["Havoc","Perfected Strike","Clash"],"picked":"SKIP","floor":14},{"not_picked":["Double Tap","Immolate"],"picked":"Reaper","floor":16},{"not_picked":["Combust","Body Slam"],"picked":"Pummel","floor":18},{"not_picked":["Corruption","Fire Breathing","Whirlwind"],"picked":"SKIP","floor":20},{"not_picked":["Entrench","Warcry+1"],"picked":"Inflame","floor":22}],"player_experience":1182587,"relics_obtained":[{"floor":7.0,"key":"Thread and Needle"},{"floor":9.0,"key":"Pantograph"},{"floor":11.0,"key":"Blue Candle"},{"floor":13.0,"key":"Shuriken"}],"event_choices":[{"damage_healed":0.0,"max_hp_gain":0.0,"max_hp_loss":0.0,"gold_gain":70.0,"event_name":"Golden Wing","player_choice":"Gained Gold","floor":2.0,"gold_loss":0.0,"damage_taken":0.0},{"damage_healed":0.0,"max_hp_gain":0.0,"max_hp_loss":0.0,"gold_gain":0.0,"event_name":"Lab","player_choice":"Got Potions","floor":4.0,"gold_loss":0.0,"damage_taken":0.0},{"damage_healed":0,"gold_gain":250,"player_choice":"Bet on Owner","damage_taken":0,"max_hp_gain":0,"max_hp_loss":0,"event_name":"The Joust","floor":19,"gold_loss":50}],"is_beta":false,"boss_relics":[{"not_picked":["Velvet Choker","Eternal Feather"],"picked":"Astrolabe"}],"items_purged_floors":[21],"is_endless":false,"potions_floor_spawned":[5,7,12,13,14,18],"killed_by":"Slavers","ascension_level":20}