{"gold_per_floor":[119,135,146,158,24,24,24,51,51,71,90,104,104,116,116,190,190,200,200,200,200,217,217,249,249,249,267,280,298,298],"floor_reached":30,"playtime":1621,"items_purged":["Strike_G"],"score":499,"play_id":"b612b8ab-af0d-4016-bf6e-6383d261d567","local_time":"20190124023917","is_ascension_mode":true,"campfire_choices":[{"data":"Sucker Punch","floor":6.0,"key":"SMITH"},{"data":"Noxious Fumes","floor":13.0,"key":"SMITH"},{"data":"Footwork","floor":15.0,"key":"SMITH"},{"data":"Bullet Time","floor":23,"key":"SMITH"},{"floor":25,"key":"REST"}],"neow_cost":"NONE","seed_source_timestamp":0,"circlet_count":0,"master_deck":["AscendersBane","Defend_G+1","Defend_G+1","Defend_G+1","Defend_G+1","Strike_G+1","Strike_G+1","Strike_G+1","Strike_G+1","Survivor","Neutralize","Dagger Throw","Poisoned Stab","Noxious Fumes+1","Choke","Sucker Punch+1","Bullet Time+1","Noxious Fumes","Calculated Gamble","Cloak And Dagger","Footwork+1","After Image","Backflip","Cloak And Dagger","Infinite Blades","PanicButton","Leg Sweep","Backflip","Catalyst"],"special_seed":0,"relics":["Ring of the Snake","Sundial","Pantograph","Orrery","Dream Catcher","Molten Egg 2"],"potions_floor_usage":[22,22,24,30],"damage_taken":[{"damage":1.0,"enemies":"Small Slimes","floor":1.0,"turns":3.0},{"damage":4.0,"enemies":"Jaw Worm","floor":2.0,"turns":4.0},{"damage":0.0,"enemies":"2 Louse","floor":3.0,"turns":2.0},{"damage":22.0,"enemies":"Exordium Thugs","floor":4.0,"turns":5.0},{"damage":24.0,"enemies":"Gremlin Nob","floor":8.0,"turns":4.0},{"damage":2.0,"enemies":"Blue Slaver","floor":10.0,"turns":5.0},{"damage":0.0,"enemies":"3 Louse","floor":11.0,"turns":3.0},{"damage":3.0,"enemies":"Looter","floor":12.0,"turns":3.0},{"damage":7.0,"enemies":"Blue Slaver","floor":14.0,"turns":3.0},{"damage":28.0,"enemies":"Slime Boss","floor":16.0,"turns":9.0},{"damage":6,"enemies":"Spheric Guardian","floor":18,"turns":7},{"damage":11,"enemies":"Colosseum Slavers","floor":20,"turns":8},{"damage":5,"enemies":"3 Byrds","floor":22,"turns":5},{"damage":20,"enemies":"Gremlin Leader","floor":24,"turns":8},{"damage":2,"enemies":"Shelled Parasite and Fungi","floor":27,"turns":8},{"damage":2,"enemies":"Snake Plant","floor":28,"turns":5},{"damage":13,"enemies":"Snecko","floor":29,"turns":7},{"damage":22,"enemies":"Chosen and Byrds","floor":30,"turns":5}],"seed_played":"-2830543224190450138","potions_obtained":[{"floor":3.0,"key":"Regen Potion"},{"floor":10.0,"key":"EssenceOfSteel"},{"floor":11.0,"key":"Regen Potion"},{"floor":22,"key":"GamblersBrew"},{"floor":27,"key":"PowerPotion"}],"is_trial":false,"path_per_floor":["?",null,"M","?","?","?","M","R","E","R","T","M","M","M","M"],"character_chosen":"THE_SILENT","items_purchased":["Sucker Punch"],"campfire_rested":1,"item_purchase_floors":[5],"current_hp_per_floor":[58,54,54,32,32,32,32,8,8,21,21,18,18,11,11,8,52,46,46,35,23,32,32,12,31,31,29,27,14,0],"gold":298,"neow_bonus":"REMOVE_CARD","is_prod":false,"is_daily":false,"chose_seed":false,"campfire_upgraded":4,"win_rate":0,"timestamp":1548326357,"path_taken":["M","M","M","M","$","R","?","E","T","M","M","M","R","M","R","BOSS","M","?","?","?","M","R","E","R","T","M","M","M","?"],"build_version":"2019-01-23","purchased_purges":1,"victory":false,"max_hp_per_floor":[66,66,66,66,66,66,66,66,66,66,66,66,66,66,66,66,66,66,66,66,66,66,66,66,66,66,66,66,66,66],"card_choices":[{"not_picked":["Quick Slash","Catalyst"],"picked":"Dagger Throw","floor":1.0},{"not_picked":["Acrobatics","Blade Dance"],"picked":"Poisoned Stab","floor":2.0},{"not_picked":["Flechettes","Backflip"],"picked":"Noxious Fumes","floor":3.0},{"not_picked":["Expertise","Acrobatics"],"picked":"Choke","floor":4.0},{"not_picked":["Deadly Poison","Skewer"],"picked":"Bullet Time","floor":8.0},{"not_picked":["Setup","Acrobatics"],"picked":"Noxious Fumes","floor":10.0},{"not_picked":["Poisoned Stab","Quick Slash"],"picked":"Calculated Gamble","floor":11.0},{"not_picked":["Setup","Riddle With Holes"],"picked":"Cloak And Dagger","floor":12.0},{"not_picked":["Dagger Throw","Escape Plan"],"picked":"Footwork","floor":14.0},{"not_picked":["Die Die Die","Venomology"],"picked":"After Image","floor":16.0},{"not_picked":["Masterful Stab","Dodge and Roll"],"picked":"Backflip","floor":17},{"not_picked":["Terror","Blade Dance"],"picked":"Cloak And Dagger","floor":17},{"not_picked":["Dagger Throw","Setup"],"picked":"Infinite Blades","floor":17},{"not_picked":["Expertise","Bane","Outmaneuver"],"picked":"SKIP","floor":18},{"not_picked":["Concentrate","Dodge and Roll","Blade Dance"],"picked":"SKIP","floor":22},{"not_picked":["Dagger Throw","Flying Knee","Sucker Punch"],"picked":"SKIP","floor":24},{"not_picked":["Dagger Throw","Flying Knee","Sucker Punch"],"picked":"SKIP","floor":24},{"not_picked":["Quick Slash+1","Phantasmal Killer"],"picked":"Leg Sweep","floor":25},{"not_picked":["Underhanded Strike+1","Deadly Poison","PiercingWail"],"picked":"SKIP","floor":27},{"not_picked":["PiercingWail","Dagger Spray+1"],"picked":"Backflip","floor":28},{"not_picked":["Dagger Throw+1","Sucker Punch+1"],"picked":"Catalyst","floor":29}],"player_experience":986131,"relics_obtained":[{"floor":8.0,"key":"Sundial"},{"floor":9.0,"key":"Pantograph"},{"floor":24,"key":"Dream Catcher"},{"floor":26,"key":"Molten Egg 2"}],"event_choices":[{"damage_healed":0.0,"max_hp_gain":0.0,"max_hp_loss":0.0,"gold_gain":0.0,"event_name":"The Cleric","player_choice":"Leave","floor":7.0,"gold_loss":0.0,"damage_taken":0.0},{"damage_healed":0,"gold_gain":0,"player_choice":"Simplicity","damage_taken":0,"max_hp_gain":0,"max_hp_loss":0,"event_name":"Back to Basics","floor":19,"gold_loss":0,"cards_upgraded":["Defend_G","Defend_G","Defend_G","Defend_G","Strike_G","Strike_G","Strike_G","Strike_G"]},{"damage_healed":0,"gold_gain":0,"player_choice":"Fight","damage_taken":0,"max_hp_gain":0,"max_hp_loss":0,"event_name":"Colosseum","floor":20,"gold_loss":0},{"damage_healed":0,"gold_gain":0,"player_choice":"Fled From Nobs","damage_taken":0,"max_hp_gain":0,"max_hp_loss":0,"event_name":"Colosseum","floor":20,"gold_loss":0},{"damage_healed":0,"gold_gain":0,"player_choice":"CARD ","damage_taken":12,"max_hp_gain":0,"max_hp_loss":0,"event_name":"Knowing Skull","floor":21,"potions_obtained":[],"gold_loss":0,"cards_obtained":["PanicButton"]}],"is_beta":true,"boss_relics":[{"not_picked":["HoveringKite","Lizard Tail"],"picked":"Orrery"}],"items_purged_floors":[5],"is_endless":false,"potions_floor_spawned":[3,10,11,14,22,27],"killed_by":"Chosen and Byrds","ascension_level":19}