{"gold_per_floor":[110,110,110,131,144,144,178,23,48,66,81,114,114,132,132,251,251,265,289,115,130,148,187,23,23],"floor_reached":25,"playtime":1298,"items_purged":["Strike_B"],"score":235,"play_id":"8dd8f311-5ad0-48a3-aa15-959aacbaac83","local_time":"20190101173854","is_ascension_mode":false,"campfire_choices":[{"data":"Loop","floor":6,"key":"SMITH"},{"data":"Defragment","floor":13,"key":"SMITH"},{"data":"Defragment","floor":15,"key":"SMITH"}],"neow_cost":"NONE","seed_source_timestamp":400779660493490,"circlet_count":0,"master_deck":["Strike_B+1","Strike_B+1","Defend_B","Defend_B","Defend_B","Zap","Dualcast","Coolheaded+1","Loop+1","Ball Lightning","Cold Snap","Defragment+1","Capacitor","Defragment+1","Conserve Battery","Conserve Battery","Core Surge","Hologram+1","Mayhem","Self Repair+1","Apotheosis+1"],"relics":["Cracked Core","Golden Idol","Dream Catcher","Whetstone","Blood Vial","Empty Cage","Toxic Egg 2"],"potions_floor_usage":[7,11,16,19,25],"damage_taken":[{"damage":0,"enemies":"2 Louse","floor":1,"turns":3},{"damage":5,"enemies":"Cultist","floor":4,"turns":4},{"damage":5,"enemies":"Small Slimes","floor":5,"turns":3},{"damage":23,"enemies":"Gremlin Nob","floor":7,"turns":4},{"damage":0,"enemies":"2 Fungi Beasts","floor":10,"turns":3},{"damage":7,"enemies":"Looter","floor":11,"turns":3},{"damage":9,"enemies":"Lagavulin","floor":12,"turns":5},{"damage":5,"enemies":"3 Louse","floor":14,"turns":4},{"damage":7,"enemies":"Hexaghost","floor":16,"turns":6},{"damage":0,"enemies":"Chosen","floor":18,"turns":4},{"damage":13,"enemies":"3 Byrds","floor":19,"turns":3},{"damage":19,"enemies":"Snake Plant","floor":21,"turns":6},{"damage":11,"enemies":"Centurion and Healer","floor":22,"turns":8},{"damage":13,"enemies":"Book of Stabbing","floor":23,"turns":7},{"damage":31,"enemies":"Gremlin Leader","floor":25,"turns":2}],"seed_played":"382531165188353487","potions_obtained":[{"floor":4,"key":"GamblersBrew"},{"floor":10,"key":"Regen Potion"},{"floor":11,"key":"LiquidBronze"},{"floor":18,"key":"Fire Potion"},{"floor":23,"key":"SteroidPotion"}],"is_trial":false,"path_per_floor":["M","?","?","M","M","R","E","$","T","M","M","E","R","M","R","B",null,"M","M","$","M","M","E","$","E"],"character_chosen":"DEFECT","items_purchased":["Defragment","Mayhem","Apotheosis+1"],"campfire_rested":0,"item_purchase_floors":[8,20,24],"current_hp_per_floor":[75,57,57,52,47,47,24,24,24,24,26,17,17,14,14,9,75,75,62,62,45,36,25,25,0],"gold":23,"neow_bonus":"THREE_CARDS","is_prod":false,"is_daily":false,"chose_seed":false,"campfire_upgraded":3,"win_rate":0,"timestamp":1546324734,"path_taken":["M","?","?","M","M","R","E","$","T","?","M","E","R","M","R","BOSS","M","M","$","M","M","E","$","E"],"build_version":"2018-11-15","purchased_purges":1,"victory":false,"max_hp_per_floor":[75,75,75,75,75,75,75,75,75,75,75,75,75,75,75,75,75,75,75,75,75,75,75,75,75],"card_choices":[{"not_picked":["Leap","Redo"],"picked":"Coolheaded","floor":0},{"not_picked":["Streamline","Gash"],"picked":"Loop","floor":1},{"not_picked":["Coolheaded","Gash"],"picked":"Ball Lightning","floor":4},{"not_picked":["Turbo","Hologram","Heatsinks"],"picked":"SKIP","floor":5},{"not_picked":["Beam Cell","Melter"],"picked":"Cold Snap","floor":7},{"not_picked":["Ball Lightning","Leap"],"picked":"Capacitor","floor":10},{"not_picked":["Leap","Coolheaded"],"picked":"Defragment","floor":11},{"not_picked":["Sunder","Amplify"],"picked":"Conserve Battery","floor":12},{"not_picked":["Streamline","Barrage"],"picked":"Conserve Battery","floor":14},{"not_picked":["Thunder Strike","All For One"],"picked":"Core Surge","floor":16},{"not_picked":["Steam","Sunder"],"picked":"Hologram+1","floor":18},{"not_picked":["Cold Snap","Coolheaded","Ball Lightning"],"picked":"SKIP","floor":19},{"not_picked":["Ball Lightning","Hologram","Conserve Battery"],"picked":"SKIP","floor":21},{"not_picked":["Melter","Genetic Algorithm","Sweeping Beam+1"],"picked":"SKIP","floor":22},{"not_picked":["Rebound","Storm"],"picked":"Self Repair+1","floor":23}],"player_experience":967703,"relics_obtained":[{"floor":7,"key":"Dream Catcher"},{"floor":9,"key":"Whetstone"},{"floor":12,"key":"Blood Vial"},{"floor":23,"key":"Toxic Egg 2"}],"event_choices":[{"damage_healed":0,"gold_gain":0,"player_choice":"Take Damage","damage_taken":18,"relics_obtained":["Golden Idol"],"max_hp_gain":0,"max_hp_loss":0,"event_name":"Golden Idol","floor":2,"gold_loss":0},{"damage_healed":0,"gold_gain":0,"player_choice":"Upgraded","damage_taken":0,"max_hp_gain":0,"max_hp_loss":0,"event_name":"Upgrade Shrine","floor":3,"gold_loss":0,"cards_upgraded":["Coolheaded"]}],"is_beta":true,"boss_relics":[{"not_picked":["Ectoplasm","Tiny House"],"picked":"Empty Cage"}],"items_purged_floors":[8],"is_endless":false,"potions_floor_spawned":[4,10,11,18,23],"killed_by":"Gremlin Leader","ascension_level":0}