{"path_per_floor":["M","?","?","M","?","E","M","E","T","?","M","?","R","E","R","B",null,"M","M","?","$","M","R","E","M","T","M","R","$","E","M","R","B",null,"M","?","$","?","M","E","R","M","T","E","R","E","R","T","R","B"],"character_chosen":"THE_SILENT","items_purchased":["Cloak And Dagger","Toxic Egg 2","Deadly Poison+1","Poisoned Stab+1","Finisher+1"],"gold_per_floor":[118,118,98,110,110,139,149,177,177,177,191,156,156,185,185,282,282,300,312,312,26,38,38,63,78,132,147,147,124,151,170,170,274,274,291,291,174,174,190,216,216,235,259,290,290,351,351,351,351,351],"floor_reached":51,"campfire_rested":7,"playtime":3161,"item_purchase_floors":[],"current_hp_per_floor":[70,63,63,59,59,53,53,53,53,39,39,56,70,70,70,60,70,46,46,46,46,43,64,53,42,42,36,57,57,50,34,55,55,70,69,60,60,55,55,25,46,27,27,25,61,32,68,68,68,35],"items_purged":[],"gold":351,"score":1017,"play_id":"90c0fb95-5711-4ab4-8529-649bcfe9e1f0","local_time":"20180601083952","is_prod":false,"is_daily":false,"chose_seed":false,"is_ascension_mode":true,"campfire_upgraded":1,"win_rate":0,"timestamp":1527835192,"campfire_choices":[{"floor":13.0,"key":"REST"},{"data":"Noxious Fumes","floor":15.0,"key":"SMITH"},{"floor":23.0,"key":"REST"},{"floor":28.0,"key":"REST"},{"floor":32.0,"key":"REST"},{"floor":41,"key":"REST"},{"floor":45,"key":"REST"},{"floor":47,"key":"REST"},{"data":"1","floor":49,"key":"LIFT"}],"path_taken":["M","?","?","M","?","E","M","E","T","?","?","?","R","E","R","BOSS","M","M","?","$","M","R","E","M","T","?","R","?","E","M","R","BOSS","M","?","$","?","M","E","R","M","T","E","R","E","R","?","R","BOSS"],"build_version":"2018-05-30v2","seed_source_timestamp":0,"purchased_purges":0,"victory":true,"master_deck":["Survivor","Neutralize","Dodge and Roll","Footwork","Deflect+1","Quick Slash","Blade Dance","Well Laid Plans","Riddle With Holes+1","Footwork","Leg Sweep","Heel Hook","Dagger Spray+1","Deflect","Die Die Die+1","Noxious Fumes+1","Finisher+1","Doppelganger","Blur+1","Poisoned Stab+1","Cloak And Dagger","Dagger Spray+1","Backflip+1","Slice+1","Dagger Spray+1","Deadly Poison+1","Backstab+1","Cloak And Dagger+1","Envenom","Choke+1","Madness+1","Madness+1","Poisoned Stab+1","Finisher+1","Blind+1","Finesse+1","Quick Slash+1","Finisher+1","Heel Hook+1","Terror+1","Escape Plan+1"],"max_hp_per_floor":[70,70,70,70,70,70,70,70,70,70,70,70,70,70,70,70,70,70,70,70,70,70,70,70,70,70,70,70,70,70,70,70,70,70,70,70,70,70,70,70,70,70,70,70,70,70,70,70,70,70],"relics":["Pandora\u0027s Box","Molten Egg 2","Thread and Needle","Bottled Flame","Ice Cream","Orichalcum","Lizard Tail","Toxic Egg 2","Girya","Bronze Scales","Letter Opener","White Beast Statue","Toolbox","Regal Pillow","Happy Flower","Tiny Chest","Bag of Marbles"],"card_choices":[{"not_picked":["Underhanded Strike","Deflect"],"picked":"Leg Sweep","floor":1.0},{"not_picked":["Concentrate","Dodge and Roll"],"picked":"Heel Hook","floor":4.0},{"not_picked":["Flying Knee+1","Dodge and Roll"],"picked":"Dagger Spray+1","floor":6.0},{"not_picked":["Setup","Calculated Gamble"],"picked":"Deflect","floor":7.0},{"not_picked":["Footwork","Acrobatics"],"picked":"Die Die Die+1","floor":8.0},{"not_picked":["Outmaneuver","Acrobatics"],"picked":"Noxious Fumes","floor":11.0},{"not_picked":["Distraction","Dodge and Roll"],"picked":"Finisher+1","floor":14.0},{"not_picked":["Grand Finale+1","Tools of the Trade"],"picked":"Doppelganger","floor":16.0},{"not_picked":["Slice+1","Caltrops"],"picked":"Blur+1","floor":18.0},{"not_picked":["PiercingWail","Outmaneuver+1"],"picked":"Poisoned Stab+1","floor":19.0},{"not_picked":["Bouncing Flask+1","Riddle With Holes+1"],"picked":"Dagger Spray+1","floor":22.0},{"not_picked":["Slice+1","Infinite Blades"],"picked":"Backflip+1","floor":24.0},{"not_picked":["Deflect+1","Heel Hook+1"],"picked":"Slice+1","floor":25.0},{"not_picked":["Quick Slash+1","Outmaneuver+1"],"picked":"Dagger Spray+1","floor":27.0},{"not_picked":["Dagger Spray+1","Concentrate+1"],"picked":"Backstab+1","floor":30.0},{"not_picked":["Heel Hook+1","Dagger Spray+1"],"picked":"Cloak And Dagger+1","floor":31.0},{"not_picked":["Tools of the Trade","Night Terror+1"],"picked":"Envenom","floor":33.0},{"not_picked":["Acrobatics+1","Reflex+1"],"picked":"Choke+1","floor":35},{"not_picked":["Deep Breath+1","Purity+1"],"picked":"Blind+1","floor":38},{"not_picked":["Dramatic Entrance+1","Swift Strike+1"],"picked":"Finesse+1","floor":38},{"not_picked":["PiercingWail+1","Slice+1"],"picked":"Quick Slash+1","floor":39},{"not_picked":["Riddle With Holes+1","Reflex+1"],"picked":"Finisher+1","floor":40},{"not_picked":["PiercingWail+1","Dagger Spray+1"],"picked":"Heel Hook+1","floor":42},{"not_picked":["Endless Agony+1","Flying Knee+1"],"picked":"Terror+1","floor":44},{"not_picked":["Dagger Throw+1","Dagger Spray+1"],"picked":"Escape Plan+1","floor":46}],"player_experience":194996,"potions_floor_usage":[39,42,44,44,46,50,50],"damage_taken":[{"damage":0.0,"enemies":"Cultist","floor":1.0,"turns":4.0},{"damage":4.0,"enemies":"Small Slimes","floor":4.0,"turns":3.0},{"damage":6.0,"enemies":"Gremlin Nob","floor":6.0,"turns":4.0},{"damage":0.0,"enemies":"2 Louse","floor":7.0,"turns":2.0},{"damage":0.0,"enemies":"Lagavulin","floor":8.0,"turns":7.0},{"damage":0.0,"enemies":"Gremlin Gang","floor":11.0,"turns":1.0},{"damage":0.0,"enemies":"Gremlin Nob","floor":14.0,"turns":4.0},{"damage":10.0,"enemies":"Hexaghost","floor":16.0,"turns":10.0},{"damage":24.0,"enemies":"3 Byrds","floor":18.0,"turns":6.0},{"damage":0.0,"enemies":"Spheric Guardian","floor":19.0,"turns":4.0},{"damage":3.0,"enemies":"Centurion and Healer","floor":22.0,"turns":6.0},{"damage":11.0,"enemies":"Gremlin Leader","floor":24.0,"turns":7.0},{"damage":11.0,"enemies":"Sentry and Sphere","floor":25.0,"turns":5.0},{"damage":6.0,"enemies":"Slaver and Parasite","floor":27.0,"turns":5.0},{"damage":7.0,"enemies":"Book of Stabbing","floor":30.0,"turns":6.0},{"damage":16.0,"enemies":"Snake Plant","floor":31.0,"turns":3.0},{"damage":0.0,"enemies":"Collector","floor":33.0,"turns":8.0},{"damage":1,"enemies":"Orb Walker","floor":35,"turns":3},{"damage":0,"enemies":"3 Shapes","floor":39,"turns":5},{"damage":30,"enemies":"Nemesis","floor":40,"turns":7},{"damage":19,"enemies":"Maw","floor":42,"turns":8},{"damage":2,"enemies":"Giant Head","floor":44,"turns":9},{"damage":29,"enemies":"Nemesis","floor":46,"turns":5},{"damage":73,"enemies":"Awakened One","floor":50,"turns":15}],"relics_obtained":[{"floor":6.0,"key":"Thread and Needle"},{"floor":8.0,"key":"Bottled Flame"},{"floor":9.0,"key":"Ice Cream"},{"floor":14.0,"key":"Orichalcum"},{"floor":24.0,"key":"Girya"},{"floor":26.0,"key":"Bronze Scales"},{"floor":30.0,"key":"Letter Opener"},{"floor":40,"key":"Toolbox"},{"floor":43,"key":"Regal Pillow"},{"floor":44,"key":"Happy Flower"},{"floor":46,"key":"Tiny Chest"},{"floor":48,"key":"Bag of Marbles"}],"event_choices":[{"event_name":"Golden Wing","player_choice":"Card Removal","floor":2.0,"damage_taken":0.0},{"event_name":"The Woman in Blue","player_choice":"Bought 1 Potion","floor":3.0,"damage_taken":0.0},{"event_name":"Wheel of Change","player_choice":"Relic","floor":5.0,"damage_taken":0.0},{"event_name":"Shining Light","player_choice":"Entered Light","floor":10.0,"damage_taken":0.0},{"event_name":"The Cleric","player_choice":"Healed","floor":12.0,"damage_taken":0.0},{"event_name":"Purifier","player_choice":"One Purge","floor":20.0,"damage_taken":0.0},{"event_name":"Winding Halls","player_choice":"Embrace Madness","floor":36,"damage_taken":0},{"event_name":"SensoryStone","player_choice":"Memory 2","floor":38,"damage_taken":0}],"boss_relics":[{"not_picked":["Eternal Feather","Philosopher\u0027s Stone"],"picked":"White Beast Statue"}],"items_purged_floors":[],"potions_floor_spawned":[1,7,8,16,19,24,30,31,33,35,39,40,42,44,46],"seed_played":"5629317658771097370","ascension_level":3,"potions_obtained":[{"floor":1.0,"key":"Block Potion"},{"floor":3.0,"key":"Poison Potion"},{"floor":7.0,"key":"SkillPotion"},{"floor":8.0,"key":"EssenceOfSteel"},{"floor":16.0,"key":"FearPotion"},{"floor":19.0,"key":"Poison Potion"},{"floor":24.0,"key":"Block Potion"},{"floor":30.0,"key":"GhostInAJar"},{"floor":31.0,"key":"LiquidBronze"},{"floor":33.0,"key":"Dexterity Potion"},{"floor":35,"key":"Block Potion"},{"floor":39,"key":"Explosive Potion"},{"floor":40,"key":"Block Potion"},{"floor":42,"key":"Swift Potion"},{"floor":44,"key":"Ancient Potion"},{"floor":46,"key":"GhostInAJar"}],"is_trial":false}