{"gold_per_floor":[112,131,148,162,175,175,233,253,253,253,253],"floor_reached":11,"playtime":2772,"items_purged":[],"score":146,"play_id":"4419c4c8-68b9-48fc-85b6-c9f633eaae21","local_time":"20190109083630","is_ascension_mode":true,"campfire_choices":[{"data":"Perfected Strike","floor":6.0,"key":"SMITH"},{"floor":10,"key":"REST"}],"neow_cost":"NONE","seed_source_timestamp":383228365067,"circlet_count":0,"master_deck":["AscendersBane","Strike_R","Strike_R","Strike_R","Strike_R","Strike_R","Defend_R","Defend_R","Defend_R","Defend_R","Bash","Offering","Perfected Strike+1","True Grit","True Grit"],"special_seed":0,"relics":["Burning Blood","Tiny Chest","Du-Vu Doll"],"potions_floor_usage":[8],"damage_taken":[{"damage":7.0,"enemies":"Cultist","floor":1.0,"turns":3.0},{"damage":12.0,"enemies":"Small Slimes","floor":2.0,"turns":4.0},{"damage":1.0,"enemies":"2 Louse","floor":3.0,"turns":4.0},{"damage":15.0,"enemies":"Exordium Wildlife","floor":4.0,"turns":4.0},{"damage":14.0,"enemies":"Blue Slaver","floor":5.0,"turns":3.0},{"damage":30.0,"enemies":"3 Sentries","floor":7.0,"turns":10.0},{"damage":9,"enemies":"Large Slime","floor":8,"turns":6},{"damage":0,"enemies":"Lots of Slimes","floor":11,"turns":1}],"seed_played":"-101264265890986689","potions_obtained":[{"floor":2.0,"key":"Weak Potion"},{"floor":7.0,"key":"Weak Potion"},{"floor":8,"key":"Strength Potion"}],"is_trial":false,"path_per_floor":["M","M","M","M","M","R","E","M","T","R","M"],"character_chosen":"IRONCLAD","items_purchased":[],"campfire_rested":1,"item_purchase_floors":[],"current_hp_per_floor":[67,61,66,57,49,49,25,22,22,44,44],"gold":253,"neow_bonus":"ONE_RANDOM_RARE_CARD","is_prod":false,"is_daily":false,"chose_seed":false,"campfire_upgraded":1,"win_rate":0,"timestamp":1547051790,"path_taken":["M","M","M","M","M","R","E","M","T","R","M"],"build_version":"2019-01-03v4","purchased_purges":0,"victory":false,"max_hp_per_floor":[75,75,75,75,75,75,75,75,75,75,75],"card_choices":[{"not_picked":["Cleave","Corruption"],"picked":"Perfected Strike","floor":1.0},{"not_picked":["Fire Breathing","Body Slam","Dual Wield"],"picked":"SKIP","floor":2.0},{"not_picked":["Sentinel","Flex","Carnage"],"picked":"SKIP","floor":3.0},{"not_picked":["Sword Boomerang","Anger"],"picked":"True Grit","floor":4.0},{"not_picked":["Heavy Blade","Combust"],"picked":"True Grit","floor":5.0},{"not_picked":["Rage","Uppercut","Anger"],"picked":"SKIP","floor":7.0},{"not_picked":["Anger","True Grit","Offering"],"picked":"SKIP","floor":8}],"player_experience":1666462,"relics_obtained":[{"floor":7.0,"key":"Tiny Chest"},{"floor":9,"key":"Du-Vu Doll"}],"event_choices":[],"is_beta":false,"boss_relics":[],"items_purged_floors":[],"is_endless":false,"potions_floor_spawned":[2,7,8],"killed_by":"Lots of Slimes","ascension_level":18}