{"gold_per_floor":[110,126,142,4,23,56,68,68,68,87,105,118,118,43,43,140,140,158,158,12,12,0],"floor_reached":22,"playtime":1519,"items_purged":["Combust"],"score":188,"play_id":"d8e60d3f-2fd7-4d16-8a3d-b59844853013","local_time":"20180918090919","is_ascension_mode":false,"campfire_choices":[{"floor":8,"key":"REST"},{"data":"Barricade","floor":13,"key":"SMITH"},{"data":"Hemokinesis","floor":15,"key":"SMITH"}],"neow_cost":"TEN_PERCENT_HP_LOSS","seed_source_timestamp":319653281790502,"circlet_count":0,"master_deck":["Strike_R","Strike_R","Strike_R","Strike_R","Strike_R","Defend_R","Defend_R","Defend_R","Defend_R","Bash","Shrug It Off","Headbutt","Hemokinesis+1","Barricade+1","Flame Barrier","Metallicize","Shrug It Off","Heavy Blade","Feel No Pain","Armaments+1","Wild Strike","Immolate","Fiend Fire","Dramatic Entrance","Bash"],"relics":["Burning Blood","Ginger","Prayer Wheel","Blood Vial","Black Star"],"potions_floor_usage":[6,16],"damage_taken":[{"damage":9,"enemies":"Small Slimes","floor":1,"turns":4},{"damage":6,"enemies":"2 Louse","floor":2,"turns":2},{"damage":0,"enemies":"Cultist","floor":3,"turns":3},{"damage":24,"enemies":"Gremlin Gang","floor":5,"turns":5},{"damage":36,"enemies":"Lagavulin","floor":6,"turns":8},{"damage":5,"enemies":"Large Slime","floor":7,"turns":7},{"damage":8,"enemies":"Looter","floor":10,"turns":3},{"damage":12,"enemies":"Red Slaver","floor":11,"turns":4},{"damage":2,"enemies":"3 Louse","floor":12,"turns":4},{"damage":24,"enemies":"Slime Boss","floor":16,"turns":17},{"damage":9,"enemies":"Chosen","floor":18,"turns":7},{"damage":10,"enemies":"2 Thieves","floor":22,"turns":1}],"seed_played":"-3145997455164594095","potions_obtained":[{"floor":2,"key":"Fire Potion"},{"floor":3,"key":"EssenceOfSteel"},{"floor":11,"key":"FearPotion"},{"floor":12,"key":"Regen Potion"},{"floor":16,"key":"Regen Potion"}],"is_trial":false,"path_per_floor":["M","M","M","$","M","E","M","R","T","M","M","M","R","$","R","B",null,"M","?","$","?"],"character_chosen":"IRONCLAD","items_purchased":["Barricade","Immolate"],"campfire_rested":1,"item_purchase_floors":[4,20],"current_hp_per_floor":[69,69,72,72,54,24,25,46,46,46,42,48,48,48,48,46,72,69,69,69,69,61],"gold":0,"neow_bonus":"ONE_RARE_RELIC","is_prod":false,"is_daily":false,"chose_seed":false,"campfire_upgraded":2,"win_rate":0.0,"timestamp":1537279759,"path_taken":["M","M","M","$","M","E","M","R","T","M","M","M","R","$","R","BOSS","M","?","$","?","M"],"build_version":"2018-09-06","purchased_purges":1,"victory":false,"max_hp_per_floor":[72,72,72,72,72,72,72,72,72,72,72,72,72,72,72,72,72,72,72,72,72,72],"card_choices":[{"not_picked":["Twin Strike","Intimidate"],"picked":"Shrug It Off","floor":1},{"not_picked":["Cleave","Evolve"],"picked":"Headbutt","floor":2},{"not_picked":["Flex","Sword Boomerang"],"picked":"Hemokinesis","floor":3},{"not_picked":["True Grit","Headbutt"],"picked":"Flame Barrier","floor":5},{"not_picked":["Anger","Wild Strike"],"picked":"Metallicize","floor":6},{"not_picked":["Thunderclap","Sword Boomerang"],"picked":"Combust","floor":7},{"not_picked":["Flex","Thunderclap"],"picked":"Shrug It Off","floor":7},{"not_picked":["Shrug It Off","Searing Blow"],"picked":"Heavy Blade","floor":10},{"not_picked":["Second Wind","Twin Strike","Flame Barrier"],"picked":"SKIP","floor":10},{"not_picked":["Berserk","Flex","Fire Breathing"],"picked":"SKIP","floor":11},{"not_picked":["Pommel Strike","Second Wind","Heavy Blade"],"picked":"SKIP","floor":11},{"not_picked":["Flame Barrier","Heavy Blade"],"picked":"Feel No Pain","floor":12},{"not_picked":["Headbutt","Heavy Blade","Clothesline"],"picked":"SKIP","floor":12},{"not_picked":["Sever Soul","Warcry"],"picked":"Armaments+1","floor":18},{"not_picked":["Clothesline","Headbutt"],"picked":"Wild Strike","floor":18}],"player_experience":37684,"relics_obtained":[{"floor":6,"key":"Prayer Wheel"},{"floor":9,"key":"Blood Vial"}],"event_choices":[{"event_name":"Ghosts","player_choice":"Ignored","floor":19,"damage_taken":0},{"event_name":"Match and Keep!","player_choice":"3 cards matched","floor":21,"damage_taken":0}],"is_beta":false,"boss_relics":[{"not_picked":["Black Blood","Runic Dome"],"picked":"Black Star"}],"items_purged_floors":[14],"is_endless":false,"potions_floor_spawned":[2,3,11,12,16,18],"killed_by":"2 Thieves","ascension_level":0}