{"gold_per_floor":[12,30,46,57,73,73,87,137,137,137,137,137,62,82,82,160,160,173,173,173,173,189,189,207,207],"floor_reached":25,"playtime":818,"items_purged":["Defend_G"],"score":351,"play_id":"e65f3a5c-2699-4363-a3c8-b7c520d894e4","local_time":"20181011162547","is_ascension_mode":true,"campfire_choices":[{"data":"Neutralize","floor":6.0,"key":"SMITH"},{"data":"Finisher","floor":10.0,"key":"SMITH"},{"data":"Survivor","floor":12.0,"key":"SMITH"},{"data":"Storm of Steel","floor":15.0,"key":"SMITH"},{"data":"Accuracy","floor":23.0,"key":"SMITH"}],"neow_cost":"NO_GOLD","seed_source_timestamp":283579106309364,"circlet_count":0,"master_deck":["Defend_G+1","Defend_G+1","Defend_G+1","Defend_G+1","Strike_G+1","Strike_G+1","Survivor+1","Neutralize+1","AscendersBane","Backstab","Accuracy+1","Finisher+1","Storm of Steel+1","Adrenaline","PiercingWail","Blur"],"special_seed":0,"relics":["Ring of the Snake","Bird Faced Urn","Lantern","Empty Cage"],"potions_floor_usage":[],"damage_taken":[{"damage":0.0,"enemies":"2 Louse","floor":1.0,"turns":4.0},{"damage":0.0,"enemies":"Cultist","floor":2.0,"turns":3.0},{"damage":0.0,"enemies":"Small Slimes","floor":3.0,"turns":3.0},{"damage":1.0,"enemies":"Looter","floor":4.0,"turns":3.0},{"damage":0.0,"enemies":"Red Slaver","floor":5.0,"turns":5.0},{"damage":1.0,"enemies":"2 Fungi Beasts","floor":7.0,"turns":3.0},{"damage":9.0,"enemies":"Large Slime","floor":14.0,"turns":9.0},{"damage":31.0,"enemies":"Hexaghost","floor":16.0,"turns":12.0},{"damage":6.0,"enemies":"3 Byrds","floor":18.0,"turns":7.0},{"damage":27.0,"enemies":"Colosseum Slavers","floor":19.0,"turns":6.0},{"damage":3.0,"enemies":"Spheric Guardian","floor":22.0,"turns":3.0},{"damage":16.0,"enemies":"3 Cultists","floor":24.0,"turns":7.0},{"damage":0,"enemies":"Snake Plant","floor":25,"turns":1}],"seed_played":"5658726887184530942","potions_obtained":[{"floor":2.0,"key":"PowerPotion"},{"floor":5.0,"key":"Strength Potion"},{"floor":16.0,"key":"Fire Potion"},{"floor":18.0,"key":"Energy Potion"}],"is_trial":false,"path_per_floor":["M","M","M","M","M","R","M","?","T","R","?","R","$","M","R","B",null,"M","?","?","?","M","R","M"],"character_chosen":"THE_SILENT","items_purchased":[],"campfire_rested":0,"item_purchase_floors":[],"current_hp_per_floor":[59,59,59,58,60,60,61,61,61,61,54,54,54,47,47,20,55,51,26,26,26,25,25,11,11],"gold":207,"neow_bonus":"ONE_RARE_RELIC","is_prod":false,"is_daily":false,"chose_seed":false,"campfire_upgraded":5,"win_rate":0,"timestamp":1539300347,"path_taken":["M","M","M","M","M","R","M","?","T","R","?","R","$","M","R","BOSS","M","?","?","?","M","R","M","M"],"build_version":"2018-10-10","purchased_purges":1,"victory":false,"max_hp_per_floor":[66,66,66,66,66,66,66,66,66,66,66,66,66,66,66,66,66,66,66,66,66,66,66,66,66],"card_choices":[{"not_picked":["Bane","Acrobatics"],"picked":"Backstab","floor":1.0},{"not_picked":["Riddle With Holes","Catalyst"],"picked":"Accuracy","floor":2.0},{"not_picked":["Deflect","Outmaneuver"],"picked":"Finisher","floor":3.0},{"not_picked":["Bane","Underhanded Strike","Dodge and Roll"],"picked":"SKIP","floor":4.0},{"not_picked":["Dagger Throw","Dodge and Roll","Bane"],"picked":"SKIP","floor":5.0},{"not_picked":["Concentrate","Deflect","Accuracy"],"picked":"SKIP","floor":7.0},{"not_picked":["Finisher","Backflip"],"picked":"Storm of Steel","floor":14.0},{"not_picked":["Die Die Die","After Image"],"picked":"Adrenaline","floor":16.0},{"not_picked":["Deflect","Tactician"],"picked":"PiercingWail","floor":18.0},{"not_picked":["Deadly Poison","Flying Knee","Bane"],"picked":"SKIP","floor":22.0},{"not_picked":["Dagger Throw","Dagger Spray"],"picked":"Blur","floor":24.0}],"player_experience":885927,"relics_obtained":[{"floor":9.0,"key":"Lantern"}],"event_choices":[{"event_name":"Golden Shrine","player_choice":"Pray","floor":8.0,"damage_taken":0.0},{"event_name":"Golden Wing","player_choice":"Card Removal","floor":11.0,"damage_taken":0.0},{"event_name":"Colosseum","player_choice":"Fight","floor":19.0,"damage_taken":0.0},{"event_name":"Colosseum","player_choice":"Fled From Nobs","floor":19.0,"damage_taken":0.0},{"event_name":"Back to Basics","player_choice":"Simplicity","floor":20.0,"damage_taken":0.0},{"event_name":"Vampires","player_choice":"Ignored","floor":21.0,"damage_taken":0.0}],"is_beta":true,"boss_relics":[{"not_picked":["Fusion Hammer","Pandora\u0027s Box"],"picked":"Empty Cage"}],"items_purged_floors":[13],"is_endless":false,"potions_floor_spawned":[2,5,7,16,18,22],"killed_by":"Snake Plant","ascension_level":16}