{"gold_per_floor":[117,129,129,26,26,26,54,54,103,123,142,142,160,235,235,331,331,319,100,100,118,118,118,151,151,174,186,232,244,53,152,152,152],"floor_reached":33,"playtime":2618,"items_purged":["Regret"],"score":444,"play_id":"08e5edc9-8c94-4c4e-b39b-57912a39b487","local_time":"20190116223007","is_ascension_mode":true,"campfire_choices":[{"data":"Compile Driver","floor":6,"key":"SMITH"},{"data":"Sunder","floor":8,"key":"SMITH"},{"floor":15,"key":"REST"},{"data":"Bite","floor":23,"key":"SMITH"},{"data":"Bite","floor":25,"key":"SMITH"},{"floor":32,"key":"REST"}],"neow_cost":"NONE","seed_source_timestamp":170847783472313,"circlet_count":0,"master_deck":["AscendersBane","Defend_B+1","Defend_B+1","Defend_B+1","Defend_B+1","Zap+1","Dualcast","Compile Driver+1","Self Repair+1","Conserve Battery","Sunder+1","Leap","Loop","Echo Form","Bite+1","Bite+1","Bite+1","Bite","Bite","Cold Snap+1","Self Repair+1"],"relics":["Cracked Core","Singing Bowl","Juzu Bracelet","Oddly Smooth Stone","Snecko Eye","Lantern","Boot","MawBank","Anchor","DollysMirror"],"potions_floor_usage":[7,16,21,24,24,28,28,28],"damage_taken":[{"damage":0,"enemies":"2 Louse","floor":1,"turns":3},{"damage":0,"enemies":"Small Slimes","floor":2,"turns":3},{"damage":39,"enemies":"Lagavulin","floor":7,"turns":6},{"damage":0,"enemies":"Jaw Worm","floor":10,"turns":3},{"damage":4,"enemies":"Red Slaver","floor":11,"turns":3},{"damage":4,"enemies":"Gremlin Gang","floor":13,"turns":4},{"damage":67,"enemies":"Slime Boss","floor":16,"turns":12},{"damage":37,"enemies":"2 Thieves","floor":18,"turns":4},{"damage":6,"enemies":"3 Byrds","floor":21,"turns":5},{"damage":62,"enemies":"Gremlin Leader","floor":24,"turns":8},{"damage":17,"enemies":"Slavers","floor":28,"turns":7},{"damage":140,"enemies":"Champ","floor":33,"turns":14}],"seed_played":"-6527452900645433795","potions_obtained":[{"floor":2,"key":"SteroidPotion"},{"floor":7,"key":"Block Potion"},{"floor":16,"key":"EssenceOfSteel"},{"floor":18,"key":"Block Potion"},{"floor":27,"key":"SpeedPotion"},{"floor":27,"key":"SpeedPotion"},{"floor":27,"key":"SneckoOil"},{"floor":28,"key":"FairyPotion"}],"is_trial":false,"path_per_floor":["M","M","?","$","?","R","E","R","T","M","M","?","M","?","R","B",null,"M","$","?","M","?","R","E","R","T","?","E","?","$","?","R","B"],"character_chosen":"DEFECT","items_purchased":["Conserve Battery","Regen Potion","Lantern","DollysMirror"],"campfire_rested":2,"item_purchase_floors":[4,4,19,30],"current_hp_per_floor":[68,68,68,68,53,53,36,36,36,46,54,54,60,49,72,15,62,37,37,37,57,57,57,33,33,33,33,40,40,40,40,57,0],"gold":152,"neow_bonus":"UPGRADE_CARD","is_prod":false,"is_daily":false,"chose_seed":false,"campfire_upgraded":4,"win_rate":0,"timestamp":1547695807,"path_taken":["M","M","?","$","?","R","E","R","T","M","M","?","M","?","R","BOSS","M","$","?","M","?","R","E","R","T","?","E","?","$","?","R","BOSS"],"build_version":"2019-01-10","purchased_purges":1,"victory":false,"max_hp_per_floor":[75,75,75,75,75,75,75,75,75,75,77,77,77,77,77,77,77,79,79,55,57,57,57,57,57,57,57,59,59,59,59,59,59],"card_choices":[{"not_picked":["Darkness","Storm"],"picked":"Compile Driver","floor":1},{"not_picked":["Steam Power","Lockon"],"picked":"Self Repair","floor":2},{"not_picked":["Doom and Gloom","Compile Driver"],"picked":"Sunder","floor":7},{"not_picked":["Loop","Streamline"],"picked":"Leap","floor":10},{"not_picked":["Reprogram","Stack","Storm"],"picked":"Singing Bowl","floor":11},{"not_picked":["Reprogram","Leap"],"picked":"Loop","floor":13},{"not_picked":["Biased Cognition","Thunder Strike"],"picked":"Echo Form","floor":16},{"not_picked":["Redo","Lockon","Undo"],"picked":"Singing Bowl","floor":18},{"not_picked":["Barrage+1","Gash+1","Reinforced Body"],"picked":"Singing Bowl","floor":21},{"not_picked":["Tempest","Undo"],"picked":"Cold Snap+1","floor":24},{"not_picked":["Darkness","Chaos+1","Rebound"],"picked":"Singing Bowl","floor":28}],"player_experience":510450,"relics_obtained":[{"floor":7,"key":"Singing Bowl"},{"floor":9,"key":"Juzu Bracelet"},{"floor":24,"key":"Boot"},{"floor":26,"key":"MawBank"},{"floor":28,"key":"Anchor"}],"event_choices":[{"damage_healed":0,"gold_gain":0,"player_choice":"Grow","damage_taken":0,"max_hp_gain":0,"max_hp_loss":0,"event_name":"Living Wall","floor":3,"gold_loss":0,"cards_upgraded":["Self Repair"]},{"damage_healed":0,"gold_gain":0,"player_choice":"Entered Light","damage_taken":15,"max_hp_gain":0,"max_hp_loss":0,"event_name":"Shining Light","floor":5,"gold_loss":0,"cards_upgraded":["Strike_B","Defend_B"]},{"damage_healed":0,"gold_gain":0,"player_choice":"Box","damage_taken":0,"relics_obtained":["Oddly Smooth Stone"],"max_hp_gain":0,"max_hp_loss":0,"event_name":"Big Fish","floor":12,"gold_loss":0,"cards_obtained":["Regret"]},{"damage_healed":0,"gold_gain":75,"player_choice":"Gather Gold","damage_taken":11,"max_hp_gain":0,"max_hp_loss":0,"event_name":"World of Goop","floor":14,"gold_loss":0},{"damage_healed":0,"gold_gain":0,"player_choice":"Became a vampire","damage_taken":0,"max_hp_gain":0,"max_hp_loss":24,"event_name":"Vampires","floor":20,"gold_loss":0,"cards_obtained":["Bite","Bite","Bite","Bite","Bite"]},{"damage_healed":0,"gold_gain":0,"player_choice":"Forge","damage_taken":0,"max_hp_gain":0,"max_hp_loss":0,"event_name":"Accursed Blacksmith","floor":22,"gold_loss":0,"cards_upgraded":["Bite"]},{"damage_healed":0,"gold_gain":0,"player_choice":"Got Potions","damage_taken":0,"max_hp_gain":0,"max_hp_loss":0,"event_name":"Lab","floor":27,"gold_loss":0},{"damage_healed":0,"gold_gain":0,"player_choice":"Simplicity","damage_taken":0,"max_hp_gain":0,"max_hp_loss":0,"event_name":"Back to Basics","floor":29,"gold_loss":0,"cards_upgraded":["Defend_B","Defend_B","Defend_B"]},{"damage_healed":0,"gold_gain":99,"player_choice":"Stole From Cult","damage_taken":0,"max_hp_gain":0,"max_hp_loss":0,"event_name":"Nest","floor":31,"gold_loss":0}],"is_beta":false,"boss_relics":[{"not_picked":["Nuclear Battery","Busted Crown"],"picked":"Snecko Eye"}],"items_purged_floors":[19],"is_endless":false,"potions_floor_spawned":[2,7,16,18,28],"killed_by":"Champ","ascension_level":10}