{"gold_per_floor":[115,134,53,63,75,75,75,75,75,91,91,122,132,146,146,219,219,231,210,228,228,228],"floor_reached":22,"playtime":1115,"items_purged":[],"score":352,"play_id":"eed7f9f7-10a5-4528-afbc-1a6bc31c0cd8","local_time":"20181104105412","is_ascension_mode":true,"campfire_choices":[{"data":"Neutralize","floor":6,"key":"SMITH"},{"data":"Sucker Punch","floor":8,"key":"SMITH"},{"floor":15,"key":"REST"}],"neow_cost":"PERCENT_DAMAGE","seed_source_timestamp":637407894164883,"circlet_count":0,"master_deck":["Defend_G","Defend_G","Defend_G","Defend_G","Strike_G","Strike_G","Strike_G","Strike_G","Survivor","Neutralize+1","AscendersBane","Quick Slash","Sucker Punch+1","Footwork","Well Laid Plans","Acrobatics","Infinite Blades","Cloak And Dagger","Malaise","Backstab","Escape Plan"],"relics":["Ring of the Snake","Shuriken","GremlinMask","Bag of Preparation","HoveringKite"],"potions_floor_usage":[5,12,16,16],"damage_taken":[{"damage":1,"enemies":"Jaw Worm","floor":1,"turns":5},{"damage":1,"enemies":"Small Slimes","floor":2,"turns":4},{"damage":0,"enemies":"Cultist","floor":4,"turns":4},{"damage":18,"enemies":"Exordium Thugs","floor":5,"turns":5},{"damage":3,"enemies":"Blue Slaver","floor":10,"turns":4},{"damage":13,"enemies":"3 Sentries","floor":12,"turns":7},{"damage":0,"enemies":"2 Fungi Beasts","floor":13,"turns":5},{"damage":7,"enemies":"Red Slaver","floor":14,"turns":5},{"damage":1,"enemies":"Slime Boss","floor":16,"turns":10},{"damage":5,"enemies":"Shell Parasite","floor":18,"turns":9},{"damage":14,"enemies":"2 Thieves","floor":19,"turns":4},{"damage":26,"enemies":"Shelled Parasite and Fungi","floor":20,"turns":10},{"damage":24,"enemies":"Snecko","floor":22,"turns":5}],"seed_played":"-8417590993130114459","potions_obtained":[{"floor":2,"key":"Fire Potion"},{"floor":10,"key":"SkillPotion"},{"floor":12,"key":"GhostInAJar"},{"floor":14,"key":"Poison Potion"},{"floor":16,"key":"EssenceOfSteel"},{"floor":20,"key":"LiquidBronze"}],"is_trial":false,"path_per_floor":["M","M","$","M","M","R","?","R","T","M","?","E","M","M","R","B",null,"M","M","M","?","M"],"character_chosen":"THE_SILENT","items_purchased":["Footwork"],"campfire_rested":1,"item_purchase_floors":[3],"current_hp_per_floor":[43,42,42,42,24,24,46,46,46,43,43,30,30,23,42,41,60,55,41,15,15,0],"gold":228,"neow_bonus":"REMOVE_TWO","is_prod":false,"is_daily":false,"chose_seed":false,"campfire_upgraded":2,"win_rate":0,"timestamp":1541346852,"path_taken":["M","M","$","M","M","R","?","R","T","M","?","E","M","?","R","BOSS","M","M","M","?","M"],"build_version":"2018-10-30","purchased_purges":0,"victory":false,"max_hp_per_floor":[66,66,66,66,66,66,66,66,66,66,66,66,66,66,66,66,66,66,66,66,66,66],"card_choices":[{"not_picked":["Bane","Dodge and Roll"],"picked":"Quick Slash","floor":1},{"not_picked":["Dagger Throw","PiercingWail"],"picked":"Sucker Punch","floor":2},{"not_picked":["Blade Dance","Deadly Poison"],"picked":"Well Laid Plans","floor":4},{"not_picked":["Riddle With Holes","Dagger Throw"],"picked":"Acrobatics","floor":5},{"not_picked":["Well Laid Plans","Reflex","Dodge and Roll"],"picked":"SKIP","floor":10},{"not_picked":["Flechettes","Crippling Poison"],"picked":"Infinite Blades","floor":12},{"not_picked":["PiercingWail","Crippling Poison"],"picked":"Cloak And Dagger","floor":13},{"not_picked":["Dagger Throw","Endless Agony","Tactician"],"picked":"SKIP","floor":14},{"not_picked":["Grand Finale","Wraith Form v2"],"picked":"Malaise","floor":16},{"not_picked":["Blade Dance","Quick Slash"],"picked":"Backstab","floor":18},{"not_picked":["Flechettes","Slice"],"picked":"Escape Plan","floor":19},{"not_picked":["Bane","Deflect","Dodge and Roll+1"],"picked":"SKIP","floor":20}],"player_experience":917553,"relics_obtained":[{"floor":9,"key":"Shuriken"},{"floor":12,"key":"Bag of Preparation"}],"event_choices":[{"damage_healed":22,"gold_gain":0,"player_choice":"Banana","damage_taken":0,"max_hp_gain":0,"max_hp_loss":0,"event_name":"Big Fish","floor":7,"gold_loss":0},{"damage_healed":0,"gold_gain":0,"player_choice":"Trade","damage_taken":0,"relics_obtained":["GremlinMask"],"max_hp_gain":0,"max_hp_loss":0,"event_name":"FaceTrader","floor":11,"gold_loss":0},{"damage_healed":0,"gold_gain":0,"player_choice":"Ignored","damage_taken":0,"max_hp_gain":0,"max_hp_loss":0,"event_name":"The Mausoleum","floor":21,"gold_loss":0}],"is_beta":true,"boss_relics":[{"not_picked":["Tiny House","Runic Dome"],"picked":"HoveringKite"}],"items_purged_floors":[],"is_endless":false,"potions_floor_spawned":[2,10,12,14,16,20],"killed_by":"Snecko","ascension_level":17}