{"gold_per_floor":[118,118,130,149,164,164,191,191,191,218,293,15,50,62,62,157,157,168,185,2,20,120,146,146,172,172,199,124,124,159,175,175,275,275,295,295,295,309,355,355,387,1,26,39,39,57,57,57,57,57],"floor_reached":51,"playtime":2770,"items_purged":["Barricade"],"score":987,"play_id":"6679af38-368e-408d-bfc7-cc7603e3cc9d","local_time":"20180824095320","is_ascension_mode":true,"campfire_choices":[{"data":"Infernal Blade","floor":6,"key":"SMITH"},{"floor":15,"key":"REST"},{"floor":32,"key":"DIG"},{"floor":40,"key":"REST"},{"floor":45,"key":"REST"},{"data":"Corruption","floor":47,"key":"SMITH"},{"floor":49,"key":"DIG"}],"neow_cost":"NONE","seed_source_timestamp":4037447204180,"circlet_count":0,"master_deck":["Strike_R","Strike_R+1","Strike_R","Defend_R","Defend_R","Defend_R","Defend_R","Bash","Iron Wave","Metallicize","Infernal Blade+1","Iron Wave+1","Pummel","Inflame","Infernal Blade","Deep Breath","Corruption+1","Reaper+1","True Grit+1","Sadistic Nature","Thunderclap","Spot Weakness","Limit Break","Searing Blow+1","Warcry","Dark Embrace+1","Bloodletting","Berserk+1","Seeing Red+1","Flex","Pommel Strike+1","Disarm"],"relics":["Burning Blood","NeowsBlessing","Shovel","Champion Belt","Unceasing Top","Orichalcum","Dead Branch","Sozu","Nunchaku","Meat on the Bone","Juzu Bracelet","Ice Cream","Frozen Egg 2","Whetstone","Kunai","Pear","Black Star","Magic Flower","Regal Pillow","Omamori","Anchor","Vajra","Happy Flower","Thread and Needle","Boot"],"potions_floor_usage":[5,7,10,14],"damage_taken":[{"damage":0,"enemies":"Jaw Worm","floor":1,"turns":1},{"damage":0,"enemies":"Small Slimes","floor":3,"turns":1},{"damage":0,"enemies":"Cultist","floor":4,"turns":1},{"damage":0,"enemies":"Blue Slaver","floor":5,"turns":5},{"damage":31,"enemies":"Lagavulin","floor":7,"turns":8},{"damage":27,"enemies":"Gremlin Nob","floor":10,"turns":5},{"damage":19,"enemies":"Lagavulin","floor":13,"turns":6},{"damage":3,"enemies":"3 Louse","floor":14,"turns":3},{"damage":0,"enemies":"Hexaghost","floor":16,"turns":8},{"damage":27,"enemies":"Spheric Guardian","floor":18,"turns":4},{"damage":4,"enemies":"2 Thieves","floor":19,"turns":3},{"damage":8,"enemies":"Centurion and Healer","floor":21,"turns":4},{"damage":23,"enemies":"Colosseum Slavers","floor":22,"turns":5},{"damage":37,"enemies":"Colosseum Nobs","floor":22,"turns":4},{"damage":20,"enemies":"Slavers","floor":23,"turns":3},{"damage":15,"enemies":"Book of Stabbing","floor":25,"turns":4},{"damage":9,"enemies":"Gremlin Leader","floor":27,"turns":3},{"damage":12,"enemies":"Slavers","floor":30,"turns":4},{"damage":21,"enemies":"Snake Plant","floor":31,"turns":3},{"damage":28,"enemies":"Collector","floor":33,"turns":6},{"damage":19,"enemies":"Orb Walker","floor":35,"turns":3},{"damage":39,"enemies":"Flame Bruiser 1 Orb","floor":38,"turns":4},{"damage":78,"enemies":"Mysterious Sphere","floor":39,"turns":6},{"damage":45,"enemies":"Nemesis","floor":41,"turns":5},{"damage":39,"enemies":"Jaw Worm Horde","floor":44,"turns":2},{"damage":31,"enemies":"Flame Bruiser 2 Orb","floor":46,"turns":5},{"damage":0,"enemies":"Mind Bloom Boss Battle","floor":48,"turns":2},{"damage":13,"enemies":"Donu and Deca","floor":50,"turns":5}],"seed_played":"-7442518739895636375","potions_obtained":[{"floor":1,"key":"Block Potion"},{"floor":3,"key":"GamblersBrew"},{"floor":7,"key":"SteroidPotion"},{"floor":13,"key":"Weak Potion"}],"is_trial":false,"path_per_floor":["M","?","M","M","M","R","E","?","T","E","?","$","E","M","R","B",null,"M","M","$","M","?","E","?","E","T","E","?","?","E","M","R","B",null,"M","?","?","M","?","R","E","$","T","M","R","M","R","?","R","B"],"character_chosen":"IRONCLAD","items_purchased":["Orichalcum","Infernal Blade","Deep Breath","Sadistic Nature","Anchor","Vajra"],"campfire_rested":3,"item_purchase_floors":[12,12,12,20,42,42],"current_hp_per_floor":[80,85,85,85,85,85,60,60,60,39,28,28,15,18,43,59,85,64,66,66,64,36,49,77,68,68,82,82,82,76,61,71,56,95,87,87,87,62,23,51,44,44,44,32,75,76,76,85,85,81],"gold":57,"neow_bonus":"THREE_ENEMY_KILL","is_prod":false,"is_daily":false,"chose_seed":false,"campfire_upgraded":2,"win_rate":0,"timestamp":1535097200,"path_taken":["M","?","M","M","M","R","E","?","T","E","?","$","E","M","R","BOSS","M","M","$","M","?","E","?","E","T","E","?","?","E","M","R","BOSS","M","?","?","M","?","R","E","?","T","M","R","M","R","?","R","BOSS"],"build_version":"2018-08-23v2","purchased_purges":1,"victory":true,"max_hp_per_floor":[80,85,85,85,85,85,85,85,85,85,85,85,85,85,85,85,85,85,85,85,85,85,85,85,85,85,85,85,85,85,85,95,95,95,95,95,95,95,95,95,95,95,95,95,95,95,95,95,95,95],"card_choices":[{"not_picked":["Evolve","Burning Pact"],"picked":"Iron Wave","floor":1},{"not_picked":["Headbutt","True Grit"],"picked":"Metallicize","floor":3},{"not_picked":["Headbutt","Body Slam"],"picked":"Infernal Blade","floor":4},{"not_picked":["True Grit","Dual Wield"],"picked":"Iron Wave","floor":5},{"not_picked":["Rupture","Second Wind"],"picked":"Pummel","floor":7},{"not_picked":["Body Slam","Armaments"],"picked":"Inflame","floor":10},{"not_picked":["Sword Boomerang","Metallicize"],"picked":"Corruption","floor":13},{"not_picked":["Armaments","Twin Strike"],"picked":"Reaper","floor":14},{"not_picked":["Double Tap","Bludgeon"],"picked":"Barricade","floor":16},{"not_picked":["Hemokinesis","Burning Pact+1"],"picked":"True Grit+1","floor":18},{"not_picked":["Burning Pact","Clothesline"],"picked":"Sword Boomerang","floor":19},{"not_picked":["Inflame","Clothesline+1"],"picked":"Thunderclap","floor":21},{"not_picked":["Armaments","Hemokinesis+1"],"picked":"Spot Weakness","floor":22},{"not_picked":["True Grit","Twin Strike"],"picked":"Limit Break","floor":23},{"not_picked":["Rampage","Rupture"],"picked":"Searing Blow+1","floor":25},{"not_picked":["Pommel Strike","Havoc"],"picked":"Warcry","floor":27},{"not_picked":["Blood for Blood","Twin Strike"],"picked":"Dark Embrace+1","floor":30},{"not_picked":["Anger","Wild Strike"],"picked":"Bloodletting","floor":31},{"not_picked":["Double Tap","Immolate"],"picked":"Berserk+1","floor":33},{"not_picked":["Ghostly Armor","Rampage+1"],"picked":"Seeing Red+1","floor":35},{"not_picked":["Clothesline","Twin Strike","Shockwave"],"picked":"SKIP","floor":38},{"not_picked":["Iron Wave+1","Anger"],"picked":"Flex","floor":39},{"not_picked":["Shockwave","Pommel Strike","Reckless Charge+1"],"picked":"SKIP","floor":41},{"not_picked":["Reckless Charge+1","Spot Weakness"],"picked":"Pommel Strike+1","floor":44},{"not_picked":["Sword Boomerang+1","Reckless Charge+1","Flex"],"picked":"SKIP","floor":46},{"not_picked":["Twin Strike","Searing Blow+1"],"picked":"Disarm","floor":48}],"player_experience":44342,"relics_obtained":[{"floor":7,"key":"Shovel"},{"floor":9,"key":"Champion Belt"},{"floor":10,"key":"Unceasing Top"},{"floor":13,"key":"Dead Branch"},{"floor":22,"key":"Nunchaku"},{"floor":22,"key":"Meat on the Bone"},{"floor":23,"key":"Juzu Bracelet"},{"floor":25,"key":"Ice Cream"},{"floor":26,"key":"Frozen Egg 2"},{"floor":27,"key":"Whetstone"},{"floor":30,"key":"Kunai"},{"floor":32,"key":"Pear"},{"floor":39,"key":"Magic Flower"},{"floor":41,"key":"Regal Pillow"},{"floor":41,"key":"Omamori"},{"floor":43,"key":"Happy Flower"},{"floor":48,"key":"Thread and Needle"},{"floor":49,"key":"Boot"}],"event_choices":[{"event_name":"Big Fish","player_choice":"Donut","floor":2,"damage_taken":0},{"event_name":"Upgrade Shrine","player_choice":"Upgraded","floor":8,"damage_taken":0},{"event_name":"World of Goop","player_choice":"Gather Gold","floor":11,"damage_taken":0},{"event_name":"Colosseum","player_choice":"Fight","floor":22,"damage_taken":0},{"event_name":"Colosseum","player_choice":"Fought Nobs","floor":22,"damage_taken":0},{"event_name":"The Library","player_choice":"Heal","floor":24,"damage_taken":0},{"event_name":"Beggar","player_choice":"Gave Gold","floor":28,"damage_taken":0},{"event_name":"Ghosts","player_choice":"Ignored","floor":29,"damage_taken":0},{"event_name":"Wheel of Change","player_choice":"Card Removal","floor":36,"damage_taken":0},{"event_name":"Falling","player_choice":"Removed Attack","floor":37,"damage_taken":0},{"event_name":"Mysterious Sphere","player_choice":"Fight","floor":39,"damage_taken":0},{"event_name":"MindBloom","player_choice":"Fight","floor":48,"damage_taken":0}],"is_beta":true,"boss_relics":[{"not_picked":["Snecko Eye","Astrolabe"],"picked":"Sozu"},{"not_picked":["Black Blood","Mark of Pain"],"picked":"Black Star"}],"items_purged_floors":[42],"is_endless":false,"potions_floor_spawned":[1,3,7,13,21,22,27,31,38,44,48],"ascension_level":3}