{"gold_per_floor":[111,286,138,138,153,153,169,180,180,180,213,213,231,243,243,346,346,334,354,279,279,298,298,329,329,352,367,379,31,31,48,48,147,147,158,158,0,13,13,13,42,42,66,6,6,6,18,29,29,29],"floor_reached":51,"playtime":4380,"items_purged":["Doubt","Strike_B"],"score":987,"play_id":"8aa8f584-6291-42f4-8778-f9867808d83c","local_time":"20180704225207","is_ascension_mode":true,"campfire_choices":[{"data":"Hologram","floor":6,"key":"SMITH"},{"floor":10,"key":"REST"},{"data":"Cold Snap","floor":15,"key":"SMITH"},{"data":"Defragment","floor":23,"key":"SMITH"},{"data":"Storm","floor":30,"key":"SMITH"},{"data":"Capacitor","floor":32,"key":"SMITH"},{"data":"Coolheaded","floor":40,"key":"SMITH"},{"data":"Buffer","floor":42,"key":"SMITH"},{"floor":49,"key":"REST"}],"neow_cost":"NONE","seed_source_timestamp":632248618073681,"circlet_count":0,"master_deck":["Strike_B+1","Strike_B+1","Defend_B","Defend_B","Defend_B","Defend_B","Zap+1","Dualcast","Coolheaded+1","Glacier+1","Hologram+1","Streamline","Glacier","Cold Snap+1","Electrodynamics","Defragment+1","Consume+1","Thunder Strike+1","Self Repair","Storm+1","Biased Cognition","Loop","Capacitor+1","Conserve Battery","Buffer+1","Coolheaded+1","Deep Breath","Deep Breath","Flash of Steel","FTL+1","Madness","Madness","Conserve Battery+1","Hologram+1"],"relics":["Cracked Core","Potion Belt","Darkstone Periapt","Dodecahedron","Nuclear Battery","The Courier","Anchor","Inserter","Du-Vu Doll","Red Mask","Art of War","Whetstone"],"potions_floor_usage":[11,16,16,16,22,33,33,41,47,50,50],"damage_taken":[{"damage":1,"enemies":"2 Louse","floor":1,"turns":3},{"damage":3,"enemies":"Small Slimes","floor":5,"turns":4},{"damage":3,"enemies":"Jaw Worm","floor":7,"turns":4},{"damage":22,"enemies":"Exordium Wildlife","floor":8,"turns":11},{"damage":14,"enemies":"Gremlin Nob","floor":11,"turns":5},{"damage":4,"enemies":"Blue Slaver","floor":13,"turns":3},{"damage":0,"enemies":"3 Louse","floor":14,"turns":3},{"damage":31,"enemies":"Hexaghost","floor":16,"turns":15},{"damage":17,"enemies":"2 Thieves","floor":18,"turns":4},{"damage":0,"enemies":"Chosen","floor":19,"turns":4},{"damage":8,"enemies":"Snecko","floor":22,"turns":5},{"damage":22,"enemies":"Slavers","floor":24,"turns":5},{"damage":9,"enemies":"Snake Plant","floor":27,"turns":3},{"damage":0,"enemies":"Cultist and Chosen","floor":28,"turns":7},{"damage":0,"enemies":"Centurion and Healer","floor":31,"turns":5},{"damage":21,"enemies":"Automaton","floor":33,"turns":11},{"damage":0,"enemies":"3 Darklings","floor":35,"turns":2},{"damage":0,"floor":36,"turns":6},{"damage":18,"enemies":"3 Shapes","floor":38,"turns":4},{"damage":28,"enemies":"2 Orb Walkers","floor":41,"turns":5},{"damage":0,"enemies":"Maw","floor":47,"turns":5},{"damage":33,"enemies":"Sphere and 2 Shapes","floor":48,"turns":4},{"damage":11,"enemies":"Donu and Deca","floor":50,"turns":10}],"seed_played":"-884563177600556650","potions_obtained":[{"floor":7,"key":"Swift Potion"},{"floor":8,"key":"Poison Potion"},{"floor":13,"key":"SpeedPotion"},{"floor":14,"key":"Block Potion"},{"floor":19,"key":"Regen Potion"},{"floor":24,"key":"Energy Potion"},{"floor":31,"key":"EssenceOfSteel"},{"floor":33,"key":"LiquidBronze"},{"floor":35,"key":"Regen Potion"},{"floor":36,"key":"FocusPotion"},{"floor":41,"key":"SneckoOil"},{"floor":48,"key":"SpeedPotion"}],"is_trial":false,"path_per_floor":["M","?","$","?","M","R","M","M","T","R","E","?","M","M","R","B",null,"M","M","?","?","M","R","E","?","T","M","M","$","R","M","R","B",null,"M","?","?","M","?","R","E","R","T","$","?","?","M","M","R","B"],"character_chosen":"DEFECT","items_purchased":["Glacier","Storm","Biased Cognition","Loop","Capacitor","Regen Potion"],"campfire_rested":2,"item_purchase_floors":[3,29,29,29,29,44],"current_hp_per_floor":[74,74,74,74,71,71,68,46,46,68,54,39,35,35,35,4,75,58,58,58,58,62,62,40,40,40,31,38,38,38,45,45,31,75,75,75,75,57,47,47,40,40,40,40,40,31,43,17,39,35],"gold":29,"neow_bonus":"RANDOM_COMMON_RELIC","is_prod":false,"is_daily":false,"chose_seed":false,"campfire_upgraded":7,"win_rate":0,"timestamp":1530708727,"path_taken":["M","?","$","?","?","R","M","M","T","R","E","?","M","?","R","BOSS","M","M","?","?","M","R","E","?","T","M","M","$","R","M","R","BOSS","M","?","?","M","?","R","E","R","T","$","?","?","M","M","R","BOSS"],"build_version":"2018-06-28","purchased_purges":2,"victory":true,"max_hp_per_floor":[75,75,75,75,75,75,75,75,75,75,75,75,75,75,75,75,75,75,75,75,75,75,75,75,75,75,75,75,75,75,75,75,75,75,75,75,75,75,75,75,75,75,75,75,75,75,75,75,75,75],"card_choices":[{"not_picked":["Streamline","BootSequence"],"picked":"Coolheaded","floor":1},{"not_picked":["Ball Lightning","Genetic Algorithm"],"picked":"Hologram","floor":5},{"not_picked":["Rebound","Storm","Barrage"],"picked":"SKIP","floor":7},{"not_picked":["BootSequence","Turbo"],"picked":"Streamline","floor":8},{"not_picked":["Stack","Reprogram"],"picked":"Glacier","floor":11},{"not_picked":["Gash","Sweeping Beam","Glacier"],"picked":"SKIP","floor":13},{"not_picked":["Streamline","Doom and Gloom"],"picked":"Cold Snap","floor":14},{"not_picked":["Hyperbeam","Seek"],"picked":"Electrodynamics","floor":16},{"not_picked":["Leap","Barrage+1"],"picked":"Defragment","floor":18},{"not_picked":["Storm","BootSequence"],"picked":"Consume+1","floor":19},{"not_picked":["Hologram","Redo+1","Ball Lightning"],"picked":"SKIP","floor":22},{"not_picked":["Gash+1","Undo","Rebound"],"picked":"SKIP","floor":24},{"not_picked":["Go for the Eyes","Compile Driver"],"picked":"Self Repair","floor":27},{"not_picked":["Compile Driver+1","Beam Cell","Redo"],"picked":"SKIP","floor":28},{"not_picked":["Sweeping Beam","Barrage"],"picked":"Conserve Battery","floor":31},{"not_picked":["Rainbow","Fission"],"picked":"Buffer","floor":33},{"not_picked":["BootSequence+1","Rip and Tear","Beam Cell"],"picked":"SKIP","floor":35},{"not_picked":["Turbo","Sweeping Beam+1"],"picked":"Coolheaded","floor":38},{"not_picked":["Swift Strike","Purity"],"picked":"Deep Breath","floor":39},{"not_picked":["Transmutation","Bandage Up"],"picked":"Deep Breath","floor":39},{"not_picked":["Master of Strategy","Blind"],"picked":"Flash of Steel","floor":39},{"not_picked":["Chaos+1","Stack+1"],"picked":"FTL+1","floor":41},{"not_picked":["Beam Cell","Leap+1"],"picked":"Conserve Battery+1","floor":47},{"not_picked":["Compile Driver+1","Redo+1"],"picked":"Hologram+1","floor":48}],"player_experience":495754,"relics_obtained":[{"floor":9,"key":"Darkstone Periapt"},{"floor":11,"key":"Dodecahedron"},{"floor":24,"key":"The Courier"},{"floor":26,"key":"Anchor"},{"floor":36,"key":"Du-Vu Doll"},{"floor":41,"key":"Art of War"},{"floor":43,"key":"Whetstone"}],"event_choices":[{"event_name":"Liars Game","player_choice":"agreed","floor":2,"damage_taken":0},{"event_name":"Living Wall","player_choice":"Grow","floor":4,"damage_taken":0},{"event_name":"Shining Light","player_choice":"Entered Light","floor":12,"damage_taken":0},{"event_name":"Beggar","player_choice":"Gave Gold","floor":20,"damage_taken":0},{"event_name":"Upgrade Shrine","player_choice":"Upgraded","floor":21,"damage_taken":0},{"event_name":"Match and Keep!","player_choice":"1 cards matched","floor":25,"damage_taken":0},{"event_name":"MindBloom","player_choice":"Fight","floor":36,"damage_taken":0},{"event_name":"Tomb of Lord Red Mask","player_choice":"Paid","floor":37,"damage_taken":0},{"event_name":"SensoryStone","player_choice":"Memory 3","floor":39,"damage_taken":0},{"event_name":"Mysterious Sphere","player_choice":"Ignore","floor":45,"damage_taken":0},{"event_name":"Winding Halls","player_choice":"Embrace Madness","floor":46,"damage_taken":0}],"boss_relics":[{"not_picked":["Orrery","Sozu"],"picked":"Nuclear Battery"},{"not_picked":["Astrolabe","Pandora\u0027s Box"],"picked":"Inserter"}],"items_purged_floors":[3,29],"is_endless":false,"potions_floor_spawned":[7,8,13,14,19,24,31,33,35,36,41,48],"ascension_level":2}