{"path_per_floor":["M","?","M","?","M","M","E","R","T","E","?","R","M","E","R","B",null,"M","?","M","?","M","R"],"character_chosen":"THE_SILENT","items_purchased":[],"gold_per_floor":[115,65,76,76,96,112,146,146,199,230,405,405,417,450,450,552,552,572,572,588,588,602,602,602],"floor_reached":24,"campfire_rested":3,"playtime":1394,"current_hp_per_floor":[70,70,70,70,70,68,51,51,51,30,30,51,39,22,43,50,70,53,53,57,44,25,47,0],"items_purged":[],"gold":602,"score":227,"play_id":"43f64cc8-67a9-490e-b82b-03f131dbcafc","local_time":"20180325205950","is_prod":false,"is_daily":false,"is_ascension_mode":true,"campfire_upgraded":1,"timestamp":1522029590,"path_taken":["M","?","M","?","M","M","E","R","T","E","?","R","M","E","R","BOSS","M","?","M","?","M","R","E"],"build_version":"2018-03-22v2","purchased_purges":0,"victory":false,"master_deck":["Defend_G","Defend_G","Defend_G","Defend_G","Defend_G","Strike_G","Strike_G","Survivor","Neutralize+1","Terror","Slice","Poisoned Stab","PiercingWail","Dagger Throw","Bane","Dagger Throw","Doubt","Well Laid Plans","Adrenaline","Envenom","Malaise","Underhanded Strike","Calculated Gamble","Catalyst","Bane","Envenom","Slice","Poisoned Stab","Escape Plan"],"max_hp_per_floor":[70,70,70,70,70,70,70,70,70,70,70,70,70,70,70,70,70,70,70,70,75,75,75,75],"relics":["Ring of the Snake","Bird Faced Urn","Juzu Bracelet","Unceasing Top","Pen Nib","Orrery"],"card_choices":[{"not_picked":["Prepared","Deflect"],"picked":"Slice","floor":1},{"not_picked":["Acrobatics","Deadly Poison"],"picked":"Poisoned Stab","floor":3},{"not_picked":["A Thousand Cuts","Underhanded Strike"],"picked":"PiercingWail","floor":5},{"not_picked":["Blade Dance","Flying Knee"],"picked":"Dagger Throw","floor":6},{"not_picked":["Leg Sweep","Eviscerate"],"picked":"Bane","floor":7},{"not_picked":["Deadly Poison","Cloak And Dagger"],"picked":"Dagger Throw","floor":10},{"not_picked":["Catalyst","Bane"],"picked":"Well Laid Plans","floor":13},{"not_picked":["Escape Plan","Heel Hook"],"picked":"Adrenaline","floor":14},{"not_picked":["Bullet Time","Wraith Form"],"picked":"Envenom","floor":16},{"not_picked":["Dodge and Roll","Acrobatics"],"picked":"Malaise","floor":17},{"not_picked":["Prepared","Deadly Poison"],"picked":"Underhanded Strike","floor":17},{"not_picked":["Prepared","Finisher"],"picked":"Calculated Gamble","floor":17},{"not_picked":["Crippling Poison","Underhanded Strike"],"picked":"Catalyst","floor":17},{"not_picked":["Deflect","Deadly Poison"],"picked":"Bane","floor":17},{"not_picked":["Slice","Poisoned Stab"],"picked":"Envenom","floor":18},{"not_picked":["Dagger Throw","Prepared"],"picked":"Poisoned Stab","floor":20},{"not_picked":["Blade Dance","Dodge and Roll"],"picked":"Escape Plan","floor":22}],"player_experience":73512,"potions_floor_usage":[16,16,16],"damage_taken":[{"damage":0,"enemies":"Small Slimes","floor":1,"turns":3},{"damage":0,"enemies":"2 Louse","floor":3,"turns":2},{"damage":0,"enemies":"Jaw Worm","floor":5,"turns":3},{"damage":2,"enemies":"Looter","floor":6,"turns":4},{"damage":17,"enemies":"Gremlin Nob","floor":7,"turns":5},{"damage":21,"enemies":"3 Sentries","floor":10,"turns":12},{"damage":12,"enemies":"Gremlin Gang","floor":13,"turns":5},{"damage":19,"enemies":"Gremlin Nob","floor":14,"turns":4},{"damage":10,"enemies":"Hexaghost","floor":16,"turns":7},{"damage":19,"enemies":"2 Thieves","floor":18,"turns":4},{"damage":0,"enemies":"Chosen","floor":20,"turns":3},{"damage":21,"enemies":"Snake Plant","floor":22,"turns":4},{"damage":51,"enemies":"Slavers","floor":24,"turns":5}],"event_choices":[{"event_name":"The Cleric","player_choice":"Card Removal","floor":2,"damage_taken":0},{"event_name":"Living Wall","player_choice":"Forget","floor":4,"damage_taken":0},{"event_name":"Liars Game","player_choice":"agreed","floor":11,"damage_taken":0},{"event_name":"The Library","player_choice":"Read","floor":19,"damage_taken":0},{"event_name":"Forgotten Altar","player_choice":"Shed Blood","floor":21,"damage_taken":0}],"boss_relics":[{"not_picked":["Snecko Eye","Calling Bell"],"picked":"Orrery"}],"potions_floor_spawned":[3,5,10,14],"seed_played":"-7298479574906330208","killed_by":"Slavers","ascension_level":1,"is_trial":false}