{"gold_per_floor":[114,114,189,204,204,204,234,234,234,249,264,264,279,294,294,394,394,409,424,439,454,454,454,2,17,17,32,32,32,47,77,77,177,177,192,192,217,244,34,34,64,79,79,79,94,109,109,124,124,124],"floor_reached":51,"playtime":1937,"items_purged":["Clumsy"],"score":878,"play_id":"c6605a19-6603-4347-a0f2-f25eb0400593","local_time":"20180829100341","daily_mods":["Brewmaster","Uncertain Future","Vintage"],"is_ascension_mode":false,"campfire_choices":[{"data":"Venomology","floor":6,"key":"SMITH"},{"data":"Venomology","floor":8,"key":"SMITH"},{"data":"Venomology","floor":15,"key":"SMITH"},{"data":"Feed","floor":23,"key":"SMITH"},{"data":"Bash","floor":28,"key":"SMITH"},{"data":"Venomology","floor":32,"key":"SMITH"},{"data":"Mayhem","floor":40,"key":"SMITH"},{"data":"Brutality","floor":47,"key":"SMITH"},{"data":"Combust","floor":49,"key":"SMITH"}],"neow_cost":"","seed_source_timestamp":0,"circlet_count":0,"master_deck":["Strike_R+1","Strike_R+1","Strike_R","Strike_R","Defend_R+1","Defend_R","Defend_R","Defend_R+1","Bash+1","Venomology+1","Venomology+1","Venomology+1","Venomology+1","Pommel Strike","Feed+1","Brutality+1","Thunderclap+1","Shrug It Off","Offering","Mayhem+1","Combust+1","Deep Breath","Rupture","Writhe"],"special_seed":17772,"relics":["Burning Blood","White Beast Statue","Oddly Smooth Stone","Letter Opener","Paper Frog","Singing Bowl","Ornamental Fan","Regal Pillow","Bag of Preparation","Bag of Marbles","Orichalcum","Centennial Puzzle","Busted Crown","Bottled Flame","Matryoshka","Darkstone Periapt","Question Card","Membership Card","Molten Egg 2","Strawberry","Pantograph","Whetstone","Shuriken","Happy Flower","Mummified Hand","StoneCalendar","Dodecahedron","Cursed Key","Ancient Tea Set","Red Skull","MawBank","War Paint","Nunchaku","Dream Catcher","Pear","Smiling Mask","Blood Vial","Thread and Needle"],"potions_floor_usage":[1,1,1,4,4,7,7,7,7,7,7,10,10,10,10,11,11,11,11,11,13,13,14,14,14,14,16,16,16,16,18,18,18,19,19,19,19,20,20,20,21,21,21,25,25,25,27,27,27,30,30,30,30,31,31,31,31,33,33,33,33,33,33,35,35,35,38,38,38,38,38,41,41,41,41,41,42,42,42,45,45,45,46,46,46,46,46,46,48,48,50,50,50,50,50,50],"damage_taken":[{"damage":0,"enemies":"Jaw Worm","floor":1,"turns":3},{"damage":7,"enemies":"2 Louse","floor":4,"turns":3},{"damage":13,"enemies":"Lagavulin","floor":7,"turns":5},{"damage":0,"enemies":"Small Slimes","floor":10,"turns":2},{"damage":0,"enemies":"Exordium Wildlife","floor":11,"turns":3},{"damage":0,"enemies":"Large Slime","floor":13,"turns":3},{"damage":0,"enemies":"Lots of Slimes","floor":14,"turns":2},{"damage":26,"enemies":"Slime Boss","floor":16,"turns":6},{"damage":1,"enemies":"Shell Parasite","floor":18,"turns":3},{"damage":0,"enemies":"Spheric Guardian","floor":19,"turns":3},{"damage":0,"enemies":"Snake Plant","floor":20,"turns":1},{"damage":0,"enemies":"Centurion and Healer","floor":21,"turns":4},{"damage":3,"enemies":"3 Cultists","floor":25,"turns":5},{"damage":0,"enemies":"Shelled Parasite and Fungi","floor":27,"turns":4},{"damage":0,"enemies":"Snake Plant","floor":30,"turns":2},{"damage":4,"enemies":"Slavers","floor":31,"turns":2},{"damage":33,"enemies":"Champ","floor":33,"turns":7},{"damage":1,"enemies":"Orb Walker","floor":35,"turns":2},{"damage":1,"enemies":"Flame Bruiser 1 Orb","floor":38,"turns":3},{"damage":1,"enemies":"2 Orb Walkers","floor":41,"turns":2},{"damage":27,"enemies":"Spire Growth","floor":42,"turns":3},{"damage":7,"enemies":"Jaw Worm Horde","floor":45,"turns":2},{"damage":7,"enemies":"Flame Bruiser 2 Orb","floor":46,"turns":2},{"damage":25,"enemies":"4 Shapes","floor":48,"turns":3},{"damage":53,"enemies":"Donu and Deca","floor":50,"turns":6}],"seed_played":"7234858393999432779","potions_obtained":[{"floor":1,"key":"Energy Potion"},{"floor":7,"key":"Poison Potion"},{"floor":10,"key":"Dexterity Potion"},{"floor":11,"key":"SkillPotion"},{"floor":14,"key":"Energy Potion"},{"floor":16,"key":"Fire Potion"},{"floor":19,"key":"SteroidPotion"},{"floor":20,"key":"Weak Potion"},{"floor":21,"key":"PowerPotion"},{"floor":27,"key":"AttackPotion"},{"floor":30,"key":"GamblersBrew"},{"floor":31,"key":"Block Potion"},{"floor":33,"key":"Energy Potion"},{"floor":35,"key":"Energy Potion"},{"floor":38,"key":"LiquidBronze"},{"floor":41,"key":"Weak Potion"},{"floor":42,"key":"Swift Potion"},{"floor":45,"key":"Poison Potion"},{"floor":46,"key":"SkillPotion"},{"floor":48,"key":"GamblersBrew"}],"is_trial":false,"path_per_floor":["M","$","?","M","?","R","E","R","T","M","M","?","M","M","R","B",null,"M","M","M","M","?","R","$","M","T","M","R","?","M","E","R","B",null,"M","?","T","M","$","R","E","M","T","?","M","M","R","M","R","B"],"character_chosen":"IRONCLAD","items_purchased":["Membership Card","Molten Egg 2","Strawberry","Thunderclap+1","Shrug It Off","Mayhem","Combust","Deep Breath"],"campfire_rested":0,"item_purchase_floors":[24,24,24,24,24,39,39,39],"current_hp_per_floor":[83,83,72,71,76,76,69,69,69,80,88,88,88,88,88,68,88,91,91,91,94,94,94,101,105,105,105,105,105,109,115,115,88,115,119,119,125,125,125,125,129,108,124,124,127,129,129,121,121,101],"gold":124,"neow_bonus":"","is_prod":false,"is_daily":true,"chose_seed":false,"campfire_upgraded":9,"win_rate":0,"timestamp":1535529821,"path_taken":["M","$","?","M","?","R","E","R","T","M","M","?","M","M","R","BOSS","M","M","M","M","?","R","$","?","T","M","R","?","M","E","R","BOSS","M","?","?","M","$","R","E","M","T","?","M","M","R","M","R","BOSS"],"build_version":"2018-08-28","purchased_purges":1,"victory":true,"max_hp_per_floor":[83,83,83,83,88,88,88,88,88,88,88,88,88,88,88,88,88,91,91,91,94,94,94,101,105,105,105,105,105,109,115,115,115,115,119,119,125,125,125,125,129,129,145,138,142,145,145,149,149,149],"card_choices":[{"not_picked":["Evolve","Clothesline"],"picked":"Pommel Strike","floor":7},{"not_picked":["Juggernaut","Berserk"],"picked":"Feed","floor":16},{"not_picked":["Perfected Strike+1","Clash+1"],"picked":"Singing Bowl","floor":31},{"not_picked":["Limit Break"],"picked":"Offering","floor":33},{"not_picked":["Headbutt+1"],"picked":"Rupture","floor":41}],"player_experience":75016,"relics_obtained":[{"floor":1,"key":"Oddly Smooth Stone"},{"floor":4,"key":"Letter Opener"},{"floor":7,"key":"Paper Frog"},{"floor":9,"key":"Singing Bowl"},{"floor":10,"key":"Ornamental Fan"},{"floor":11,"key":"Regal Pillow"},{"floor":13,"key":"Bag of Marbles"},{"floor":14,"key":"Orichalcum"},{"floor":16,"key":"Centennial Puzzle"},{"floor":18,"key":"Bottled Flame"},{"floor":19,"key":"Matryoshka"},{"floor":20,"key":"Darkstone Periapt"},{"floor":21,"key":"Question Card"},{"floor":25,"key":"Pantograph"},{"floor":26,"key":"Whetstone"},{"floor":26,"key":"Shuriken"},{"floor":27,"key":"Happy Flower"},{"floor":30,"key":"Mummified Hand"},{"floor":31,"key":"StoneCalendar"},{"floor":33,"key":"Dodecahedron"},{"floor":35,"key":"Ancient Tea Set"},{"floor":37,"key":"Red Skull"},{"floor":37,"key":"MawBank"},{"floor":38,"key":"War Paint"},{"floor":41,"key":"Nunchaku"},{"floor":42,"key":"Dream Catcher"},{"floor":43,"key":"Pear"},{"floor":45,"key":"Smiling Mask"},{"floor":46,"key":"Blood Vial"},{"floor":48,"key":"Thread and Needle"}],"event_choices":[{"event_name":"World of Goop","player_choice":"Gather Gold","floor":3,"damage_taken":0},{"event_name":"Big Fish","player_choice":"Donut","floor":5,"damage_taken":0},{"event_name":"WeMeetAgain","player_choice":"Card","floor":12,"damage_taken":0},{"event_name":"Transmorgrifier","player_choice":"Transform","floor":22,"damage_taken":0},{"event_name":"Beggar","player_choice":"Ignored","floor":29,"damage_taken":0},{"event_name":"Tomb of Lord Red Mask","player_choice":"Ignored","floor":36,"damage_taken":0},{"event_name":"Winding Halls","player_choice":"Max HP","floor":44,"damage_taken":0}],"is_beta":true,"boss_relics":[{"not_picked":["Fusion Hammer","Calling Bell"],"picked":"Busted Crown"},{"not_picked":["Runic Cube","Astrolabe"],"picked":"Cursed Key"}],"items_purged_floors":[39],"is_endless":false,"potions_floor_spawned":[1,4,7,10,11,13,14,16,18,19,20,21,25,27,30,31,33,35,38,41,42,45,46,48],"ascension_level":0}