{"gold_per_floor":[119,119,138,138,138,138,152,152,176,209,233,233,233,271,271,401,401,416,416,443,459,459,503,503,542,542,565,598,598,632,655,655,779,779,804,929,950,975,437,480,480,521,598,616,616,616,616,616,616,616,616,616,86,120,120],"floor_reached":55,"playtime":2849,"items_purged":["Defend_R"],"score":1459,"play_id":"770be12b-90a5-47ea-87ca-9e2ac906c94a","local_time":"20190128220915","is_ascension_mode":true,"campfire_choices":[{"data":"Sword Boomerang","floor":6,"key":"SMITH"},{"data":"Spot Weakness","floor":8,"key":"SMITH"},{"floor":15,"key":"REST"},{"data":"Limit Break","floor":24,"key":"SMITH"},{"data":"Intimidate","floor":32,"key":"SMITH"},{"floor":41,"key":"RECALL"},{"floor":45,"key":"REST"},{"floor":49,"key":"REST"},{"floor":52,"key":"REST"}],"neow_cost":"PERCENT_DAMAGE","seed_source_timestamp":8833003312760,"circlet_count":0,"master_deck":["AscendersBane","Strike_R+1","Strike_R+1","Defend_R","Bash","Spot Weakness+1","Sword Boomerang+1","Impervious","Ghostly Armor+1","Flex","Limit Break+1","Intimidate+1","Impervious+1","Fiend Fire+1","Shrug It Off+1","Battle Trance+1","Whirlwind","Flex","Feel No Pain","Ghostly Armor+1","Pummel","Power Through+1","Sword Boomerang+1","Flame Barrier+1","Limit Break+1","Warcry+1","Flex+1","Disarm+1","Shrug It Off+1","Heavy Blade","Impervious+1","Shrug It Off+1","Intimidate+1","Thunderclap+1","Impervious+1","Rupture+1","Madness+1","Madness+1","Limit Break+1","Finesse+1","Finesse+1","Finesse+1","Heavy Blade","Heavy Blade+1","Disarm+1","Sword Boomerang"],"relics":["Burning Blood","Golden Idol","Ancient Tea Set","Kunai","Red Skull","Dream Catcher","Question Card","Astrolabe","Enchiridion","PreservedInsect","Meat on the Bone","Darkstone Periapt","Smiling Mask","Paper Frog","Matryoshka","Orichalcum","Toxic Egg 2","Bag of Marbles","Fusion Hammer","Turnip","Vajra","Bag of Preparation","Regal Pillow","Letter Opener","Juzu Bracelet","Strange Spoon","Blood Vial","War Paint"],"potions_floor_usage":[14,16,16,18,28,30,33,36,40,50,55,55],"damage_taken":[{"damage":9,"enemies":"2 Louse","floor":1,"turns":3},{"damage":0,"enemies":"Small Slimes","floor":3,"turns":3},{"damage":0,"enemies":"Jaw Worm","floor":7,"turns":1},{"damage":17,"enemies":"Gremlin Nob","floor":10,"turns":4},{"damage":3,"enemies":"Blue Slaver","floor":11,"turns":3},{"damage":14,"enemies":"3 Sentries","floor":14,"turns":4},{"damage":4,"enemies":"Slime Boss","floor":16,"turns":10},{"damage":35,"enemies":"3 Byrds","floor":18,"turns":6},{"damage":3,"enemies":"2 Thieves","floor":21,"turns":3},{"damage":21,"enemies":"Book of Stabbing","floor":23,"turns":4},{"damage":0,"enemies":"Slavers","floor":25,"turns":1},{"damage":5,"enemies":"Snake Plant","floor":27,"turns":4},{"damage":11,"enemies":"Book of Stabbing","floor":28,"turns":5},{"damage":19,"enemies":"Slavers","floor":30,"turns":6},{"damage":0,"enemies":"Snecko","floor":31,"turns":3},{"damage":34,"enemies":"Champ","floor":33,"turns":8},{"damage":3,"enemies":"3 Darklings","floor":35,"turns":6},{"damage":0,"enemies":"Mind Bloom Boss Battle","floor":36,"turns":11},{"damage":2,"enemies":"Orb Walker","floor":37,"turns":3},{"damage":15,"enemies":"3 Darklings","floor":38,"turns":4},{"damage":7,"enemies":"Giant Head","floor":40,"turns":6},{"damage":2,"enemies":"Nemesis","floor":42,"turns":5},{"damage":15,"enemies":"Spire Growth","floor":44,"turns":4},{"damage":40,"enemies":"Awakened One","floor":50,"turns":6},{"damage":0,"enemies":"Shield and Spear","floor":54,"turns":3},{"damage":105,"enemies":"The Heart","floor":55,"turns":11}],"seed_played":"1347460023469182649","potions_obtained":[{"floor":1,"key":"Fire Potion"},{"floor":11,"key":"Fire Potion"},{"floor":14,"key":"Swift Potion"},{"floor":16,"key":"PowerPotion"},{"floor":23,"key":"SteroidPotion"},{"floor":28,"key":"Strength Potion"},{"floor":30,"key":"Fire Potion"},{"floor":31,"key":"Regen Potion"},{"floor":36,"key":"Dexterity Potion"},{"floor":38,"key":"Swift Potion"},{"floor":44,"key":"SteroidPotion"}],"is_trial":false,"path_per_floor":["M","?","M","?","T","R","M","R","T","E","M","?","?","E","R","B",null,"M","?","T","M","T","E","R","E","T","M","E","T","E","M","R","B",null,"M","?","M","M","$","E","R","E","T","M","R","?","?","?","R","B",null,"R","$","E","B"],"character_chosen":"IRONCLAD","items_purchased":["Vajra","Bag of Preparation","Heavy Blade","Impervious+1","Shrug It Off+1","Weak Potion","Disarm+1","Strange Spoon","Blood Vial"],"campfire_rested":4,"item_purchase_floors":[39,39,39,39,39,53,53,53,53],"current_hp_per_floor":[48,48,54,47,47,47,53,53,53,42,45,38,22,14,38,40,70,41,25,25,28,28,25,25,43,43,56,51,51,50,56,56,55,74,77,80,80,71,71,70,70,74,74,65,80,70,70,60,80,58,75,80,80,80,0],"gold":120,"neow_bonus":"REMOVE_TWO","is_prod":false,"is_daily":false,"chose_seed":false,"campfire_upgraded":4,"win_rate":0,"timestamp":1548734955,"path_taken":["M","?","M","?","?","R","M","R","T","E","?","?","?","E","R","BOSS","M","?","?","M","?","E","R","E","T","M","E","?","E","M","R","BOSS","M","?","M","M","$","E","R","E","T","M","R","?","?","?","R","BOSS","R","$","E","BOSS"],"build_version":"2019-01-23","purchased_purges":1,"victory":false,"max_hp_per_floor":[80,80,80,80,80,80,80,80,80,80,80,80,80,80,80,80,80,80,80,80,80,80,80,80,80,80,80,80,80,80,80,80,80,80,80,80,80,80,80,80,80,80,80,80,80,80,80,80,80,80,80,80,80,80,80],"card_choices":[{"not_picked":["Infernal Blade","Perfected Strike"],"picked":"Spot Weakness","floor":1},{"not_picked":["Sever Soul","Flex"],"picked":"Sword Boomerang","floor":3},{"not_picked":["Shrug It Off","Warcry"],"picked":"Impervious","floor":7},{"not_picked":["Bloodletting","Cleave"],"picked":"Ghostly Armor","floor":10},{"not_picked":["Anger","Wild Strike"],"picked":"Flex","floor":11},{"not_picked":["Shockwave","Evolve"],"picked":"Limit Break","floor":14},{"not_picked":["Burning Pact","Thunderclap","Corruption"],"picked":"Intimidate","floor":15},{"not_picked":["Dark Embrace","Double Tap","Brutality"],"picked":"Impervious","floor":16},{"not_picked":["Twin Strike","Clash","Shockwave"],"picked":"Whirlwind","floor":18},{"not_picked":["Cleave","Rage","Headbutt+1"],"picked":"Flex","floor":21},{"not_picked":["Sentinel","Clash","Wild Strike"],"picked":"Feel No Pain","floor":23},{"not_picked":["Uppercut","Armaments","Sword Boomerang+1"],"picked":"Ghostly Armor+1","floor":25},{"not_picked":["Clash","Anger","Ghostly Armor"],"picked":"Pummel","floor":27},{"not_picked":["Uppercut","Sword Boomerang","Pommel Strike"],"picked":"Power Through+1","floor":28},{"not_picked":["Warcry+1","Bludgeon","Thunderclap"],"picked":"Sword Boomerang+1","floor":30},{"not_picked":["Perfected Strike","Flex+1","Battle Trance+1"],"picked":"Flame Barrier+1","floor":31},{"not_picked":["Demon Form","Brutality","Reaper"],"picked":"Limit Break+1","floor":33},{"not_picked":["Iron Wave+1","Blood for Blood+1","Fire Breathing"],"picked":"Warcry+1","floor":35},{"not_picked":["Clothesline","Clash+1","Twin Strike"],"picked":"Flex+1","floor":36},{"not_picked":["Pommel Strike+1","Cleave+1","Second Wind+1"],"picked":"Disarm+1","floor":37},{"not_picked":["Thunderclap","Immolate","Twin Strike"],"picked":"Shrug It Off+1","floor":38},{"not_picked":["Headbutt+1","Havoc+1","Anger"],"picked":"Intimidate+1","floor":40},{"not_picked":["Combust","Clash","Iron Wave"],"picked":"Thunderclap+1","floor":42},{"not_picked":["Whirlwind","True Grit+1","Power Through+1"],"picked":"Impervious+1","floor":44},{"not_picked":["Clothesline","Thunderclap","Body Slam"],"picked":"Rupture+1","floor":45},{"not_picked":["Enlightenment+1","Trip+1","Purity+1"],"picked":"Finesse+1","floor":48},{"not_picked":["Flash of Steel","Panache","Forethought+1"],"picked":"Finesse+1","floor":48},{"not_picked":["Metamorphosis+1","Discovery+1","Bandage Up+1"],"picked":"Finesse+1","floor":48},{"not_picked":["Entrench+1","Headbutt","Pommel Strike"],"picked":"Heavy Blade","floor":49},{"not_picked":["True Grit+1","Twin Strike","Whirlwind"],"picked":"Heavy Blade+1","floor":52},{"not_picked":["Rage+1","Iron Wave","Wild Strike+1"],"picked":"Sword Boomerang","floor":54}],"player_experience":495556,"relics_obtained":[{"floor":5,"key":"Kunai"},{"floor":9,"key":"Red Skull"},{"floor":10,"key":"Dream Catcher"},{"floor":14,"key":"Question Card"},{"floor":19,"key":"Enchiridion"},{"floor":20,"key":"PreservedInsect"},{"floor":22,"key":"Meat on the Bone"},{"floor":23,"key":"Darkstone Periapt"},{"floor":25,"key":"Smiling Mask"},{"floor":26,"key":"Paper Frog"},{"floor":28,"key":"Matryoshka"},{"floor":29,"key":"Orichalcum"},{"floor":29,"key":"Toxic Egg 2"},{"floor":30,"key":"Bag of Marbles"},{"floor":36,"key":"Turnip"},{"floor":40,"key":"Regal Pillow"},{"floor":42,"key":"Letter Opener"},{"floor":43,"key":"Juzu Bracelet"},{"floor":54,"key":"War Paint"}],"event_choices":[{"damage_healed":0,"gold_gain":0,"player_choice":"Take Wound","damage_taken":0,"relics_obtained":["Golden Idol"],"max_hp_gain":0,"max_hp_loss":0,"event_name":"Golden Idol","floor":2,"gold_loss":0,"cards_obtained":["Injury"]},{"damage_healed":0,"gold_gain":0,"player_choice":"Success","damage_taken":7,"relics_obtained":["Ancient Tea Set"],"max_hp_gain":0,"max_hp_loss":0,"event_name":"Scrap Ooze","floor":4,"gold_loss":0},{"cards_removed":["Injury"],"damage_healed":0,"gold_gain":0,"player_choice":"Card Removal","damage_taken":7,"max_hp_gain":0,"max_hp_loss":0,"event_name":"Golden Wing","floor":12,"gold_loss":0},{"damage_healed":0,"gold_gain":0,"player_choice":"Entered Light","damage_taken":16,"max_hp_gain":0,"max_hp_loss":0,"event_name":"Shining Light","floor":13,"gold_loss":0,"cards_upgraded":["Strike_R","Strike_R"]},{"damage_healed":0,"gold_gain":0,"player_choice":"Obtained Book","damage_taken":16,"max_hp_gain":0,"max_hp_loss":0,"event_name":"Cursed Tome","floor":19,"gold_loss":0},{"damage_healed":0,"gold_gain":0,"player_choice":"Fight","damage_taken":0,"max_hp_gain":0,"max_hp_loss":0,"event_name":"MindBloom","floor":36,"gold_loss":0},{"damage_healed":0,"gold_gain":0,"player_choice":"Embrace Madness","damage_taken":10,"max_hp_gain":0,"max_hp_loss":0,"event_name":"Winding Halls","floor":46,"gold_loss":0,"cards_obtained":["Madness","Madness"]},{"damage_healed":0,"gold_gain":0,"player_choice":"Copied","damage_taken":0,"max_hp_gain":0,"max_hp_loss":0,"event_name":"Duplicator","floor":47,"gold_loss":0,"cards_obtained":["Limit Break"]},{"damage_healed":0,"gold_gain":0,"player_choice":"Memory 3","damage_taken":10,"max_hp_gain":0,"max_hp_loss":0,"event_name":"SensoryStone","floor":48,"gold_loss":0}],"is_beta":false,"boss_relics":[{"not_picked":["Philosopher\u0027s Stone","Snecko Eye"],"picked":"Astrolabe"},{"not_picked":["Runic Pyramid","Orrery"],"picked":"Fusion Hammer"}],"items_purged_floors":[53],"is_endless":false,"potions_floor_spawned":[1,11,14,16,23,28,30,31,36,38,44],"killed_by":"The Heart","ascension_level":12}