{"gold_per_floor":[117,117,117,136,148,177,177,212,237,262,44,44,68,89,89,208,208,222,222,222,243,37,37],"floor_reached":23,"playtime":923,"items_purged":["Normality"],"score":269,"play_id":"0cc6c19f-5fe2-4ac1-9423-87ae800b378e","local_time":"20190206095616","is_ascension_mode":true,"campfire_choices":[{"floor":7,"key":"REST"},{"floor":15,"key":"REST"}],"neow_cost":"NONE","seed_source_timestamp":73553391207442,"circlet_count":0,"master_deck":["Strike_R","Strike_R","Strike_R","Strike_R","Strike_R","Defend_R","Defend_R","Defend_R","Defend_R","Bash+1","Iron Wave","Pommel Strike","Iron Wave","Inflame","Shrug It Off","Carnage","Spot Weakness","Injury","Bloodletting","Perfected Strike","Exhume","Decay","Parasite","Havoc","Warcry+1","Clothesline","Flex+1"],"relics":["Burning Blood","Bag of Preparation","Smiling Mask","Centennial Puzzle","Odd Mushroom","Pen Nib","Golden Idol","Calling Bell","Omamori","Darkstone Periapt","Prayer Wheel","MutagenicStrength","Dream Catcher"],"potions_floor_usage":[6,6,8,10,16],"damage_taken":[{"damage":3,"enemies":"Jaw Worm","floor":1,"turns":5},{"damage":1,"enemies":"Cultist","floor":4,"turns":4},{"damage":2,"enemies":"2 Louse","floor":5,"turns":3},{"damage":53,"enemies":"Lagavulin","floor":6,"turns":8},{"damage":27,"enemies":"Gremlin Nob","floor":8,"turns":4},{"damage":34,"enemies":"The Mushroom Lair","floor":10,"turns":5},{"damage":12,"enemies":"Exordium Wildlife","floor":13,"turns":3},{"damage":8,"enemies":"Blue Slaver","floor":14,"turns":4},{"damage":14,"enemies":"Slime Boss","floor":16,"turns":5},{"damage":38,"enemies":"Spheric Guardian","floor":18,"turns":5},{"damage":24,"enemies":"Chosen","floor":21,"turns":4},{"damage":25,"enemies":"Book of Stabbing","floor":23,"turns":2}],"seed_played":"6861339766699620758","potions_obtained":[{"floor":3,"key":"BloodPotion"},{"floor":3,"key":"Explosive Potion"},{"floor":3,"key":"Swift Potion"},{"floor":8,"key":"Weak Potion"},{"floor":10,"key":"FearPotion"}],"is_trial":false,"path_per_floor":["M","?","?","M","M","E","R","E","T","?","$","?","M","M","R","B",null,"M","?","?","M","$","E"],"character_chosen":"IRONCLAD","items_purchased":["Pen Nib","Spot Weakness","Dream Catcher"],"campfire_rested":2,"item_purchase_floors":[11,11,22],"current_hp_per_floor":[83,83,83,88,88,41,67,54,54,26,26,26,20,18,44,36,75,43,43,43,25,25,0],"gold":37,"neow_bonus":"TEN_PERCENT_HP_BONUS","is_prod":false,"is_daily":false,"chose_seed":false,"campfire_upgraded":0,"win_rate":0,"timestamp":1549418176,"path_taken":["M","?","?","?","M","E","R","E","T","?","$","?","M","M","R","BOSS","M","?","?","M","$","E"],"build_version":"2019-01-23","purchased_purges":1,"victory":false,"max_hp_per_floor":[88,88,88,88,88,88,88,88,88,88,88,88,88,88,88,88,88,88,88,88,88,88,88],"card_choices":[{"not_picked":["Ghostly Armor","Heavy Blade"],"picked":"Iron Wave","floor":1},{"not_picked":["Evolve","Second Wind"],"picked":"Pommel Strike","floor":4},{"not_picked":["Pommel Strike","Entrench"],"picked":"Iron Wave","floor":5},{"not_picked":["Pommel Strike","Twin Strike"],"picked":"Inflame","floor":6},{"not_picked":["Cleave","Iron Wave"],"picked":"Shrug It Off","floor":8},{"not_picked":["Wild Strike","Reckless Charge"],"picked":"Carnage","floor":10},{"not_picked":["Blood for Blood","Headbutt"],"picked":"Bloodletting","floor":13},{"not_picked":["Headbutt","Reckless Charge"],"picked":"Perfected Strike","floor":14},{"not_picked":["Fiend Fire","Juggernaut"],"picked":"Exhume","floor":16},{"not_picked":["Bloodletting","Second Wind"],"picked":"Havoc","floor":18},{"not_picked":["Havoc+1","Pommel Strike"],"picked":"Warcry+1","floor":18},{"not_picked":["True Grit+1","Armaments"],"picked":"Clothesline","floor":21},{"not_picked":["Rampage","Sword Boomerang"],"picked":"Flex+1","floor":21}],"player_experience":81485,"relics_obtained":[{"floor":6,"key":"Bag of Preparation"},{"floor":8,"key":"Smiling Mask"},{"floor":9,"key":"Centennial Puzzle"},{"floor":10,"key":"Odd Mushroom"},{"floor":17,"key":"Omamori"},{"floor":17,"key":"Darkstone Periapt"},{"floor":17,"key":"Prayer Wheel"}],"event_choices":[{"damage_healed":0,"gold_gain":0,"player_choice":"Grow","damage_taken":0,"max_hp_gain":0,"max_hp_loss":0,"event_name":"Living Wall","floor":2,"gold_loss":0,"cards_upgraded":["Bash"]},{"damage_healed":0,"gold_gain":0,"player_choice":"Got Potions","damage_taken":0,"max_hp_gain":0,"max_hp_loss":0,"event_name":"Lab","floor":3,"gold_loss":0},{"damage_healed":0,"gold_gain":0,"player_choice":"Fought Mushrooms","damage_taken":0,"max_hp_gain":0,"max_hp_loss":0,"event_name":"Mushrooms","floor":10,"gold_loss":0},{"damage_healed":0,"gold_gain":0,"player_choice":"Take Wound","damage_taken":0,"relics_obtained":["Golden Idol"],"max_hp_gain":0,"max_hp_loss":0,"event_name":"Golden Idol","floor":12,"gold_loss":0,"cards_obtained":["Injury"]},{"damage_healed":0,"gold_gain":0,"player_choice":"Ignored","damage_taken":0,"max_hp_gain":0,"max_hp_loss":0,"event_name":"Ghosts","floor":19,"gold_loss":0},{"damage_healed":0,"gold_gain":0,"player_choice":"Inject Mutagens","damage_taken":0,"relics_obtained":["MutagenicStrength"],"max_hp_gain":0,"max_hp_loss":0,"event_name":"Drug Dealer","floor":20,"gold_loss":0}],"is_beta":false,"boss_relics":[{"not_picked":["Astrolabe","Cursed Key"],"picked":"Calling Bell"}],"items_purged_floors":[22],"is_endless":false,"potions_floor_spawned":[4,8,10],"killed_by":"Book of Stabbing","ascension_level":7}