{"gold_per_floor":[114,189,204,219,234,249,249,424,424,10,10,40,5,5,5,5],"floor_reached":16,"playtime":789,"items_purged":[],"score":125,"play_id":"f300fd32-432f-495b-904b-80033988ead5","local_time":"20180917014044","daily_mods":["Specialized","Lethality","Terminal"],"is_ascension_mode":false,"campfire_choices":[{"floor":7,"key":"REST"},{"floor":11,"key":"REST"},{"floor":15,"key":"REST"}],"neow_cost":"","seed_source_timestamp":271934304798987,"circlet_count":0,"master_deck":["Strike_B","Strike_B","Strike_B","Strike_B","Defend_B","Defend_B","Defend_B","Defend_B","Zap","Dualcast","All For One","All For One","All For One","All For One","All For One","Undo","Coolheaded","Undo","Blizzard","Echo Form","Doubt","Thinking Ahead","Rainbow"],"special_seed":17791,"relics":["Cracked Core","Cables","Gambling Chip","Runic Capacitor","Happy Flower","Ice Cream"],"potions_floor_usage":[],"damage_taken":[{"damage":0,"enemies":"Cultist","floor":1,"turns":3},{"damage":6,"enemies":"2 Louse","floor":3,"turns":2},{"damage":3,"enemies":"Small Slimes","floor":4,"turns":2},{"damage":0,"enemies":"Looter","floor":5,"turns":5},{"damage":4,"enemies":"2 Fungi Beasts","floor":6,"turns":3},{"damage":25,"enemies":"Gremlin Nob","floor":12,"turns":4},{"damage":65,"enemies":"Hexaghost","floor":16,"turns":9}],"seed_played":"2472854970281595153","potions_obtained":[{"floor":3,"key":"GamblersBrew"},{"floor":12,"key":"SteroidPotion"}],"is_trial":false,"path_per_floor":["M","T","M","M","M","M","R","?","T","$","R","E","?","?","R"],"character_chosen":"DEFECT","items_purchased":["Thinking Ahead","Runic Capacitor"],"campfire_rested":3,"item_purchase_floors":[10,10],"current_hp_per_floor":[73,72,66,63,63,59,67,66,65,64,63,38,53,53,59,0],"gold":5,"neow_bonus":"","is_prod":false,"is_daily":true,"chose_seed":false,"campfire_upgraded":0,"win_rate":0.0,"timestamp":1537166444,"path_taken":["M","?","M","M","M","M","R","?","T","$","R","E","?","?","R","BOSS"],"build_version":"2018-09-06","purchased_purges":0,"victory":false,"max_hp_per_floor":[73,72,71,70,69,68,67,66,65,64,63,62,61,60,59,59],"card_choices":[{"not_picked":["Leap","Steam"],"picked":"Undo","floor":1},{"not_picked":["Streamline","Chaos"],"picked":"Coolheaded","floor":3},{"not_picked":["Leap","Streamline"],"picked":"Undo","floor":4},{"not_picked":["Coolheaded","Beam Cell"],"picked":"Blizzard","floor":5},{"not_picked":["Skim","Sweeping Beam"],"picked":"Echo Form","floor":6},{"not_picked":["Beam Cell","Leap"],"picked":"Rainbow","floor":12}],"player_experience":14664,"relics_obtained":[{"floor":2,"key":"Cables"},{"floor":9,"key":"Gambling Chip"},{"floor":12,"key":"Happy Flower"}],"event_choices":[{"event_name":"Liars Game","player_choice":"agreed","floor":8,"damage_taken":0},{"event_name":"The Cleric","player_choice":"Healed","floor":13,"damage_taken":0},{"event_name":"Dead Adventurer","player_choice":"Searched \u00271\u0027 times","floor":14,"damage_taken":0}],"is_beta":false,"boss_relics":[],"items_purged_floors":[],"is_endless":false,"potions_floor_spawned":[3,12],"killed_by":"Hexaghost","ascension_level":0}