{"path_per_floor":["M","?","M","?","M","R","E","R","T","M","R","E","?","M","R","B",null,"M","$","?","T","M","E","M","R","T","M","?","$","M","?","R"],"character_chosen":"IRONCLAD","items_purchased":["Lee\u0027s Waffle","Perfected Strike"],"gold_per_floor":[115,115,126,126,142,142,175,175,175,185,185,218,218,230,230,326,326,343,148,148,196,207,232,243,243,292,309,232,185,197,197,197,197],"floor_reached":33,"campfire_rested":2,"playtime":1646,"item_purchase_floors":[19,29],"current_hp_per_floor":[68,73,72,72,77,77,48,48,48,43,68,58,58,53,53,37,73,44,92,46,46,11,15,18,43,43,45,45,45,42,42,53,0],"items_purged":[],"gold":197,"score":396,"play_id":"dd8f1b30-4728-4435-9ab6-88986e36a066","local_time":"20180610232801","is_prod":false,"is_daily":false,"chose_seed":false,"is_ascension_mode":true,"campfire_upgraded":4,"win_rate":0,"timestamp":1528691281,"campfire_choices":[{"data":"Rampage","floor":6,"key":"SMITH"},{"data":"Perfected Strike","floor":8,"key":"SMITH"},{"floor":11,"key":"REST"},{"data":"Perfected Strike","floor":15,"key":"SMITH"},{"floor":25,"key":"REST"},{"data":"Perfected Strike","floor":32,"key":"SMITH"}],"path_taken":["M","?","M","?","?","R","E","R","T","M","R","E","?","M","R","BOSS","M","$","?","?","M","E","?","R","T","M","?","?","M","?","R","BOSS"],"build_version":"2018-06-07v3","seed_source_timestamp":46147357785054,"purchased_purges":0,"victory":false,"master_deck":["Strike_R","Strike_R","Strike_R","Strike_R","Strike_R","Defend_R","Defend_R","Defend_R","Defend_R","Bash","Exhume","Perfected Strike+1","Rampage+1","Shrug It Off","Twin Strike","Armaments","Perfected Strike+1","Feed","Twin Strike","Ghostly","Ghostly","Ghostly","Ghostly","Ghostly","Seeing Red","Warcry","Warcry","J.A.X.","Perfected Strike+1","Spot Weakness"],"max_hp_per_floor":[80,85,85,85,85,85,85,85,85,85,85,85,85,85,85,85,85,85,92,46,46,49,53,53,53,53,53,53,53,53,53,53,53],"relics":["Burning Blood","Paper Frog","Question Card","Turnip","Eternal Feather","Lee\u0027s Waffle","Oddly Smooth Stone","Ornamental Fan","Regal Pillow"],"card_choices":[{"not_picked":["Thunderclap","Shrug It Off"],"picked":"Perfected Strike","floor":1},{"not_picked":["Dual Wield","Carnage"],"picked":"Rampage","floor":3},{"not_picked":["Cleave","Thunderclap"],"picked":"Shrug It Off","floor":5},{"not_picked":["Dark Embrace","Sword Boomerang","Havoc"],"picked":"SKIP","floor":7},{"not_picked":["True Grit","Clash","Flex"],"picked":"Twin Strike","floor":10},{"not_picked":["True Grit","Impervious","Havoc"],"picked":"Armaments","floor":12},{"not_picked":["Berserk","Anger","Dropkick"],"picked":"Perfected Strike","floor":14},{"not_picked":["Juggernaut","Bludgeon","Fiend Fire"],"picked":"Feed","floor":16},{"not_picked":["Feel No Pain","Havoc","Iron Wave"],"picked":"Twin Strike","floor":18},{"not_picked":["Cleave+1","Shockwave","Clothesline"],"picked":"Seeing Red","floor":22},{"not_picked":["Heavy Blade","Shockwave","Havoc"],"picked":"Warcry","floor":23},{"not_picked":["Flex+1","Reckless Charge+1","Cleave+1"],"picked":"Warcry","floor":24},{"not_picked":["Limit Break","Anger","Bloodletting","Sword Boomerang"],"picked":"SKIP","floor":27},{"not_picked":["Whirlwind","Power Through+1","Thunderclap"],"picked":"Spot Weakness","floor":30}],"player_experience":266986,"potions_floor_usage":[7,14,16,23,23,23,23,23,23,23,33,33,33],"damage_taken":[{"damage":10,"enemies":"Small Slimes","floor":1,"turns":5},{"damage":7,"enemies":"Jaw Worm","floor":3,"turns":3},{"damage":1,"enemies":"Cultist","floor":5,"turns":3},{"damage":35,"enemies":"Lagavulin","floor":7,"turns":6},{"damage":11,"enemies":"Looter","floor":10,"turns":2},{"damage":16,"enemies":"Gremlin Nob","floor":12,"turns":3},{"damage":11,"enemies":"Lots of Slimes","floor":14,"turns":4},{"damage":37,"enemies":"Slime Boss","floor":16,"turns":12},{"damage":35,"enemies":"Shell Parasite","floor":18,"turns":6},{"damage":44,"enemies":"3 Byrds","floor":22,"turns":9},{"damage":6,"enemies":"Slavers","floor":23,"turns":11},{"damage":3,"enemies":"Snake Plant","floor":24,"turns":4},{"damage":4,"enemies":"Cultist and Chosen","floor":27,"turns":9},{"damage":9,"enemies":"3 Cultists","floor":30,"turns":7},{"damage":54,"enemies":"Champ","floor":33,"turns":10}],"relics_obtained":[{"floor":7,"key":"Paper Frog"},{"floor":9,"key":"Question Card"},{"floor":12,"key":"Turnip"},{"floor":21,"key":"Oddly Smooth Stone"},{"floor":23,"key":"Ornamental Fan"},{"floor":26,"key":"Regal Pillow"}],"event_choices":[{"event_name":"Big Fish","player_choice":"Donut","floor":2,"damage_taken":0},{"event_name":"The Lab","player_choice":"Got Potions","floor":4,"damage_taken":0},{"event_name":"The Woman in Blue","player_choice":"Bought 0 Potions","floor":13,"damage_taken":0},{"event_name":"Ghosts","player_choice":"Became a Ghost","floor":20,"damage_taken":0},{"event_name":"Drug Dealer","player_choice":"Got JAXXED","floor":28,"damage_taken":0},{"event_name":"Vampires","player_choice":"Ignored","floor":31,"damage_taken":0}],"boss_relics":[{"not_picked":["Tiny House","Sozu"],"picked":"Eternal Feather"}],"items_purged_floors":[],"potions_floor_spawned":[3,7,10,14,24,30],"seed_played":"1697212587546349267","killed_by":"Champ","ascension_level":7,"potions_obtained":[{"floor":3,"key":"SpeedPotion"},{"floor":4,"key":"EntropicBrew"},{"floor":4,"key":"Fire Potion"},{"floor":7,"key":"Energy Potion"},{"floor":14,"key":"Regen Potion"},{"floor":24,"key":"SkillPotion"},{"floor":30,"key":"EssenceOfSteel"}],"is_trial":false}