{"gold_per_floor":[111,126,126,141,141,141,167,182,482,482,497,532,542,561,561,656,656,624,640,565,565,576,576,576,401,401,433,433,443,443,463,463,558,558,571,375,393,412,412,412,412,412,412,412,2,12,28,43,43,43],"floor_reached":50,"playtime":2821,"items_purged":["Strike_R","Strike_R"],"score":478,"play_id":"a7cb6373-f84f-4002-87f0-ff027ef32319","local_time":"20180919002351","is_ascension_mode":false,"campfire_choices":[{"data":"Flex","floor":6,"key":"SMITH"},{"floor":10,"key":"REST"},{"data":"Metallicize","floor":15,"key":"SMITH"},{"floor":23,"key":"REST"},{"data":"Finesse","floor":30,"key":"SMITH"},{"floor":32,"key":"REST"},{"floor":40,"key":"REST"},{"floor":44,"key":"REST"},{"floor":49,"key":"REST"}],"neow_cost":"NONE","seed_source_timestamp":350963374544765,"circlet_count":0,"master_deck":["Strike_R+1","Defend_R","Defend_R","Defend_R","Defend_R","Bludgeon+1","Flex+1","Seeing Red+1","Impervious","Headbutt+1","Heavy Blade+1","Finesse+1","Battle Trance+1","Limit Break","Heavy Blade","Enlightenment","Bludgeon+1","Inflame+1","Warcry","Ghostly Armor+1","Heavy Blade+1"],"relics":["Burning Blood","Vajra","Old Coin","Dodecahedron","Incense Burner","Torii","Nloth\u0027s Gift","Empty Cage","Ginger","Whetstone","Mummified Hand","Bag of Preparation"],"potions_floor_usage":[16,33,33,33,48],"damage_taken":[{"damage":6,"enemies":"Jaw Worm","floor":1,"turns":2},{"damage":10,"enemies":"2 Louse","floor":2,"turns":3},{"damage":0,"enemies":"Cultist","floor":4,"turns":2},{"damage":18,"enemies":"3 Louse","floor":5,"turns":4},{"damage":21,"enemies":"Lagavulin","floor":7,"turns":5},{"damage":2,"enemies":"Large Slime","floor":8,"turns":4},{"damage":19,"enemies":"Lots of Slimes","floor":11,"turns":6},{"damage":6,"enemies":"Gremlin Nob","floor":12,"turns":3},{"damage":16,"enemies":"2 Fungi Beasts","floor":13,"turns":4},{"damage":9,"enemies":"Gremlin Gang","floor":14,"turns":6},{"damage":3,"enemies":"Slime Boss","floor":16,"turns":9},{"damage":15,"enemies":"2 Thieves","floor":18,"turns":5},{"damage":10,"enemies":"Spheric Guardian","floor":19,"turns":4},{"damage":10,"enemies":"Cultist and Chosen","floor":22,"turns":5},{"damage":27,"enemies":"Gremlin Leader","floor":27,"turns":5},{"damage":0,"enemies":"Snake Plant","floor":29,"turns":4},{"damage":17,"enemies":"Centurion and Healer","floor":31,"turns":5},{"damage":57,"enemies":"Collector","floor":33,"turns":13},{"damage":0,"enemies":"Orb Walker","floor":35,"turns":1},{"damage":18,"enemies":"3 Darklings","floor":37,"turns":5},{"damage":32,"enemies":"Transient","floor":38,"turns":5},{"damage":28,"enemies":"Spire Growth","floor":46,"turns":4},{"damage":3,"enemies":"3 Darklings","floor":47,"turns":7},{"damage":28,"enemies":"Maw","floor":48,"turns":5},{"damage":81,"enemies":"Awakened One","floor":50,"turns":5}],"seed_played":"-731112751041721558","potions_obtained":[{"floor":1,"key":"PowerPotion"},{"floor":4,"key":"Explosive Potion"},{"floor":7,"key":"Swift Potion"},{"floor":19,"key":"LiquidBronze"},{"floor":33,"key":"Swift Potion"},{"floor":46,"key":"Poison Potion"},{"floor":47,"key":"Fruit Juice"}],"is_trial":false,"path_per_floor":["M","M","?","M","M","R","E","M","T","R","M","E","M","M","R","B",null,"M","M","?","?","M","R","?","$","T","E","?","M","R","M","R","B",null,"M","$","M","M","?","R","?","T","T","R","$","M","M","M","R"],"character_chosen":"IRONCLAD","items_purchased":["Finesse","Enlightenment","Mummified Hand","Bag of Preparation"],"campfire_rested":6,"item_purchase_floors":[25,36,45,45],"current_hp_per_floor":[80,76,76,80,68,68,53,57,57,80,67,67,57,54,54,57,80,71,67,67,67,63,80,80,80,80,59,59,65,65,54,78,27,80,80,80,68,42,42,66,66,66,66,80,80,58,61,39,63,0],"gold":43,"neow_bonus":"ONE_RANDOM_RARE_CARD","is_prod":false,"is_daily":false,"chose_seed":false,"campfire_upgraded":3,"win_rate":0.0,"timestamp":1537334631,"path_taken":["M","M","?","M","M","R","E","M","T","R","M","E","M","M","R","BOSS","M","M","?","?","M","R","?","$","T","E","?","M","R","M","R","BOSS","M","$","M","M","?","R","?","?","T","R","?","M","M","M","R","BOSS"],"build_version":"2018-09-06","purchased_purges":2,"victory":false,"max_hp_per_floor":[80,80,80,80,80,80,80,80,80,80,80,80,80,80,80,80,80,80,80,80,80,80,80,80,80,80,80,80,80,80,80,80,80,80,80,80,80,80,80,80,80,80,80,80,80,80,80,80,80,80],"card_choices":[{"not_picked":["Pummel","Shrug It Off","Body Slam"],"picked":"SKIP","floor":1},{"not_picked":["Combust","Intimidate","Clothesline"],"picked":"SKIP","floor":2},{"not_picked":["Perfected Strike","Iron Wave"],"picked":"Flex","floor":4},{"not_picked":["Clothesline","Ghostly Armor","Iron Wave"],"picked":"SKIP","floor":5},{"not_picked":["Twin Strike","Blood for Blood","Sword Boomerang"],"picked":"SKIP","floor":7},{"not_picked":["Double Tap","Anger"],"picked":"Armaments","floor":8},{"not_picked":["Pommel Strike","Second Wind","Seeing Red"],"picked":"SKIP","floor":11},{"not_picked":["Bloodletting","Rupture"],"picked":"Metallicize","floor":12},{"not_picked":["Warcry","Headbutt","Sword Boomerang"],"picked":"SKIP","floor":13},{"not_picked":["Shrug It Off","Perfected Strike"],"picked":"Seeing Red","floor":14},{"not_picked":["Juggernaut","Immolate"],"picked":"Impervious","floor":16},{"not_picked":["Clothesline+1","Armaments"],"picked":"Headbutt+1","floor":18},{"not_picked":["Disarm","Clash","Iron Wave"],"picked":"SKIP","floor":19},{"not_picked":["Evolve+1","Wild Strike"],"picked":"Heavy Blade+1","floor":22},{"not_picked":["Carnage","Dark Embrace"],"picked":"Battle Trance+1","floor":27},{"not_picked":["Pommel Strike","Metallicize","True Grit"],"picked":"SKIP","floor":29},{"not_picked":["Warcry","Evolve+1","Battle Trance"],"picked":"SKIP","floor":31},{"not_picked":["Impervious","Immolate"],"picked":"Limit Break","floor":33},{"not_picked":["Headbutt","Anger"],"picked":"Heavy Blade","floor":35},{"not_picked":["Carnage","Iron Wave+1"],"picked":"Bludgeon","floor":37},{"not_picked":["True Grit","Evolve+1"],"picked":"Inflame+1","floor":38},{"not_picked":["Headbutt","Twin Strike"],"picked":"Ghostly Armor+1","floor":46},{"not_picked":["Iron Wave","Pummel","True Grit"],"picked":"SKIP","floor":47},{"not_picked":["Iron Wave+1","Sword Boomerang"],"picked":"Heavy Blade+1","floor":48}],"player_experience":45588,"relics_obtained":[{"floor":7,"key":"Vajra"},{"floor":9,"key":"Old Coin"},{"floor":12,"key":"Dodecahedron"},{"floor":26,"key":"Incense Burner"},{"floor":27,"key":"Torii"},{"floor":42,"key":"Ginger"},{"floor":43,"key":"Whetstone"}],"event_choices":[{"event_name":"Living Wall","player_choice":"Grow","floor":3,"damage_taken":0},{"event_name":"Beggar","player_choice":"Gave Gold","floor":20,"damage_taken":0},{"event_name":"Accursed Blacksmith","player_choice":"Forge","floor":21,"damage_taken":0},{"event_name":"Upgrade Shrine","player_choice":"Upgraded","floor":24,"damage_taken":0},{"event_name":"N\u0027loth","player_choice":"Traded a Fusion Hammer","floor":28,"damage_taken":0},{"event_name":"Falling","player_choice":"Removed Power","floor":39,"damage_taken":0},{"event_name":"Transmorgrifier","player_choice":"Transform","floor":41,"damage_taken":0}],"is_beta":false,"boss_relics":[{"not_picked":["White Beast Statue","Snecko Eye"],"picked":"Fusion Hammer"},{"not_picked":["Orrery","Velvet Choker"],"picked":"Empty Cage"}],"items_purged_floors":[25,36],"is_endless":false,"potions_floor_spawned":[1,4,7,13,19,27,31,33,46,47],"killed_by":"Awakened One","ascension_level":0}