{"path_per_floor":["M","$","?","$","?","E","?","R","T","M","M","M","E","M","R","B",null,"M","?","?","$","M","E","?","M","T","T","M","M","E","M","R","B",null,"M","$","M","M","$","E","?","?","T","E","M","E","$","M","R","B"],"character_chosen":"IRONCLAD","items_purchased":["Evolve","Paper Frog","Lee\u0027s Waffle","Wild Strike","Inflame","Jack Of All Trades"],"gold_per_floor":[116,41,41,41,41,85,85,85,111,130,153,174,213,226,226,349,349,364,364,364,284,297,325,325,341,365,391,404,419,446,461,461,563,563,573,211,230,249,49,83,131,131,131,164,176,205,1,20,20,20],"floor_reached":51,"campfire_rested":1,"playtime":1850,"current_hp_per_floor":[80,80,80,80,60,26,26,65,65,71,77,70,60,66,66,30,68,65,65,65,65,76,55,55,52,57,62,71,57,61,61,61,27,67,56,56,56,36,87,87,78,78,85,63,66,71,71,77,89,16],"items_purged":["Defend_R","Defend_R"],"gold":20,"score":1053,"play_id":"18088636-da00-41eb-9123-ca9a8f5f1d46","local_time":"20180419215844","is_prod":false,"is_daily":false,"chose_seed":false,"is_ascension_mode":true,"campfire_upgraded":3,"timestamp":1524193124,"path_taken":["M","$","?","?","?","E","?","R","T","?","M","M","E","?","R","BOSS","M","?","?","?","M","E","?","M","T","?","?","M","E","M","R","BOSS","M","$","M","M","$","E","?","?","T","E","M","E","?","?","R","BOSS"],"build_version":"2018-04-19","seed_source_timestamp":2165529116202847,"purchased_purges":3,"victory":true,"master_deck":["Strike_R","Strike_R","Strike_R","Strike_R","Strike_R","Bash","Perfected Strike+1","Wild Strike","Whirlwind","Seeing Red","Disarm","Pommel Strike","Pommel Strike","Limit Break+1","Flex+1","Perfected Strike+1","Evolve","Flex","Inflame+1","Evolve","Shrug It Off","Armaments+1","Offering","Inflame+1","Perfected Strike+1","Limit Break","Seeing Red","Twin Strike+1","Perfected Strike","Flex+1","Wild Strike","Inflame","Jack Of All Trades"],"max_hp_per_floor":[80,80,80,80,80,80,80,80,80,80,80,80,80,80,80,80,80,80,80,80,80,80,80,80,80,80,80,80,80,80,80,80,80,80,80,80,80,80,87,87,87,87,94,94,94,94,94,94,94,94],"relics":["Burning Blood","Regal Pillow","Bloody Idol","Pen Nib","Anchor","Bag of Marbles","Vajra","Mark of Pain","Bronze Scales","Happy Flower","Orichalcum","Ice Cream","Eternal Feather","Paper Frog","Lee\u0027s Waffle","Champion Belt","Sundial","Strawberry","Mercury Hourglass","Blood Vial"],"card_choices":[{"not_picked":["Headbutt","Entrench"],"picked":"Perfected Strike","floor":1},{"not_picked":["Iron Wave","Intimidate"],"picked":"Wild Strike","floor":6},{"not_picked":["Dual Wield","Havoc"],"picked":"Whirlwind","floor":10},{"not_picked":["Immolate","Headbutt"],"picked":"Seeing Red","floor":11},{"not_picked":["Metallicize","Uppercut"],"picked":"Disarm","floor":12},{"not_picked":["Sentinel","Pummel"],"picked":"Pommel Strike","floor":13},{"not_picked":["Carnage","Anger"],"picked":"Pommel Strike","floor":14},{"not_picked":["Brutality","Berserk"],"picked":"Limit Break","floor":16},{"not_picked":["Bloodletting","Twin Strike"],"picked":"Flex","floor":18},{"not_picked":["Combust","Sentinel"],"picked":"Flex","floor":22},{"not_picked":["Havoc","Pommel Strike"],"picked":"Inflame","floor":23},{"not_picked":["Searing Blow","Thunderclap"],"picked":"Evolve","floor":25},{"not_picked":["Cleave","Clothesline"],"picked":"Shrug It Off","floor":29},{"not_picked":["Pummel","Shrug It Off"],"picked":"Armaments","floor":30},{"not_picked":["Impervious","Dark Embrace"],"picked":"Offering","floor":33},{"not_picked":["Sever Soul","Warcry"],"picked":"Inflame","floor":37},{"not_picked":["Disarm","Sword Boomerang"],"picked":"Perfected Strike","floor":38},{"not_picked":["Fire Breathing","Entrench"],"picked":"Limit Break","floor":40},{"not_picked":["Metallicize","Feel No Pain"],"picked":"Seeing Red","floor":41},{"not_picked":["Body Slam","Metallicize"],"picked":"Twin Strike","floor":44},{"not_picked":["Seeing Red","Rage"],"picked":"Perfected Strike","floor":45},{"not_picked":["Thunderclap","Seeing Red"],"picked":"Flex","floor":46}],"player_experience":178994,"potions_floor_usage":[22,25,30,33,33,33,45,50,50,50],"damage_taken":[{"damage":6,"enemies":"Cultist","floor":1,"turns":3},{"damage":40,"enemies":"Lagavulin","floor":6,"turns":6},{"damage":0,"enemies":"Jaw Worm","floor":10,"turns":1},{"damage":0,"enemies":"2 Louse","floor":11,"turns":1},{"damage":13,"enemies":"Exordium Thugs","floor":12,"turns":2},{"damage":16,"enemies":"Gremlin Nob","floor":13,"turns":3},{"damage":0,"enemies":"3 Louse","floor":14,"turns":2},{"damage":42,"enemies":"Hexaghost","floor":16,"turns":7},{"damage":9,"enemies":"Shell Parasite","floor":18,"turns":3},{"damage":0,"enemies":"Spheric Guardian","floor":22,"turns":2},{"damage":32,"enemies":"Gremlin Leader","floor":23,"turns":5},{"damage":14,"enemies":"Centurion and Healer","floor":25,"turns":4},{"damage":2,"enemies":"Cultist and Chosen","floor":28,"turns":2},{"damage":25,"enemies":"Slaver and Parasite","floor":29,"turns":3},{"damage":7,"enemies":"Book of Stabbing","floor":30,"turns":3},{"damage":11,"enemies":"Chosen and Byrds","floor":31,"turns":4},{"damage":45,"enemies":"Collector","floor":33,"turns":6},{"damage":22,"enemies":"3 Shapes","floor":35,"turns":1},{"damage":11,"enemies":"3 Darklings","floor":37,"turns":4},{"damage":31,"enemies":"Maw","floor":38,"turns":5},{"damage":6,"enemies":"2 Orb Walkers","floor":40,"turns":2},{"damage":20,"enemies":"Mysterious Sphere","floor":41,"turns":2},{"damage":33,"enemies":"Nemesis","floor":44,"turns":3},{"damage":14,"enemies":"4 Shapes","floor":45,"turns":3},{"damage":6,"enemies":"Giant Head","floor":46,"turns":3},{"damage":7,"enemies":"Sphere and 2 Shapes","floor":48,"turns":3},{"damage":81,"enemies":"Awakened One","floor":50,"turns":6}],"event_choices":[{"event_name":"Living Wall","player_choice":"Forget","floor":3,"damage_taken":0},{"event_name":"Golden Idol","player_choice":"Take Damage","floor":5,"damage_taken":0},{"event_name":"Dead Adventurer","player_choice":"Searched \u00271\u0027 times","floor":7,"damage_taken":0},{"event_name":"Duplicator","player_choice":"One dupe","floor":19,"damage_taken":0},{"event_name":"Forgotten Altar","player_choice":"Gave Idol","floor":20,"damage_taken":0},{"event_name":"Transmorgrifier","player_choice":"Transform","floor":24,"damage_taken":0},{"event_name":"Mysterious Sphere","player_choice":"Fight","floor":41,"damage_taken":0}],"boss_relics":[{"not_picked":["Orrery","Velvet Choker"],"picked":"Mark of Pain"},{"not_picked":["Calling Bell","Runic Pyramid"],"picked":"Eternal Feather"}],"potions_floor_spawned":[6,13,14,16,18,25,29,31,35,37,41,44,46,48],"seed_played":"2988007660875631202","ascension_level":5,"is_trial":false}