{"gold_per_floor":[10,10,29,29,46,46,46,46,46,76,76,125,13,43,43,118,118,137,137,157,177,18,18,32,32,114,139,89,104,104,122,122,197,197,217,237,253,253,253,265,265,265,265,265,265,487,487,181,181,181],"floor_reached":51,"playtime":2147,"items_purged":["Regret","Defend_B","Heatsinks+1"],"score":1223,"play_id":"2d06925d-14ca-4269-8a5f-a3999e29509e","local_time":"20181130044154","is_ascension_mode":true,"campfire_choices":[{"data":"Zap","floor":6,"key":"SMITH"},{"data":"Defragment","floor":8,"key":"SMITH"},{"data":"Go for the Eyes","floor":11,"key":"SMITH"},{"data":"Loop","floor":15,"key":"SMITH"},{"floor":23,"key":"REST"},{"floor":30,"key":"REST"},{"data":"Chill","floor":32,"key":"SMITH"},{"floor":42,"key":"REST"},{"data":"Force Field","floor":45,"key":"SMITH"},{"data":"Conserve Battery","floor":47,"key":"SMITH"},{"floor":49,"key":"REST"}],"neow_cost":"NO_GOLD","seed_source_timestamp":114820582130638,"circlet_count":0,"master_deck":["AscendersBane","Defend_B+1","Defend_B","Zap+1","Dualcast","Bandage Up+1","Finesse","Defragment+1","Loop+1","Chill+1","Electrodynamics","Amplify","Coolheaded+1","Redo+1","Conserve Battery+1","Defragment+1","Ball Lightning","Hologram+1","Force Field+1","Defragment+1","Thunder Strike","Jack Of All Trades","Defragment+1"],"relics":["Cracked Core","Dodecahedron","Shuriken","Tiny Chest","Omamori","Ornamental Fan","Astrolabe","Anchor","Darkstone Periapt","Red Mask","Busted Crown","Molten Egg 2","Frozen Egg 2"],"potions_floor_usage":[14,16,37,50],"damage_taken":[{"damage":2,"enemies":"Jaw Worm","floor":1,"turns":3},{"damage":6,"enemies":"Cultist","floor":3,"turns":4},{"damage":1,"enemies":"2 Louse","floor":5,"turns":3},{"damage":4,"enemies":"Lagavulin","floor":14,"turns":7},{"damage":24,"enemies":"Slime Boss","floor":16,"turns":8},{"damage":37,"enemies":"Shell Parasite","floor":18,"turns":6},{"damage":1,"enemies":"Spheric Guardian","floor":20,"turns":5},{"damage":9,"enemies":"Snake Plant","floor":21,"turns":3},{"damage":0,"enemies":"3 Cultists","floor":24,"turns":3},{"damage":29,"enemies":"Masked Bandits","floor":27,"turns":4},{"damage":0,"enemies":"Centurion and Healer","floor":29,"turns":5},{"damage":0,"enemies":"Shelled Parasite and Fungi","floor":31,"turns":4},{"damage":36,"enemies":"Automaton","floor":33,"turns":7},{"damage":0,"enemies":"3 Darklings","floor":35,"turns":3},{"damage":21,"enemies":"3 Shapes","floor":36,"turns":6},{"damage":31,"enemies":"Spire Growth","floor":37,"turns":4},{"damage":0,"enemies":"3 Darklings","floor":40,"turns":4},{"damage":39,"enemies":"Awakened One","floor":50,"turns":9}],"seed_played":"-3049745238274188821","potions_obtained":[{"floor":1,"key":"SkillPotion"},{"floor":5,"key":"SteroidPotion"},{"floor":14,"key":"Regen Potion"},{"floor":18,"key":"EssenceOfSteel"},{"floor":24,"key":"SpeedPotion"},{"floor":33,"key":"Weak Potion"},{"floor":35,"key":"SkillPotion"},{"floor":37,"key":"SpeedPotion"}],"is_trial":false,"path_per_floor":["M","?","M","?","M","R","?","R","T","?","R","T","$","E","R","B",null,"M","?","M","M","$","R","M","$","T","?","?","M","R","M","R","B",null,"M","M","M","?","?","M","?","R","T","T","R","?","R","$","R","B",null],"character_chosen":"DEFECT","items_purchased":["Chill","Ball Lightning","Jack Of All Trades","Defragment+1"],"campfire_rested":4,"item_purchase_floors":[13,22,48,48],"current_hp_per_floor":[66,66,64,64,67,67,67,67,67,49,49,49,49,49,49,44,64,31,31,34,29,29,50,54,54,54,29,29,35,56,62,62,32,61,67,50,25,25,25,31,31,52,52,52,52,52,52,52,71,32],"gold":181,"neow_bonus":"RANDOM_COLORLESS_2","is_prod":false,"is_daily":false,"chose_seed":false,"campfire_upgraded":7,"win_rate":0,"timestamp":1543552914,"path_taken":["M","?","?","?","?","R","?","R","T","?","R","?","$","E","R","BOSS","M","?","M","M","$","R","?","?","T","?","?","M","R","M","R","BOSS","M","?","M","?","?","M","?","R","T","?","R","?","R","$","R","BOSS"],"build_version":"2018-11-15","purchased_purges":3,"victory":true,"max_hp_per_floor":[71,71,71,71,71,71,71,71,71,71,71,71,71,71,71,71,71,71,71,71,71,71,71,71,71,71,71,71,71,71,71,71,71,71,71,71,71,71,71,71,71,71,71,71,71,71,71,71,71,71],"card_choices":[{"not_picked":["Gash","Fusion"],"picked":"Defragment","floor":1},{"not_picked":["Sweeping Beam","Stack"],"picked":"Go for the Eyes","floor":3},{"not_picked":["Turbo","Conserve Battery"],"picked":"Loop","floor":5},{"not_picked":["Coolheaded","Hologram"],"picked":"Electrodynamics","floor":14},{"not_picked":["Core Surge","Seek"],"picked":"Amplify","floor":16},{"not_picked":["Go for the Eyes","Barrage"],"picked":"Conserve Battery","floor":18},{"not_picked":["Fusion+1","Streamline"],"picked":"Defragment+1","floor":20},{"not_picked":["Go for the Eyes","Barrage","Doom and Gloom"],"picked":"SKIP","floor":21},{"not_picked":["Ball Lightning","Streamline","Gash"],"picked":"SKIP","floor":24},{"not_picked":["Compile Driver","Rebound"],"picked":"Hologram+1","floor":27},{"not_picked":["Leap","Coolheaded"],"picked":"Force Field","floor":29},{"not_picked":["Go for the Eyes","Storm"],"picked":"Defragment+1","floor":31},{"not_picked":["Buffer","Rainbow"],"picked":"Thunder Strike","floor":33},{"not_picked":["Turbo"],"picked":"SKIP","floor":35},{"not_picked":["Rebound"],"picked":"SKIP","floor":36},{"not_picked":["Stack"],"picked":"SKIP","floor":37},{"not_picked":["Steam Power"],"picked":"SKIP","floor":40}],"player_experience":957832,"relics_obtained":[{"floor":9,"key":"Shuriken"},{"floor":12,"key":"Omamori"},{"floor":14,"key":"Ornamental Fan"},{"floor":26,"key":"Darkstone Periapt"},{"floor":27,"key":"Red Mask"},{"floor":43,"key":"Molten Egg 2"},{"floor":44,"key":"Frozen Egg 2"}],"event_choices":[{"cards_removed":["Strike_B"],"damage_healed":0,"gold_gain":0,"player_choice":"Offered Basic","damage_taken":0,"max_hp_gain":0,"max_hp_loss":0,"event_name":"Bonfire Elementals","floor":2,"gold_loss":0},{"cards_removed":["Strike_B"],"damage_healed":0,"gold_gain":0,"player_choice":"Purged","damage_taken":0,"max_hp_gain":0,"max_hp_loss":0,"event_name":"Purifier","floor":4,"gold_loss":0},{"damage_healed":0,"gold_gain":0,"player_choice":"Box","damage_taken":0,"relics_obtained":["Dodecahedron"],"max_hp_gain":0,"max_hp_loss":0,"event_name":"Big Fish","floor":7,"gold_loss":0,"cards_obtained":["Regret"]},{"damage_healed":0,"gold_gain":0,"player_choice":"Success","damage_taken":18,"relics_obtained":["Tiny Chest"],"max_hp_gain":0,"max_hp_loss":0,"event_name":"Scrap Ooze","floor":10,"gold_loss":0},{"damage_healed":0,"gold_gain":0,"player_choice":"Gave Potion","damage_taken":0,"relics_obtained":["Anchor"],"max_hp_gain":0,"max_hp_loss":0,"event_name":"WeMeetAgain","floor":19,"gold_loss":0},{"damage_healed":0,"gold_gain":0,"player_choice":"Fought Bandits","damage_taken":0,"max_hp_gain":0,"max_hp_loss":0,"event_name":"Masked Bandits","floor":27,"gold_loss":0},{"damage_healed":0,"gold_gain":0,"player_choice":"Upgraded Two","damage_taken":0,"max_hp_gain":0,"max_hp_loss":0,"event_name":"Designer","floor":28,"gold_loss":50,"cards_upgraded":["Defend_B","Bandage Up"]},{"damage_healed":0,"gold_gain":0,"player_choice":"Ignored","damage_taken":0,"max_hp_gain":0,"max_hp_loss":0,"event_name":"Mysterious Sphere","floor":38,"gold_loss":0},{"cards_removed":["Go for the Eyes"],"damage_healed":0,"gold_gain":0,"player_choice":"Removed Attack","damage_taken":0,"max_hp_gain":0,"max_hp_loss":0,"event_name":"Falling","floor":39,"gold_loss":0},{"damage_healed":0,"gold_gain":0,"player_choice":"Ignored","damage_taken":0,"max_hp_gain":0,"max_hp_loss":0,"event_name":"The Moai Head","floor":41,"gold_loss":0},{"damage_healed":0,"gold_gain":222,"player_choice":"Wore Mask","damage_taken":0,"max_hp_gain":0,"max_hp_loss":0,"event_name":"Tomb of Lord Red Mask","floor":46,"gold_loss":0}],"is_beta":true,"boss_relics":[{"not_picked":["Ectoplasm","Snecko Eye"],"picked":"Astrolabe"},{"not_picked":["Lizard Tail","Philosopher\u0027s Stone"],"picked":"Busted Crown"}],"items_purged_floors":[13,22,48],"is_endless":false,"potions_floor_spawned":[1,5,14,18,24,33,35,37],"ascension_level":18}