{"gold_per_floor":[15,35,35,46,57,57,89,109,109,41,67,142,159,172,172,276,276,291,291,318,417,357],"floor_reached":22,"playtime":1180,"items_purged":[],"score":270,"play_id":"088f5acf-8586-4180-b66b-77ae54808532","local_time":"20190203103323","is_ascension_mode":true,"campfire_choices":[{"data":"Body Slam","floor":6,"key":"SMITH"},{"floor":15,"key":"REST"}],"neow_cost":"NO_GOLD","seed_source_timestamp":82977437817300,"circlet_count":0,"master_deck":["Strike_R","Strike_R","Strike_R","Strike_R","Strike_R","Defend_R","Defend_R","Defend_R","Defend_R","Bash","Feed","Body Slam+1","Whirlwind","Battle Trance","Flame Barrier","Battle Trance","Feel No Pain","Infernal Blade","Power Through","Barricade","Armaments","Shrug It Off"],"relics":["Burning Blood","Bag of Preparation","Dead Branch","Blue Candle","Runic Cube","Red Mask"],"potions_floor_usage":[4,7,13,14,16,16,20,20],"damage_taken":[{"damage":3,"enemies":"2 Louse","floor":1,"turns":3},{"damage":6,"enemies":"Cultist","floor":2,"turns":3},{"damage":2,"enemies":"Small Slimes","floor":4,"turns":2},{"damage":14,"enemies":"Blue Slaver","floor":5,"turns":4},{"damage":20,"enemies":"3 Sentries","floor":7,"turns":7},{"damage":0,"enemies":"2 Fungi Beasts","floor":8,"turns":3},{"damage":44,"enemies":"Gremlin Nob","floor":11,"turns":6},{"damage":7,"enemies":"Large Slime","floor":13,"turns":5},{"damage":11,"enemies":"Exordium Thugs","floor":14,"turns":3},{"damage":52,"enemies":"Hexaghost","floor":16,"turns":12},{"damage":15,"enemies":"3 Byrds","floor":18,"turns":3},{"damage":52,"enemies":"Masked Bandits","floor":20,"turns":8},{"damage":12,"enemies":"2 Thieves","floor":22,"turns":2}],"seed_played":"-4367466190172721966","potions_obtained":[{"floor":2,"key":"SteroidPotion"},{"floor":3,"key":"Explosive Potion"},{"floor":3,"key":"Dexterity Potion"},{"floor":7,"key":"Dexterity Potion"},{"floor":11,"key":"Explosive Potion"},{"floor":13,"key":"Poison Potion"},{"floor":14,"key":"Dexterity Potion"},{"floor":18,"key":"FearPotion"}],"is_trial":false,"path_per_floor":["M","M","?","M","M","R","E","M","T","$","E","?","M","M","R","B",null,"M","?","?","?","M"],"character_chosen":"IRONCLAD","items_purchased":["Feel No Pain"],"campfire_rested":1,"item_purchase_floors":[10],"current_hp_per_floor":[83,86,86,89,84,84,73,82,82,82,44,35,37,32,62,16,80,71,55,12,12,0],"gold":357,"neow_bonus":"THREE_RARE_CARDS","is_prod":false,"is_daily":false,"chose_seed":false,"campfire_upgraded":1,"win_rate":0,"timestamp":1549157603,"path_taken":["M","M","?","?","M","R","E","M","T","?","E","?","M","?","R","BOSS","M","?","?","?","M"],"build_version":"2019-01-23","purchased_purges":0,"victory":false,"max_hp_per_floor":[83,86,86,89,92,92,95,98,98,98,98,98,101,101,101,101,101,101,101,104,104,104],"card_choices":[{"not_picked":["Dark Embrace","Reaper"],"picked":"Feed","floor":0},{"not_picked":["Iron Wave","Fire Breathing"],"picked":"Body Slam","floor":1},{"not_picked":["Dual Wield","Battle Trance"],"picked":"Whirlwind","floor":2},{"not_picked":["Wild Strike","Seeing Red"],"picked":"Battle Trance","floor":4},{"not_picked":["Clothesline","Body Slam"],"picked":"Flame Barrier","floor":5},{"not_picked":["Thunderclap","Combust"],"picked":"Battle Trance","floor":7},{"not_picked":["Uppercut","Body Slam","Pummel"],"picked":"SKIP","floor":8},{"not_picked":["Thunderclap","Iron Wave"],"picked":"Infernal Blade","floor":11},{"not_picked":["Anger","Havoc"],"picked":"Power Through","floor":13},{"not_picked":["Fire Breathing","Body Slam","Twin Strike"],"picked":"SKIP","floor":14},{"not_picked":["Reaper","Feed"],"picked":"Barricade","floor":16},{"not_picked":["Perfected Strike","Body Slam"],"picked":"Armaments","floor":18},{"not_picked":["Body Slam+1","Cleave"],"picked":"Shrug It Off","floor":20}],"player_experience":786074,"relics_obtained":[{"floor":7,"key":"Bag of Preparation"},{"floor":9,"key":"Dead Branch"},{"floor":11,"key":"Blue Candle"},{"floor":20,"key":"Red Mask"}],"event_choices":[{"damage_healed":0,"gold_gain":0,"player_choice":"Got Potions","damage_taken":0,"max_hp_gain":0,"max_hp_loss":0,"event_name":"Lab","floor":3,"gold_loss":0},{"damage_healed":0,"gold_gain":75,"player_choice":"Touch","damage_taken":9,"max_hp_gain":0,"max_hp_loss":0,"event_name":"FaceTrader","floor":12,"gold_loss":0},{"damage_healed":0,"gold_gain":0,"player_choice":"Obtained Book","damage_taken":16,"max_hp_gain":0,"max_hp_loss":0,"event_name":"Cursed Tome","floor":19,"gold_loss":0},{"damage_healed":0,"gold_gain":0,"player_choice":"Fought Bandits","damage_taken":0,"max_hp_gain":0,"max_hp_loss":0,"event_name":"Masked Bandits","floor":20,"gold_loss":0},{"damage_healed":0,"gold_gain":99,"player_choice":"Stole From Cult","damage_taken":0,"max_hp_gain":0,"max_hp_loss":0,"event_name":"Nest","floor":21,"gold_loss":0}],"is_beta":false,"boss_relics":[{"not_picked":["Calling Bell","Black Star"],"picked":"Runic Cube"}],"items_purged_floors":[],"is_endless":false,"potions_floor_spawned":[2,7,11,13,14,18],"killed_by":"2 Thieves","ascension_level":5}