{"gold_per_floor":[113,129,82,99,99,99,111,111,163,194,159,159,187,205,205,205],"floor_reached":16,"playtime":553,"items_purged":[],"score":312,"play_id":"90f532cb-2dbc-4a8b-93d5-b08d62857283","local_time":"20190203232948","is_ascension_mode":true,"campfire_choices":[{"data":"Streamline","floor":6.0,"key":"SMITH"},{"floor":8,"key":"REST"},{"data":"Go for the Eyes","floor":12,"key":"SMITH"},{"data":"Zap","floor":15,"key":"SMITH"}],"neow_cost":"NONE","seed_source_timestamp":0,"circlet_count":0,"master_deck":["AscendersBane","Strike_B","Strike_B+1","Strike_B","Strike_B","Defend_B","Defend_B","Defend_B","Defend_B","Zap+1","Dualcast+1","Streamline+1","Sweeping Beam","Cold Snap","Sweeping Beam","Go for the Eyes+1","Leap","Leap"],"special_seed":0,"relics":["Cracked Core","Omamori","Vajra","Boot"],"potions_floor_usage":[10,10,16],"damage_taken":[{"damage":9.0,"enemies":"Small Slimes","floor":1.0,"turns":4.0},{"damage":0.0,"enemies":"2 Louse","floor":2.0,"turns":3.0},{"damage":1.0,"enemies":"Cultist","floor":4.0,"turns":3.0},{"damage":7,"enemies":"Blue Slaver","floor":7,"turns":4},{"damage":14,"enemies":"3 Sentries","floor":10,"turns":6},{"damage":21,"enemies":"Lagavulin","floor":13,"turns":5},{"damage":0,"enemies":"2 Fungi Beasts","floor":14,"turns":2}],"seed_played":"-4872886065058795946","potions_obtained":[{"floor":1.0,"key":"Dexterity Potion"},{"floor":7,"key":"Energy Potion"},{"floor":14,"key":"Swift Potion"}],"is_trial":false,"path_per_floor":["M","M","?","M","?","R","M","R","T","E","?","R","E","M","R","B"],"character_chosen":"DEFECT","items_purchased":[],"campfire_rested":1,"item_purchase_floors":[],"current_hp_per_floor":[62,62,62,61,38,38,31,54,54,40,59,59,38,38,38,0],"gold":205,"neow_bonus":"TEN_PERCENT_HP_BONUS","is_prod":false,"is_daily":false,"chose_seed":false,"campfire_upgraded":3,"win_rate":0,"timestamp":1549254588,"path_taken":["M","M","?","M","?","R","M","R","T","E","?","R","E","M","R","BOSS"],"build_version":"2019-01-23","purchased_purges":0,"victory":false,"max_hp_per_floor":[78,78,78,78,78,78,78,78,78,78,78,78,78,78,78,78],"card_choices":[{"not_picked":["Fusion","Reprogram"],"picked":"Streamline","floor":1.0},{"not_picked":["Go for the Eyes","Cold Snap"],"picked":"Sweeping Beam","floor":2.0},{"not_picked":["Hologram","Stack"],"picked":"Cold Snap","floor":4.0},{"not_picked":["Hologram","Self Repair"],"picked":"Sweeping Beam","floor":7},{"not_picked":["Stack","Redo"],"picked":"Go for the Eyes","floor":10},{"not_picked":["Genetic Algorithm","White Noise"],"picked":"Leap","floor":13},{"not_picked":["Heatsinks","Melter"],"picked":"Leap","floor":14}],"player_experience":1174084,"relics_obtained":[{"floor":9,"key":"Omamori"},{"floor":10,"key":"Vajra"},{"floor":13,"key":"Boot"}],"event_choices":[{"damage_healed":0.0,"max_hp_gain":0.0,"max_hp_loss":0.0,"gold_gain":0.0,"event_name":"World of Goop","player_choice":"Left Gold","floor":3.0,"gold_loss":47.0,"damage_taken":0.0},{"damage_healed":0.0,"max_hp_gain":0.0,"max_hp_loss":0.0,"gold_gain":0.0,"event_name":"Shining Light","player_choice":"Entered Light","floor":5.0,"gold_loss":0.0,"damage_taken":23.0,"cards_upgraded":["Dualcast","Strike_B"]},{"damage_healed":19,"gold_gain":0,"player_choice":"Healed","damage_taken":0,"max_hp_gain":0,"max_hp_loss":0,"event_name":"The Cleric","floor":11,"gold_loss":35}],"is_beta":false,"boss_relics":[],"items_purged_floors":[],"is_endless":false,"potions_floor_spawned":[1,7,14],"killed_by":"The Guardian","ascension_level":19}