{"gold_per_floor":[114,114,39,52,128,153,153,181,181,181,196,207,207,207],"floor_reached":14,"playtime":342,"items_purged":[],"score":246,"play_id":"b75bb80e-a1ba-444e-9980-c28a25c6bbde","local_time":"20181124135011","is_ascension_mode":true,"campfire_choices":[{"data":"Bash","floor":7,"key":"SMITH"},{"data":"Fiend Fire","floor":10,"key":"SMITH"}],"neow_cost":"NONE","seed_source_timestamp":886311365251841,"circlet_count":0,"master_deck":["AscendersBane","Strike_R","Strike_R","Strike_R","Strike_R","Defend_R","Defend_R","Defend_R","Defend_R","Bash+1","Wild Strike","Iron Wave","Disarm","Fiend Fire+1","Evolve","Flame Barrier"],"relics":["Burning Blood","NeowsBlessing","Dodecahedron","The Courier","Regal Pillow","Bottled Flame"],"potions_floor_usage":[8,14],"damage_taken":[{"damage":0,"enemies":"2 Louse","floor":1,"turns":1},{"damage":0,"enemies":"Small Slimes","floor":4,"turns":1},{"damage":0,"enemies":"Gremlin Nob","floor":6,"turns":1},{"damage":55,"enemies":"3 Sentries","floor":8,"turns":14},{"damage":10,"enemies":"Jaw Worm","floor":11,"turns":4},{"damage":15,"enemies":"Large Slime","floor":12,"turns":7},{"damage":19,"enemies":"Gremlin Nob","floor":14,"turns":3}],"seed_played":"4569098368447367612","potions_obtained":[{"floor":1,"key":"SkillPotion"},{"floor":11,"key":"GamblersBrew"}],"is_trial":false,"path_per_floor":["M","?","?","M","T","E","R","E","T","R","M","M","?","E"],"character_chosen":"IRONCLAD","items_purchased":[],"campfire_rested":0,"item_purchase_floors":[],"current_hp_per_floor":[74,79,79,80,80,80,80,31,31,31,27,18,18,0],"gold":207,"neow_bonus":"THREE_ENEMY_KILL","is_prod":false,"is_daily":false,"chose_seed":false,"campfire_upgraded":2,"win_rate":0,"timestamp":1543096211,"path_taken":["M","?","?","M","?","E","R","E","T","R","M","M","?","E"],"build_version":"2018-11-15","purchased_purges":0,"victory":false,"max_hp_per_floor":[75,80,80,80,80,80,80,80,80,80,80,80,80,80],"card_choices":[{"not_picked":["Sentinel","Sword Boomerang"],"picked":"Wild Strike","floor":1},{"not_picked":["Warcry","Sword Boomerang"],"picked":"Iron Wave","floor":4},{"not_picked":["Twin Strike","Searing Blow"],"picked":"Disarm","floor":6},{"not_picked":["Searing Blow","Shrug It Off"],"picked":"Fiend Fire","floor":8},{"not_picked":["Wild Strike","Headbutt"],"picked":"Evolve","floor":11},{"not_picked":["Flex","Bloodletting"],"picked":"Flame Barrier","floor":12}],"player_experience":950807,"relics_obtained":[{"floor":5,"key":"Dodecahedron"},{"floor":6,"key":"The Courier"},{"floor":8,"key":"Regal Pillow"},{"floor":9,"key":"Bottled Flame"}],"event_choices":[{"damage_healed":0,"gold_gain":0,"player_choice":"Donut","damage_taken":0,"max_hp_gain":5,"max_hp_loss":0,"event_name":"Big Fish","floor":2,"gold_loss":0},{"cards_removed":["Strike_R"],"damage_healed":0,"gold_gain":0,"player_choice":"Card Removal","damage_taken":0,"max_hp_gain":0,"max_hp_loss":0,"event_name":"The Cleric","floor":3,"gold_loss":75},{"damage_healed":0,"gold_gain":0,"player_choice":"Fled","damage_taken":0,"max_hp_gain":0,"max_hp_loss":0,"event_name":"Scrap Ooze","floor":13,"gold_loss":0}],"is_beta":true,"boss_relics":[],"items_purged_floors":[],"is_endless":false,"potions_floor_spawned":[1,11],"killed_by":"Gremlin Nob","ascension_level":20}