{"gold_per_floor":[112,112,133,152,166,166,166,166,166,166,7,7,7,48,48,141,141,165,181,205,225,225,225,248,248,317,352,371,371,371,390,390,390],"floor_reached":33,"playtime":1540,"items_purged":["Strike_G"],"score":593,"play_id":"642dc5d3-3e5d-4817-8b2c-1f376834b106","local_time":"20181218015751","is_ascension_mode":true,"campfire_choices":[{"data":"Bullet Time","floor":6,"key":"SMITH"},{"data":"Footwork","floor":8,"key":"SMITH"},{"data":"Poisoned Stab","floor":10,"key":"SMITH"},{"floor":12,"key":"REST"},{"data":"Quick Slash","floor":15,"key":"SMITH"},{"data":"Dash","floor":23,"key":"SMITH"},{"data":"Survivor","floor":25,"key":"SMITH"},{"data":"Caltrops","floor":32,"key":"SMITH"}],"neow_cost":"NONE","seed_source_timestamp":1208502620633940,"circlet_count":0,"master_deck":["AscendersBane","Defend_G","Defend_G","Defend_G","Defend_G","Defend_G","Strike_G","Strike_G","Survivor+1","Neutralize+1","Footwork+1","Poisoned Stab+1","Quick Slash+1","Bullet Time+1","Blur+1","Decay","Cloak And Dagger+1","Corpse Explosion+1","Expertise+1","Dash+1","Quick Slash","Backflip+1","Dodge and Roll+1","Caltrops+1","Endless Agony","Riddle With Holes","Cloak And Dagger+1"],"relics":["Ring of the Snake","Golden Idol","Toxic Egg 2","Pantograph","Bottled Lightning","Sozu","FossilizedHelix","Matryoshka","Dodecahedron"],"potions_floor_usage":[16,29,29],"damage_taken":[{"damage":1,"enemies":"Small Slimes","floor":1,"turns":5},{"damage":0,"enemies":"Jaw Worm","floor":3,"turns":6},{"damage":0,"enemies":"2 Louse","floor":4,"turns":2},{"damage":8,"enemies":"Lots of Slimes","floor":5,"turns":7},{"damage":32,"enemies":"3 Sentries","floor":14,"turns":18},{"damage":6,"enemies":"The Guardian","floor":16,"turns":15},{"damage":0,"enemies":"Spheric Guardian","floor":18,"turns":6},{"damage":0,"enemies":"3 Byrds","floor":19,"turns":2},{"damage":2,"enemies":"3 Cultists","floor":20,"turns":3},{"damage":11,"enemies":"Snake Plant","floor":21,"turns":8},{"damage":4,"enemies":"Snecko","floor":24,"turns":5},{"damage":0,"enemies":"Slavers","floor":27,"turns":3},{"damage":7,"enemies":"Shelled Parasite and Fungi","floor":28,"turns":6},{"damage":16,"enemies":"Gremlin Leader","floor":29,"turns":7},{"damage":0,"enemies":"Centurion and Healer","floor":31,"turns":5},{"damage":50,"enemies":"Automaton","floor":33,"turns":6}],"seed_played":"8283954244405409899","potions_obtained":[{"floor":1,"key":"Strength Potion"},{"floor":14,"key":"SmokeBomb"},{"floor":16,"key":"SpeedPotion"}],"is_trial":false,"path_per_floor":["M","?","M","M","M","R","T","R","T","R","$","R","?","E","R","B",null,"M","M","M","M","T","R","M","R","T","E","M","E","?","M","R","B"],"character_chosen":"THE_SILENT","items_purchased":["Blur+1"],"campfire_rested":1,"item_purchase_floors":[11],"current_hp_per_floor":[58,35,35,35,27,27,27,27,27,27,27,46,46,14,14,33,58,58,58,56,45,45,45,41,41,41,41,34,18,18,18,18,0],"gold":390,"neow_bonus":"UPGRADE_CARD","is_prod":false,"is_daily":false,"chose_seed":false,"campfire_upgraded":7,"win_rate":0,"timestamp":1545127071,"path_taken":["M","?","M","M","M","R","?","R","T","R","$","R","?","E","R","BOSS","M","M","M","?","?","R","M","R","T","E","?","E","?","M","R","BOSS"],"build_version":"2018-12-17","purchased_purges":1,"victory":false,"max_hp_per_floor":[66,66,66,66,66,66,66,66,66,66,66,66,66,66,66,66,66,66,66,66,66,66,66,66,66,66,66,66,66,66,66,66,66],"card_choices":[{"not_picked":["Outmaneuver","Dodge and Roll"],"picked":"Footwork","floor":1},{"not_picked":["Finisher","Accuracy"],"picked":"Poisoned Stab","floor":3},{"not_picked":["Concentrate","Predator"],"picked":"Quick Slash","floor":4},{"not_picked":["Deflect","Concentrate"],"picked":"Bullet Time","floor":5},{"not_picked":["Dodge and Roll+1","Prepared+1"],"picked":"Cloak And Dagger+1","floor":14},{"not_picked":["Storm of Steel+1","Unload"],"picked":"Corpse Explosion+1","floor":16},{"not_picked":["Dodge and Roll+1","Dagger Spray"],"picked":"Expertise+1","floor":18},{"not_picked":["Dagger Spray","Underhanded Strike","Dagger Throw"],"picked":"SKIP","floor":19},{"not_picked":["Caltrops","Footwork"],"picked":"Dash","floor":20},{"not_picked":["Dagger Spray","Slice+1"],"picked":"Quick Slash","floor":21},{"not_picked":["Caltrops","Flying Knee"],"picked":"Backflip+1","floor":24},{"not_picked":["Deadly Poison+1","Flechettes+1"],"picked":"Dodge and Roll+1","floor":27},{"not_picked":["Underhanded Strike","Bane"],"picked":"Caltrops","floor":28},{"not_picked":["Eviscerate","Deflect+1"],"picked":"Cloak And Dagger+1","floor":31}],"player_experience":971222,"relics_obtained":[{"floor":7,"key":"Toxic Egg 2"},{"floor":9,"key":"Pantograph"},{"floor":14,"key":"Bottled Lightning"},{"floor":22,"key":"FossilizedHelix"},{"floor":26,"key":"Matryoshka"},{"floor":27,"key":"Dodecahedron"}],"event_choices":[{"damage_healed":0,"gold_gain":0,"player_choice":"Take Damage","damage_taken":23,"relics_obtained":["Golden Idol"],"max_hp_gain":0,"max_hp_loss":0,"event_name":"Golden Idol","floor":2,"gold_loss":0},{"damage_healed":0,"gold_gain":0,"player_choice":"Cursed","damage_taken":0,"max_hp_gain":0,"max_hp_loss":0,"event_name":"Wheel of Change","floor":13,"gold_loss":0,"cards_obtained":["Decay"]},{"damage_healed":0,"gold_gain":0,"cards_transformed":["Strike_G","Strike_G"],"player_choice":"Became Test Subject","damage_taken":0,"max_hp_gain":0,"max_hp_loss":0,"event_name":"Drug Dealer","floor":30,"gold_loss":0,"cards_obtained":["Endless Agony","Riddle With Holes"]}],"is_beta":true,"boss_relics":[{"not_picked":["Eternal Feather","Busted Crown"],"picked":"Sozu"}],"items_purged_floors":[11],"is_endless":false,"potions_floor_spawned":[1,14,16,24,27,29,31],"killed_by":"Automaton","ascension_level":18}