{"gold_per_floor":[110,2,2,77,88,88,116,131,155,185,205,205,235,255,255,330,330,347,347,363,383,383,383,397,426,426,19,39,39],"floor_reached":29,"playtime":6662,"items_purged":["Strike_R"],"score":580,"play_id":"6660b611-b616-4038-9cbc-e43f9065f603","local_time":"20190126000950","is_ascension_mode":true,"campfire_choices":[{"data":"Pommel Strike","floor":6.0,"key":"SMITH"},{"data":"Armaments","floor":12.0,"key":"SMITH"},{"data":"Corruption","floor":15.0,"key":"SMITH"},{"data":"Infernal Blade","floor":23.0,"key":"SMITH"}],"neow_cost":"NONE","seed_source_timestamp":213637166162225,"circlet_count":0,"master_deck":["AscendersBane","Strike_R","Strike_R","Strike_R","Defend_R","Defend_R","Defend_R","Defend_R","Bash","Clothesline","Flash of Steel","Pommel Strike+1","Anger","Armaments+1","Corruption+1","Ghostly Armor","Limit Break","Havoc","Offering","Infernal Blade+1","Flash of Steel","Sword Boomerang+1","Seeing Red","Inflame+1","Sentinel","Flame Barrier"],"special_seed":0,"relics":["Burning Blood","NeowsBlessing","Bronze Scales","Oddly Smooth Stone","Boot","Meat on the Bone","Mark of Pain","Bottled Tornado","Omamori","Mango","Membership Card","Question Card"],"potions_floor_usage":[28],"damage_taken":[{"damage":0.0,"enemies":"Small Slimes","floor":1.0,"turns":1.0},{"damage":0.0,"enemies":"Jaw Worm","floor":5.0,"turns":1.0},{"damage":0.0,"enemies":"Gremlin Nob","floor":7.0,"turns":1.0},{"damage":0.0,"enemies":"Cultist","floor":8.0,"turns":3.0},{"damage":25.0,"enemies":"3 Sentries","floor":10.0,"turns":8.0},{"damage":1.0,"enemies":"Exordium Thugs","floor":11.0,"turns":4.0},{"damage":20.0,"enemies":"Lagavulin","floor":13.0,"turns":3.0},{"damage":12.0,"enemies":"2 Fungi Beasts","floor":14.0,"turns":4.0},{"damage":29.0,"enemies":"Hexaghost","floor":16.0,"turns":8.0},{"damage":12.0,"enemies":"2 Thieves","floor":18.0,"turns":4.0},{"damage":6.0,"enemies":"Spheric Guardian","floor":20.0,"turns":4.0},{"damage":7.0,"enemies":"Snake Plant","floor":21.0,"turns":3.0},{"damage":20.0,"enemies":"Snecko","floor":24.0,"turns":5.0},{"damage":43.0,"enemies":"Slavers","floor":25.0,"turns":6.0},{"damage":14,"enemies":"Centurion and Healer","floor":28,"turns":4},{"damage":39,"enemies":"Shelled Parasite and Fungi","floor":29,"turns":3}],"seed_played":"3214832145852690995","potions_obtained":[{"floor":5.0,"key":"SpeedPotion"},{"floor":7.0,"key":"AttackPotion"},{"floor":10.0,"key":"SpeedPotion"},{"floor":11.0,"key":"SteroidPotion"},{"floor":14.0,"key":"Explosive Potion"},{"floor":21.0,"key":"Weak Potion"},{"floor":25.0,"key":"Poison Potion"},{"floor":28,"key":"Fire Potion"}],"is_trial":false,"path_per_floor":["M","$","?","?","M","R","E","M","T","E","M","R","E","M","R","B",null,"M","?","M","M","T","R","M","E","T","$","M","M"],"character_chosen":"IRONCLAD","items_purchased":["Flash of Steel","Membership Card","Question Card"],"campfire_rested":0,"item_purchase_floors":[2,27,27],"current_hp_per_floor":[74,74,74,63,69,69,75,75,75,56,61,61,47,53,53,42,67,61,61,61,60,60,60,46,21,35,35,39,0],"gold":39,"neow_bonus":"THREE_ENEMY_KILL","is_prod":false,"is_daily":false,"chose_seed":false,"campfire_upgraded":4,"win_rate":0,"timestamp":1548486590,"path_taken":["M","$","?","?","M","R","E","M","T","E","M","R","E","M","R","BOSS","M","?","M","?","?","R","M","E","T","$","M","M"],"build_version":"2019-01-23","purchased_purges":1,"victory":false,"max_hp_per_floor":[75,75,75,75,75,75,75,75,75,75,75,75,75,75,75,75,75,75,75,75,75,75,75,75,75,89,89,89,89],"card_choices":[{"not_picked":["Flex","Ghostly Armor"],"picked":"Clothesline","floor":1.0},{"not_picked":["Rage","Fire Breathing"],"picked":"Anger","floor":5.0},{"not_picked":["Second Wind","Rupture"],"picked":"Armaments","floor":7.0},{"not_picked":["Pommel Strike","Bloodletting"],"picked":"Corruption","floor":8.0},{"not_picked":["Cleave","Metallicize"],"picked":"Ghostly Armor","floor":10.0},{"not_picked":["Shockwave","Wild Strike"],"picked":"Limit Break","floor":11.0},{"not_picked":["Brutality","Heavy Blade"],"picked":"Havoc","floor":13.0},{"not_picked":["Havoc","Heavy Blade","Dual Wield"],"picked":"SKIP","floor":14.0},{"not_picked":["Feed","Limit Break"],"picked":"Offering","floor":16.0},{"not_picked":["Clash","Pommel Strike"],"picked":"Infernal Blade","floor":18.0},{"not_picked":["Wild Strike","Evolve"],"picked":"Sword Boomerang+1","floor":20.0},{"not_picked":["Clash+1","Hemokinesis"],"picked":"Seeing Red","floor":21.0},{"not_picked":["Iron Wave","Entrench"],"picked":"Inflame+1","floor":24.0},{"not_picked":["Sword Boomerang","Rampage"],"picked":"Sentinel","floor":25.0},{"not_picked":["Pommel Strike","Warcry","Whirlwind"],"picked":"Flame Barrier","floor":28}],"player_experience":738546,"relics_obtained":[{"floor":7.0,"key":"Bronze Scales"},{"floor":9.0,"key":"Oddly Smooth Stone"},{"floor":10.0,"key":"Boot"},{"floor":13.0,"key":"Meat on the Bone"},{"floor":22.0,"key":"Bottled Tornado"},{"floor":25.0,"key":"Omamori"},{"floor":26.0,"key":"Mango"}],"event_choices":[{"damage_healed":0.0,"max_hp_gain":0.0,"max_hp_loss":0.0,"gold_gain":0.0,"cards_transformed":["Strike_R"],"event_name":"Living Wall","player_choice":"Change","floor":3.0,"gold_loss":0.0,"damage_taken":0.0,"cards_obtained":["Pommel Strike"]},{"damage_healed":0.0,"max_hp_gain":0.0,"max_hp_loss":0.0,"gold_gain":75.0,"event_name":"World of Goop","player_choice":"Gather Gold","floor":4.0,"gold_loss":0.0,"damage_taken":11.0},{"damage_healed":0.0,"max_hp_gain":0.0,"max_hp_loss":0.0,"gold_gain":0.0,"event_name":"Duplicator","player_choice":"Copied","floor":19.0,"gold_loss":0.0,"damage_taken":0.0,"cards_obtained":["Flash of Steel"]}],"is_beta":false,"boss_relics":[{"not_picked":["Velvet Choker","White Beast Statue"],"picked":"Mark of Pain"}],"items_purged_floors":[27],"is_endless":false,"potions_floor_spawned":[5,7,10,11,14,21,25,28],"killed_by":"Shelled Parasite and Fungi","ascension_level":20}