{"gold_per_floor":[119,132,132,147,163,163,188,188,242,242,272,304,317,297,297,396,396,411,427,442,442,455,455,490,490,545,545,561,561,571,571,571,667,667,684,684,703,718,207,537,537,571,594,594,594,607,607],"floor_reached":47,"playtime":3024,"items_purged":["Strike_G"],"score":695,"play_id":"12000fdb-ccfe-4df4-9d98-85c8817b43ea","local_time":"20190105181001","is_ascension_mode":true,"campfire_choices":[{"data":"Neutralize","floor":6,"key":"SMITH"},{"data":"Dash","floor":8,"key":"SMITH"},{"data":"All Out Attack","floor":10,"key":"SMITH"},{"floor":15,"key":"REST"},{"data":"Die Die Die","floor":23,"key":"SMITH"},{"data":"Noxious Fumes","floor":25,"key":"SMITH"},{"floor":27,"key":"REST"},{"data":"Dash","floor":29,"key":"SMITH"},{"floor":32,"key":"REST"},{"floor":41,"key":"REST"},{"floor":45,"key":"REST"}],"neow_cost":"NONE","seed_source_timestamp":1546365053949764,"circlet_count":0,"master_deck":["Defend_G","Defend_G","Defend_G","Defend_G","Defend_G","Strike_G","Strike_G","Strike_G","Strike_G","Survivor","Neutralize+1","Dagger Spray","Backflip","Dash+1","Adrenaline","All Out Attack+1","Heel Hook","Dash+1","Die Die Die+1","Cloak And Dagger+1","Riddle With Holes","Writhe","Noxious Fumes+1","Catalyst","A Thousand Cuts","Leg Sweep+1","Dagger Spray+1","A Thousand Cuts","Jack Of All Trades","Escape Plan+1","Leg Sweep"],"relics":["Ring of the Snake","NeowsBlessing","Paper Crane","Ancient Tea Set","Vajra","Velvet Choker","Calipers","Turnip","Tiny Chest","Pear","Sozu","TwistedFunnel","Regal Pillow","Old Coin","Frozen Egg 2"],"potions_floor_usage":[16,16,20,38,40,42],"damage_taken":[{"damage":0,"enemies":"Cultist","floor":1,"turns":1},{"damage":0,"enemies":"Small Slimes","floor":2,"turns":1},{"damage":0,"enemies":"2 Louse","floor":4,"turns":1},{"damage":7,"enemies":"Gremlin Gang","floor":5,"turns":3},{"damage":10,"enemies":"3 Sentries","floor":7,"turns":11},{"damage":19,"enemies":"Lagavulin","floor":12,"turns":7},{"damage":0,"enemies":"3 Louse","floor":13,"turns":2},{"damage":20,"enemies":"The Guardian","floor":16,"turns":14},{"damage":0,"enemies":"Spheric Guardian","floor":18,"turns":3},{"damage":0,"enemies":"3 Byrds","floor":19,"turns":4},{"damage":0,"enemies":"Cultist and Chosen","floor":20,"turns":4},{"damage":6,"enemies":"Shelled Parasite and Fungi","floor":22,"turns":4},{"damage":22,"enemies":"Gremlin Leader","floor":24,"turns":6},{"damage":1,"enemies":"Snecko","floor":28,"turns":4},{"damage":15,"enemies":"Snake Plant","floor":30,"turns":4},{"damage":59,"enemies":"Automaton","floor":33,"turns":11},{"damage":1,"enemies":"Orb Walker","floor":35,"turns":3},{"damage":3,"enemies":"3 Shapes","floor":37,"turns":3},{"damage":5,"enemies":"Maw","floor":38,"turns":7},{"damage":26,"enemies":"Nemesis","floor":40,"turns":7},{"damage":54,"enemies":"Giant Head","floor":42,"turns":11},{"damage":19,"enemies":"4 Shapes","floor":46,"turns":2},{"damage":30,"enemies":"Writhing Mass","floor":47,"turns":5}],"seed_played":"7655218833950323535","potions_obtained":[{"floor":5,"key":"Energy Potion"},{"floor":7,"key":"Ancient Potion"},{"floor":14,"key":"SteroidPotion"},{"floor":16,"key":"Swift Potion"},{"floor":18,"key":"SpeedPotion"},{"floor":33,"key":"Poison Potion"}],"is_trial":false,"path_per_floor":["M","M","?","M","M","R","E","R","T","R","?","E","M","?","R","B",null,"M","M","M","?","M","R","E","R","T","R","M","R","M","T","R","B",null,"M","?","M","M","$","E","R","E","T","?","R","M","M"],"character_chosen":"THE_SILENT","items_purchased":["TwistedFunnel","Regal Pillow","Jack Of All Trades"],"campfire_rested":5,"item_purchase_floors":[39,39,39],"current_hp_per_floor":[63,63,63,63,56,56,46,46,46,46,46,27,27,27,48,28,60,60,60,60,60,54,54,32,32,32,53,52,52,37,47,71,12,63,62,62,59,54,54,28,65,11,11,11,48,29,0],"gold":607,"neow_bonus":"THREE_ENEMY_KILL","is_prod":false,"is_daily":false,"chose_seed":false,"campfire_upgraded":6,"win_rate":0,"timestamp":1546729801,"path_taken":["M","M","?","M","M","R","E","R","T","R","?","E","M","?","R","BOSS","M","?","M","?","M","R","E","R","T","R","M","R","M","?","R","BOSS","M","?","M","M","$","E","R","E","T","?","R","M","?"],"build_version":"2019-01-03v4","purchased_purges":1,"victory":false,"max_hp_per_floor":[70,70,70,70,70,70,70,70,70,70,70,70,70,70,70,70,70,70,70,70,70,70,70,70,70,70,70,70,70,70,80,80,80,80,80,76,76,76,76,76,76,76,76,76,76,76,76],"card_choices":[{"not_picked":["Acrobatics","Quick Slash"],"picked":"Dagger Spray","floor":1},{"not_picked":["Blade Dance","Predator"],"picked":"Backflip","floor":2},{"not_picked":["Dagger Spray","Deflect"],"picked":"Dash","floor":4},{"not_picked":["Blade Dance","Prepared"],"picked":"Adrenaline","floor":5},{"not_picked":["Masterful Stab","Storm of Steel"],"picked":"All Out Attack","floor":7},{"not_picked":["Cloak And Dagger","Deflect"],"picked":"Heel Hook","floor":12},{"not_picked":["Deadly Poison","PiercingWail"],"picked":"Dash","floor":13},{"not_picked":["Malaise","Adrenaline"],"picked":"Die Die Die","floor":16},{"not_picked":["Choke","Catalyst","Prepared"],"picked":"SKIP","floor":18},{"not_picked":["Outmaneuver+1","Concentrate"],"picked":"Cloak And Dagger+1","floor":19},{"not_picked":["Slice","Dagger Throw"],"picked":"Riddle With Holes","floor":20},{"not_picked":["Acrobatics","Bane","Setup+1"],"picked":"SKIP","floor":22},{"not_picked":["Terror+1","Calculated Gamble"],"picked":"Noxious Fumes","floor":24},{"not_picked":["Blur+1","Dagger Spray","Deadly Poison"],"picked":"SKIP","floor":28},{"not_picked":["Backflip","Night Terror"],"picked":"Catalyst","floor":30},{"not_picked":["Burst","Envenom"],"picked":"A Thousand Cuts","floor":33},{"not_picked":["Outmaneuver","Deflect+1"],"picked":"Leg Sweep+1","floor":35},{"not_picked":["Poisoned Stab+1","Catalyst"],"picked":"Dagger Spray+1","floor":37},{"not_picked":["Backflip","Blur"],"picked":"A Thousand Cuts","floor":38},{"not_picked":["Deadly Poison+1","Quick Slash+1"],"picked":"Escape Plan+1","floor":40},{"not_picked":["Backflip","Calculated Gamble+1","Poisoned Stab"],"picked":"SKIP","floor":42},{"not_picked":["Deflect","Dash"],"picked":"Leg Sweep","floor":46}],"player_experience":346926,"relics_obtained":[{"floor":7,"key":"Paper Crane"},{"floor":9,"key":"Ancient Tea Set"},{"floor":12,"key":"Vajra"},{"floor":24,"key":"Turnip"},{"floor":26,"key":"Tiny Chest"},{"floor":31,"key":"Pear"},{"floor":40,"key":"Old Coin"},{"floor":42,"key":"Frozen Egg 2"}],"event_choices":[{"damage_healed":0,"gold_gain":0,"player_choice":"Ignored","damage_taken":0,"max_hp_gain":0,"max_hp_loss":0,"event_name":"Liars Game","floor":3,"gold_loss":0},{"damage_healed":0,"gold_gain":30,"player_choice":"Searched \u00271\u0027 times","damage_taken":0,"max_hp_gain":0,"max_hp_loss":0,"event_name":"Dead Adventurer","floor":11,"gold_loss":0},{"damage_healed":0,"gold_gain":0,"player_choice":"Bought 1 Potion","damage_taken":0,"max_hp_gain":0,"max_hp_loss":0,"event_name":"The Woman in Blue","floor":14,"gold_loss":0},{"damage_healed":0,"gold_gain":0,"player_choice":"Opened","damage_taken":0,"relics_obtained":["Calipers"],"max_hp_gain":0,"max_hp_loss":0,"event_name":"The Mausoleum","floor":21,"gold_loss":0,"cards_obtained":["Writhe"]},{"damage_healed":0,"gold_gain":0,"player_choice":"Max HP","damage_taken":0,"max_hp_gain":0,"max_hp_loss":4,"event_name":"Winding Halls","floor":36,"gold_loss":0},{"damage_healed":0,"gold_gain":0,"player_choice":"Got Potions","damage_taken":0,"max_hp_gain":0,"max_hp_loss":0,"event_name":"Lab","floor":44,"gold_loss":0}],"is_beta":false,"boss_relics":[{"not_picked":["Pandora\u0027s Box","Cursed Key"],"picked":"Velvet Choker"},{"not_picked":["Lizard Tail","Snecko Eye"],"picked":"Sozu"}],"items_purged_floors":[39],"is_endless":false,"potions_floor_spawned":[5,7,16,18,19,33,37,38,40,42],"killed_by":"Writhing Mass","ascension_level":6}