{"gold_per_floor":[116,128,128,3,23,58,11,29,29,56,84,102,102,134,134,231,231,245,262,112,112,36,36,71,71,71,104,104,104,104,104,104,203,203,220,95,110,210,210,236,236,271,271,271,291,291,291,316,316,316],"floor_reached":51,"playtime":2368,"items_purged":["Strike_B","Strike_B","Strike_B"],"score":848,"play_id":"c7f13ac3-4f81-45d0-b96c-3d399e7f86b3","local_time":"20190116215840","is_ascension_mode":true,"campfire_choices":[{"data":"Chill","floor":13,"key":"SMITH"},{"data":"Zap","floor":15,"key":"SMITH"},{"data":"Defragment","floor":23,"key":"SMITH"},{"data":"Capacitor","floor":25,"key":"SMITH"},{"floor":32,"key":"REST"},{"data":"Creative AI","floor":41,"key":"SMITH"},{"data":"Madness","floor":44,"key":"SMITH"},{"data":"Madness","floor":46,"key":"SMITH"},{"floor":49,"key":"REST"}],"neow_cost":"NONE","seed_source_timestamp":49970741723367,"circlet_count":0,"master_deck":["Strike_B","Defend_B","Defend_B","Defend_B","Defend_B","Zap+1","Dualcast","Chill+1","Cold Snap","Electrodynamics","Cold Snap","Glacier","Ball Lightning","Capacitor+1","Coolheaded+1","Defragment+1","Barrage+1","Reboot","Madness+1","Madness+1","Creative AI+1","Regret","Blizzard+1","The Bomb","Finesse","Panacea"],"relics":["Cracked Core","Regal Pillow","Meat on the Bone","Juzu Bracelet","Odd Mushroom","Vajra","Lantern","Cursed Key","Question Card","Cables","Blood Vial","FaceOfCleric","Inserter","Shovel","Boot","Sundial","Gremlin Horn","Frozen Egg 2"],"potions_floor_usage":[12,14,19,42,42,48],"damage_taken":[{"damage":0,"enemies":"2 Louse","floor":1,"turns":2},{"damage":0,"enemies":"Cultist","floor":2,"turns":4},{"damage":1,"enemies":"Small Slimes","floor":5,"turns":3},{"damage":24,"enemies":"3 Sentries","floor":6,"turns":10},{"damage":2,"enemies":"Exordium Wildlife","floor":8,"turns":3},{"damage":0,"enemies":"The Mushroom Lair","floor":10,"turns":2},{"damage":15,"enemies":"Gremlin Nob","floor":11,"turns":4},{"damage":12,"enemies":"Exordium Thugs","floor":12,"turns":3},{"damage":15,"enemies":"Lagavulin","floor":14,"turns":6},{"damage":18,"enemies":"Hexaghost","floor":16,"turns":13},{"damage":6,"enemies":"Shell Parasite","floor":18,"turns":5},{"damage":9,"enemies":"2 Thieves","floor":19,"turns":3},{"damage":10,"enemies":"Slavers","floor":24,"turns":4},{"damage":28,"enemies":"Gremlin Leader","floor":27,"turns":5},{"damage":4,"enemies":"Colosseum Slavers","floor":28,"turns":4},{"damage":1,"enemies":"Collector","floor":33,"turns":8},{"damage":0,"enemies":"Orb Walker","floor":35,"turns":4},{"damage":16,"enemies":"3 Shapes","floor":37,"turns":5},{"damage":8,"enemies":"Mind Bloom Boss Battle","floor":38,"turns":5},{"damage":12,"enemies":"Giant Head","floor":40,"turns":10},{"damage":0,"enemies":"Reptomancer","floor":42,"turns":8},{"damage":24,"enemies":"Spire Growth","floor":45,"turns":5},{"damage":27,"enemies":"Giant Head","floor":48,"turns":9},{"damage":36,"enemies":"Donu and Deca","floor":50,"turns":9}],"seed_played":"2923447498612933680","potions_obtained":[{"floor":1,"key":"FearPotion"},{"floor":2,"key":"PowerPotion"},{"floor":10,"key":"EssenceOfSteel"},{"floor":16,"key":"Explosive Potion"},{"floor":18,"key":"SpeedPotion"},{"floor":33,"key":"SteroidPotion"},{"floor":35,"key":"Ancient Potion"},{"floor":38,"key":"PowerPotion"},{"floor":45,"key":"FocusPotion"}],"is_trial":false,"path_per_floor":["M","M","?","$","M","E","$","M","T","?","E","M","R","E","R","B",null,"M","M","$","?","$","R","E","R","T","E","?","?","?","?","R","B",null,"M","$","M","?","?","E","R","E","T","R","M","R","?","E","R","B",null],"character_chosen":"DEFECT","items_purchased":["Cold Snap","Cold Snap","Coolheaded","Defragment"],"campfire_rested":2,"item_purchase_floors":[4,7,20,22],"current_hp_per_floor":[75,75,75,75,74,50,50,48,48,48,45,45,45,42,42,36,75,69,60,60,60,60,60,50,50,50,34,44,30,30,30,68,70,78,79,79,64,59,49,52,52,55,55,55,46,46,36,24,64,43],"gold":316,"neow_bonus":"THREE_CARDS","is_prod":false,"is_daily":false,"chose_seed":false,"campfire_upgraded":7,"win_rate":0,"timestamp":1547636320,"path_taken":["M","M","?","$","?","E","$","M","T","?","E","M","R","E","R","BOSS","M","M","$","?","?","R","E","R","T","E","?","?","?","?","R","BOSS","M","$","M","?","?","E","R","E","T","R","M","R","?","E","R","BOSS"],"build_version":"2018-11-15","purchased_purges":3,"victory":true,"max_hp_per_floor":[75,75,75,75,75,75,75,75,75,75,75,75,75,75,75,75,75,75,75,75,75,75,75,75,75,75,75,75,80,77,77,77,78,78,79,79,80,81,81,82,82,83,83,83,84,84,84,85,85,86],"card_choices":[{"not_picked":["Barrage","Steam"],"picked":"Chill","floor":0},{"not_picked":["Consume","Beam Cell","Chaos"],"picked":"SKIP","floor":1},{"not_picked":["Beam Cell","Aggregate","Gash"],"picked":"SKIP","floor":2},{"not_picked":["Rebound","Auto Shields","Compile Driver"],"picked":"SKIP","floor":5},{"not_picked":["Auto Shields","Fusion"],"picked":"Electrodynamics","floor":6},{"not_picked":["Redo","Rebound"],"picked":"Glacier","floor":8},{"not_picked":["Stack","Go for the Eyes"],"picked":"Ball Lightning","floor":10},{"not_picked":["Steam","Beam Cell","Lockon"],"picked":"SKIP","floor":11},{"not_picked":["Beam Cell","Conserve Battery","Compile Driver"],"picked":"SKIP","floor":12},{"not_picked":["Stack","Streamline","Fission"],"picked":"SKIP","floor":14},{"not_picked":["Aggregate+1","Gash+1","Scrape"],"picked":"SKIP","floor":18},{"not_picked":["Auto Shields","Sunder"],"picked":"Capacitor","floor":19},{"not_picked":["Chill","Fission"],"picked":"Barrage+1","floor":24},{"not_picked":["Streamline","Leap+1","Chill","Consume"],"picked":"SKIP","floor":27},{"not_picked":["Multi-Cast","Core Surge","Biased Cognition"],"picked":"Reboot","floor":33},{"not_picked":["Compile Driver","Scrape+1","Sweeping Beam","Reinforced Body+1"],"picked":"SKIP","floor":35},{"not_picked":["Beam Cell+1","Redo+1","Leap+1","Aggregate"],"picked":"SKIP","floor":37},{"not_picked":["Self Repair+1","Rebound","Barrage"],"picked":"Creative AI","floor":40},{"not_picked":["Doom and Gloom+1","Tempest","Turbo","White Noise"],"picked":"SKIP","floor":42},{"not_picked":["Redo","Streamline","Hologram"],"picked":"Blizzard+1","floor":45},{"not_picked":["Finesse","Dark Shackles","Forethought"],"picked":"The Bomb","floor":47},{"not_picked":["Secret Technique","Chrysalis","Swift Strike"],"picked":"Finesse","floor":47},{"not_picked":["Transmutation","Sadistic Nature","Mind Blast"],"picked":"Panacea","floor":47},{"not_picked":["All For One","White Noise","Sweeping Beam+1","Streamline+1"],"picked":"SKIP","floor":48}],"player_experience":1098544,"relics_obtained":[{"floor":6,"key":"Meat on the Bone"},{"floor":9,"key":"Juzu Bracelet"},{"floor":10,"key":"Odd Mushroom"},{"floor":11,"key":"Vajra"},{"floor":14,"key":"Lantern"},{"floor":24,"key":"Question Card"},{"floor":26,"key":"Cables"},{"floor":27,"key":"Blood Vial"},{"floor":38,"key":"Shovel"},{"floor":40,"key":"Boot"},{"floor":42,"key":"Sundial"},{"floor":43,"key":"Gremlin Horn"},{"floor":48,"key":"Frozen Egg 2"}],"event_choices":[{"damage_healed":0,"gold_gain":0,"player_choice":"Gave Potion","damage_taken":0,"relics_obtained":["Regal Pillow"],"max_hp_gain":0,"max_hp_loss":0,"event_name":"WeMeetAgain","floor":3,"gold_loss":0},{"damage_healed":0,"gold_gain":0,"player_choice":"Fought Mushrooms","damage_taken":0,"max_hp_gain":0,"max_hp_loss":0,"event_name":"Mushrooms","floor":10,"gold_loss":0},{"damage_healed":0,"gold_gain":0,"player_choice":"Forge","damage_taken":0,"max_hp_gain":0,"max_hp_loss":0,"event_name":"Accursed Blacksmith","floor":21,"gold_loss":0,"cards_upgraded":["Coolheaded"]},{"damage_healed":0,"gold_gain":0,"player_choice":"Fight","damage_taken":0,"max_hp_gain":0,"max_hp_loss":0,"event_name":"Colosseum","floor":28,"gold_loss":0},{"damage_healed":0,"gold_gain":0,"player_choice":"Fled From Nobs","damage_taken":0,"max_hp_gain":0,"max_hp_loss":0,"event_name":"Colosseum","floor":28,"gold_loss":0},{"damage_healed":0,"gold_gain":0,"player_choice":"Shed Blood","damage_taken":19,"max_hp_gain":5,"max_hp_loss":0,"event_name":"Forgotten Altar","floor":29,"gold_loss":0},{"cards_removed":["Parasite"],"damage_healed":0,"gold_gain":0,"player_choice":"Purged","damage_taken":0,"max_hp_gain":0,"max_hp_loss":0,"event_name":"Purifier","floor":30,"gold_loss":0},{"damage_healed":0,"gold_gain":0,"player_choice":"Trade","damage_taken":0,"relics_obtained":["FaceOfCleric"],"max_hp_gain":0,"max_hp_loss":0,"event_name":"FaceTrader","floor":31,"gold_loss":0},{"damage_healed":0,"gold_gain":0,"player_choice":"Fight","damage_taken":0,"max_hp_gain":0,"max_hp_loss":0,"event_name":"MindBloom","floor":38,"gold_loss":0},{"damage_healed":0,"gold_gain":0,"player_choice":"Embrace Madness","damage_taken":10,"max_hp_gain":0,"max_hp_loss":0,"event_name":"Winding Halls","floor":39,"gold_loss":0,"cards_obtained":["Madness","Madness"]},{"damage_healed":0,"gold_gain":0,"player_choice":"Memory 3","damage_taken":10,"max_hp_gain":0,"max_hp_loss":0,"event_name":"SensoryStone","floor":47,"gold_loss":0}],"is_beta":true,"boss_relics":[{"not_picked":["Snecko Eye","White Beast Statue"],"picked":"Cursed Key"},{"not_picked":["Busted Crown","Eternal Feather"],"picked":"Inserter"}],"items_purged_floors":[4,20,36],"is_endless":false,"potions_floor_spawned":[1,2,10,16,18,33,35,38,45],"ascension_level":1}