{"gold_per_floor":[113,1,13,13,13,40,52,52,77,103,103,119,119,135,135,206,206,222,222,242,242,0,0,0,35,35,97,31,31,50,64,64,64],"floor_reached":33,"playtime":3273,"items_purged":["Strike_R"],"score":604,"play_id":"d207f90b-462c-43f3-9c23-427ffaebe204","local_time":"20190102105218","is_ascension_mode":true,"campfire_choices":[{"data":"Metallicize","floor":8,"key":"SMITH"},{"data":"Disarm","floor":11,"key":"SMITH"},{"data":"Spot Weakness","floor":13,"key":"SMITH"},{"data":"Seeing Red","floor":15,"key":"SMITH"},{"floor":23,"key":"REST"},{"floor":29,"key":"REST"},{"data":"Battle Trance","floor":32,"key":"SMITH"}],"neow_cost":"NONE","seed_source_timestamp":1044311643734960,"circlet_count":0,"master_deck":["AscendersBane","Strike_R","Strike_R","Strike_R","Defend_R","Defend_R","Defend_R","Defend_R","Bash","Spot Weakness+1","Pommel Strike","Metallicize+1","Whirlwind+1","Flame Barrier","Disarm+1","Seeing Red+1","Fiend Fire","True Grit","Battle Trance+1","Shrug It Off","Metallicize","Clothesline"],"relics":["Burning Blood","NeowsBlessing","Boot","Anchor","Incense Burner","Velvet Choker","Kunai","Bag of Preparation","MutagenicStrength","The Courier","Tiny Chest"],"potions_floor_usage":[16,16,25,30],"damage_taken":[{"damage":0,"enemies":"Cultist","floor":1,"turns":1},{"damage":0,"enemies":"Jaw Worm","floor":3,"turns":1},{"damage":0,"enemies":"3 Sentries","floor":6,"turns":2},{"damage":0,"enemies":"2 Louse","floor":7,"turns":3},{"damage":29,"enemies":"Lagavulin","floor":10,"turns":8},{"damage":4,"enemies":"Red Slaver","floor":12,"turns":4},{"damage":0,"enemies":"3 Louse","floor":14,"turns":1},{"damage":17,"enemies":"Hexaghost","floor":16,"turns":8},{"damage":21,"enemies":"Shell Parasite","floor":18,"turns":4},{"damage":31,"enemies":"Chosen","floor":20,"turns":7},{"damage":18,"enemies":"Gremlin Leader","floor":25,"turns":7},{"damage":36,"enemies":"Slavers","floor":27,"turns":4},{"damage":0,"enemies":"Snake Plant","floor":30,"turns":2},{"damage":2,"enemies":"Centurion and Healer","floor":31,"turns":6},{"damage":52,"enemies":"Automaton","floor":33,"turns":4}],"seed_played":"8079629008863145401","potions_obtained":[{"floor":6,"key":"LiquidBronze"},{"floor":10,"key":"GamblersBrew"},{"floor":12,"key":"Poison Potion"},{"floor":18,"key":"Explosive Potion"},{"floor":20,"key":"SpeedPotion"},{"floor":31,"key":"Energy Potion"}],"is_trial":false,"path_per_floor":["M","$","M","?","?","E","M","R","T","E","R","M","R","M","R","B",null,"M","?","M","T","$","R","?","E","T","E","$","R","M","M","R","B"],"character_chosen":"IRONCLAD","items_purchased":["Pommel Strike","Metallicize","Bag of Preparation","Regen Potion"],"campfire_rested":2,"item_purchase_floors":[2,2,22,28],"current_hp_per_floor":[74,74,75,75,75,75,75,75,75,52,52,54,54,60,60,49,69,54,54,29,29,29,51,51,39,39,9,9,31,42,46,46,0],"gold":64,"neow_bonus":"THREE_ENEMY_KILL","is_prod":false,"is_daily":false,"chose_seed":false,"campfire_upgraded":5,"win_rate":0,"timestamp":1546455138,"path_taken":["M","?","M","?","?","E","?","R","T","E","R","M","R","M","R","BOSS","M","?","M","?","$","R","?","E","T","E","$","R","M","M","R","BOSS"],"build_version":"2018-12-20","purchased_purges":1,"victory":false,"max_hp_per_floor":[75,75,75,75,75,75,75,75,75,75,75,75,75,75,75,75,75,75,75,75,75,75,75,75,75,75,75,75,75,75,75,75,75],"card_choices":[{"not_picked":["Clash","Sever Soul"],"picked":"Spot Weakness","floor":1},{"not_picked":["Hemokinesis","Headbutt"],"picked":"Whirlwind","floor":3},{"not_picked":["Ghostly Armor","Inflame"],"picked":"Flame Barrier","floor":6},{"not_picked":["Warcry","Hemokinesis","Cleave"],"picked":"SKIP","floor":7},{"not_picked":["Rage","Fire Breathing"],"picked":"Disarm","floor":10},{"not_picked":["Rage","Anger","Juggernaut"],"picked":"SKIP","floor":12},{"not_picked":["Headbutt","Clothesline"],"picked":"Seeing Red","floor":14},{"not_picked":["Impervious","Barricade"],"picked":"Fiend Fire","floor":16},{"not_picked":["Clash","Carnage"],"picked":"True Grit","floor":18},{"not_picked":["Clothesline","Perfected Strike"],"picked":"Shrug It Off","floor":20},{"not_picked":["Twin Strike","Iron Wave","Brutality"],"picked":"SKIP","floor":25},{"not_picked":["Havoc+1","Berserk"],"picked":"Metallicize","floor":27},{"not_picked":["Clash","Body Slam"],"picked":"Clothesline","floor":30},{"not_picked":["Pommel Strike","Headbutt","Evolve"],"picked":"SKIP","floor":31}],"player_experience":1625974,"relics_obtained":[{"floor":6,"key":"Boot"},{"floor":9,"key":"Anchor"},{"floor":10,"key":"Incense Burner"},{"floor":21,"key":"Kunai"},{"floor":25,"key":"The Courier"},{"floor":27,"key":"Tiny Chest"}],"event_choices":[{"damage_healed":0,"gold_gain":0,"player_choice":"Grow","damage_taken":0,"max_hp_gain":0,"max_hp_loss":0,"event_name":"Living Wall","floor":4,"gold_loss":0,"cards_upgraded":["Whirlwind"]},{"cards_removed":["Strike_R"],"damage_healed":0,"gold_gain":0,"player_choice":"Purged","damage_taken":0,"max_hp_gain":0,"max_hp_loss":0,"event_name":"Purifier","floor":5,"gold_loss":0},{"damage_healed":0,"gold_gain":0,"player_choice":"Read","damage_taken":0,"max_hp_gain":0,"max_hp_loss":0,"event_name":"The Library","floor":19,"gold_loss":0,"cards_obtained":["Battle Trance"]},{"damage_healed":0,"gold_gain":0,"player_choice":"Inject Mutagens","damage_taken":0,"relics_obtained":["MutagenicStrength"],"max_hp_gain":0,"max_hp_loss":0,"event_name":"Drug Dealer","floor":24,"gold_loss":0}],"is_beta":false,"boss_relics":[{"not_picked":["Coffee Dripper","White Beast Statue"],"picked":"Velvet Choker"}],"items_purged_floors":[22],"is_endless":false,"potions_floor_spawned":[6,10,12,18,20,31],"killed_by":"Automaton","ascension_level":18}