{"gold_per_floor":[116,135,154,170,184,184,199,199,229,229,255,265,265,187,187,187],"floor_reached":16,"playtime":554,"items_purged":[],"score":208,"play_id":"996df782-f561-4d71-bca4-510bd6e88e34","local_time":"20181106051627","is_ascension_mode":true,"campfire_choices":[{"data":"Havoc","floor":6,"key":"SMITH"},{"data":"Uppercut","floor":8,"key":"SMITH"},{"data":"Battle Trance","floor":10,"key":"SMITH"},{"floor":15,"key":"REST"}],"neow_cost":"NONE","seed_source_timestamp":647927242468273,"circlet_count":0,"master_deck":["Strike_R","Strike_R","Strike_R","Strike_R","Strike_R","Defend_R","Defend_R","Defend_R","Defend_R","Bash+1","AscendersBane","Uppercut+1","Battle Trance+1","Intimidate","Havoc+1","Warcry","Power Through","Uppercut+1","Carnage+1"],"relics":["Burning Blood","Tiny Chest","Molten Egg 2","PreservedInsect","Question Card"],"potions_floor_usage":[5,11,11],"damage_taken":[{"damage":14,"enemies":"Jaw Worm","floor":1,"turns":4},{"damage":2,"enemies":"Cultist","floor":2,"turns":4},{"damage":2,"enemies":"2 Louse","floor":3,"turns":3},{"damage":13,"enemies":"2 Fungi Beasts","floor":4,"turns":4},{"damage":5,"enemies":"Blue Slaver","floor":5,"turns":4},{"damage":14,"enemies":"Exordium Thugs","floor":7,"turns":6},{"damage":32,"enemies":"3 Sentries","floor":11,"turns":10},{"damage":22,"enemies":"Large Slime","floor":12,"turns":7},{"damage":41,"enemies":"Slime Boss","floor":16,"turns":6}],"seed_played":"-8321370244556723865","potions_obtained":[{"floor":2,"key":"Swift Potion"},{"floor":3,"key":"Poison Potion"},{"floor":5,"key":"Poison Potion"}],"is_trial":false,"path_per_floor":["M","M","M","M","M","R","M","R","T","R","E","M","?","?","R","B"],"character_chosen":"IRONCLAD","items_purchased":[],"campfire_rested":1,"item_purchase_floors":[],"current_hp_per_floor":[60,64,68,61,62,62,54,54,54,54,28,12,7,7,29,0],"gold":187,"neow_bonus":"UPGRADE_CARD","is_prod":false,"is_daily":false,"chose_seed":false,"campfire_upgraded":3,"win_rate":0,"timestamp":1541499387,"path_taken":["M","M","M","M","M","R","M","R","T","R","E","M","?","?","R","BOSS"],"build_version":"2018-10-30","purchased_purges":0,"victory":false,"max_hp_per_floor":[75,75,75,75,75,75,75,75,75,75,75,75,75,75,75,75],"card_choices":[{"not_picked":["Thunderclap","Flex"],"picked":"Uppercut","floor":1},{"not_picked":["Twin Strike","Rampage"],"picked":"Battle Trance","floor":2},{"not_picked":["Anger","Second Wind"],"picked":"Intimidate","floor":3},{"not_picked":["Bloodletting","Body Slam"],"picked":"Havoc","floor":4},{"not_picked":["Sword Boomerang","Iron Wave"],"picked":"Warcry","floor":5},{"not_picked":["Headbutt","Wild Strike"],"picked":"Power Through","floor":7},{"not_picked":["Power Through","Anger"],"picked":"Uppercut","floor":11},{"not_picked":["Thunderclap+1","Wild Strike+1"],"picked":"Carnage+1","floor":12}],"player_experience":925595,"relics_obtained":[{"floor":9,"key":"Tiny Chest"},{"floor":11,"key":"Molten Egg 2"}],"event_choices":[{"damage_healed":0,"gold_gain":0,"player_choice":"Success","damage_taken":5,"relics_obtained":["PreservedInsect"],"max_hp_gain":0,"max_hp_loss":0,"event_name":"Scrap Ooze","floor":13,"gold_loss":0},{"damage_healed":0,"gold_gain":0,"player_choice":"Paid Gold","damage_taken":0,"relics_obtained":["Question Card"],"max_hp_gain":0,"max_hp_loss":0,"event_name":"WeMeetAgain","floor":14,"gold_loss":78}],"is_beta":true,"boss_relics":[],"items_purged_floors":[],"is_endless":false,"potions_floor_spawned":[2,3,5],"killed_by":"Slime Boss","ascension_level":20}