{"gold_per_floor":[114,130,141,111,111,154,154,154,154,166,196,208,235,288,300,312],"floor_reached":16,"playtime":1154,"items_purged":[],"score":110,"play_id":"577ef3ac-5700-4fc9-b061-27042165751e","local_time":"20181123035904","is_ascension_mode":false,"campfire_choices":[{"floor":8,"key":"REST"},{"floor":12,"key":"REST"},{"floor":15,"key":"REST"}],"neow_cost":"NONE","seed_source_timestamp":110781959555207,"circlet_count":0,"master_deck":["Defend_G","Defend_G","Defend_G","Defend_G","Defend_G","Strike_G","Strike_G","Strike_G","Strike_G","Strike_G","Survivor","Neutralize","Reflex","Blur","Slice","Endless Agony","Injury","Envenom","Parasite","Dagger Spray","Masterful Stab","Accuracy"],"relics":["HoveringKite","Golden Idol","Gremlin Horn","MawBank","Dodecahedron"],"potions_floor_usage":[14,16],"damage_taken":[{"damage":0,"enemies":"Cultist","floor":1,"turns":5},{"damage":2,"enemies":"2 Louse","floor":2,"turns":3},{"damage":7,"enemies":"Small Slimes","floor":3,"turns":6},{"damage":2,"enemies":"Looter","floor":4,"turns":4},{"damage":42,"enemies":"3 Sentries","floor":6,"turns":17},{"damage":5,"enemies":"3 Louse","floor":11,"turns":6},{"damage":11,"enemies":"Exordium Wildlife","floor":13,"turns":3},{"damage":49,"enemies":"Gremlin Nob","floor":14,"turns":6},{"damage":36,"enemies":"Slime Boss","floor":16,"turns":6}],"seed_played":"-4967012834508741001","potions_obtained":[{"floor":1,"key":"GamblersBrew"},{"floor":6,"key":"Weak Potion"}],"is_trial":false,"path_per_floor":["M","M","M","M","?","E","?","R","T","?","M","R","M","E","R","B"],"character_chosen":"THE_SILENT","items_purchased":[],"campfire_rested":3,"item_purchase_floors":[],"current_hp_per_floor":[70,68,61,59,59,17,17,38,38,55,50,70,59,10,31,0],"gold":312,"neow_bonus":"BOSS_RELIC","is_prod":false,"is_daily":false,"chose_seed":false,"campfire_upgraded":0,"win_rate":0.0,"timestamp":1542963544,"path_taken":["M","M","?","M","?","E","?","R","T","?","M","R","M","E","R","BOSS"],"build_version":"2018-11-15","purchased_purges":0,"victory":false,"max_hp_per_floor":[70,70,70,70,70,70,70,70,70,70,70,70,70,70,70,70],"card_choices":[{"not_picked":["Blade Dance","Deadly Poison"],"picked":"Reflex","floor":1},{"not_picked":["Backflip","Finisher"],"picked":"Blur","floor":2},{"not_picked":["Finisher","Outmaneuver"],"picked":"Slice","floor":3},{"not_picked":["Prepared","Poisoned Stab"],"picked":"Endless Agony","floor":4},{"not_picked":["Blur","Poisoned Stab"],"picked":"Envenom","floor":6},{"not_picked":["Slice","Flying Knee"],"picked":"Dagger Spray","floor":11},{"not_picked":["Dash","Dodge and Roll"],"picked":"Masterful Stab","floor":13},{"not_picked":["Tools of the Trade","PiercingWail"],"picked":"Accuracy","floor":14}],"player_experience":31512,"relics_obtained":[{"floor":6,"key":"Gremlin Horn"},{"floor":9,"key":"MawBank"},{"floor":14,"key":"Dodecahedron"}],"event_choices":[{"damage_healed":0,"gold_gain":0,"player_choice":"Take Wound","damage_taken":0,"relics_obtained":["Golden Idol"],"max_hp_gain":0,"max_hp_loss":0,"event_name":"Golden Idol","floor":5,"gold_loss":0,"cards_obtained":["Injury"]},{"damage_healed":0,"gold_gain":0,"player_choice":"Ignored","damage_taken":0,"max_hp_gain":0,"max_hp_loss":0,"event_name":"Shining Light","floor":7,"gold_loss":0},{"damage_healed":17,"gold_gain":0,"player_choice":"Healed and dodged fight","damage_taken":0,"max_hp_gain":0,"max_hp_loss":0,"event_name":"Mushrooms","floor":10,"gold_loss":0,"cards_obtained":["Parasite"]}],"is_beta":false,"boss_relics":[],"items_purged_floors":[],"is_endless":false,"potions_floor_spawned":[1,6],"killed_by":"Slime Boss","ascension_level":0}