{"gold_per_floor":[117,133,0,16,16,16,26,54,79,96,107,107,123,150,150,150],"floor_reached":16,"playtime":614,"items_purged":["Strike_R"],"score":217,"play_id":"84ce5110-2bf6-49ab-87bc-5e784cc7ba76","local_time":"20190107121437","is_ascension_mode":true,"campfire_choices":[{"data":"Carnage","floor":6,"key":"SMITH"},{"data":"Armaments","floor":12,"key":"SMITH"},{"data":"Power Through","floor":15,"key":"SMITH"}],"neow_cost":"NONE","seed_source_timestamp":1483912472633041,"circlet_count":0,"master_deck":["AscendersBane","Strike_R","Strike_R","Strike_R","Strike_R","Defend_R","Defend_R","Defend_R","Defend_R","Bash+1","Carnage+1","Pommel Strike","True Grit+1","Anger","Power Through+1","Exhume","Armaments+1","Corruption"],"relics":["Burning Blood","Strawberry","Blood Vial","PreservedInsect"],"potions_floor_usage":[16],"damage_taken":[{"damage":1,"enemies":"Cultist","floor":1,"turns":3},{"damage":4,"enemies":"Small Slimes","floor":2,"turns":3},{"damage":1,"enemies":"2 Louse","floor":4,"turns":3},{"damage":8,"enemies":"Blue Slaver","floor":7,"turns":3},{"damage":21,"enemies":"Gremlin Nob","floor":8,"turns":4},{"damage":6,"enemies":"Looter","floor":10,"turns":2},{"damage":0,"enemies":"Large Slime","floor":11,"turns":5},{"damage":7,"enemies":"2 Fungi Beasts","floor":13,"turns":4},{"damage":41,"enemies":"3 Sentries","floor":14,"turns":7},{"damage":46,"enemies":"Hexaghost","floor":16,"turns":9}],"seed_played":"-6740806315370621935","potions_obtained":[{"floor":1,"key":"Dexterity Potion"},{"floor":4,"key":"SmokeBomb"},{"floor":10,"key":"Poison Potion"}],"is_trial":false,"path_per_floor":["M","M","$","M","?","R","M","E","T","M","M","R","M","E","R","B"],"character_chosen":"IRONCLAD","items_purchased":["True Grit"],"campfire_rested":0,"item_purchase_floors":[3],"current_hp_per_floor":[73,75,75,75,75,75,73,65,65,67,75,75,76,43,43,0],"gold":150,"neow_bonus":"UPGRADE_CARD","is_prod":false,"is_daily":false,"chose_seed":false,"campfire_upgraded":3,"win_rate":0,"timestamp":1546892077,"path_taken":["M","M","$","M","?","R","M","E","T","?","M","R","M","E","R","BOSS"],"build_version":"2019-01-03v4","purchased_purges":1,"victory":false,"max_hp_per_floor":[75,75,75,75,75,75,75,82,82,82,82,82,82,82,82,82],"card_choices":[{"not_picked":["Body Slam","Dual Wield"],"picked":"Carnage","floor":1},{"not_picked":["Bloodletting","Heavy Blade"],"picked":"Pommel Strike","floor":2},{"not_picked":["Uppercut","Barricade"],"picked":"Anger","floor":4},{"not_picked":["Clash","Power Through","Body Slam"],"picked":"SKIP","floor":7},{"not_picked":["Clash","Body Slam"],"picked":"Power Through","floor":7},{"not_picked":["Rupture","Wild Strike"],"picked":"Exhume","floor":8},{"not_picked":["Searing Blow","Heavy Blade","Flex"],"picked":"SKIP","floor":10},{"not_picked":["Seeing Red","Hemokinesis"],"picked":"Armaments","floor":11},{"not_picked":["Bludgeon","Infernal Blade","Wild Strike"],"picked":"SKIP","floor":13},{"not_picked":["Wild Strike","Warcry"],"picked":"Corruption","floor":14}],"player_experience":1657552,"relics_obtained":[{"floor":8,"key":"Strawberry"},{"floor":9,"key":"Blood Vial"},{"floor":14,"key":"PreservedInsect"}],"event_choices":[{"damage_healed":0,"gold_gain":0,"player_choice":"Forge","damage_taken":0,"max_hp_gain":0,"max_hp_loss":0,"event_name":"Accursed Blacksmith","floor":5,"gold_loss":0,"cards_upgraded":["True Grit"]}],"is_beta":false,"boss_relics":[],"items_purged_floors":[3],"is_endless":false,"potions_floor_spawned":[1,4,10,14],"killed_by":"Hexaghost","ascension_level":18}