{"gold_per_floor":[362,362,372,83,103,103,123,133,182,192,223,223,240,251,251,251],"floor_reached":16,"playtime":851,"items_purged":["Strike_R"],"score":104,"play_id":"7916e9f4-48f1-4c0d-9104-53c9cc38b950","local_time":"20180918233635","is_ascension_mode":false,"campfire_choices":[{"data":"Pummel","floor":6,"key":"SMITH"},{"data":"Pummel","floor":12,"key":"SMITH"},{"data":"Flex","floor":15,"key":"SMITH"}],"neow_cost":"CURSE","seed_source_timestamp":350099715363187,"circlet_count":0,"master_deck":["Strike_R","Strike_R","Strike_R","Defend_R","Defend_R","Defend_R","Defend_R","Bash","Clumsy","Iron Wave","Shrug It Off","Pummel+1","Thunderclap","Pummel+1","Flex+1"],"relics":["Burning Blood","Boot","Odd Mushroom","Bag of Marbles","Blood Vial"],"potions_floor_usage":[11,16],"damage_taken":[{"damage":19,"enemies":"Jaw Worm","floor":1,"turns":4},{"damage":2,"enemies":"Small Slimes","floor":3,"turns":4},{"damage":1,"enemies":"2 Louse","floor":5,"turns":3},{"damage":9,"enemies":"The Mushroom Lair","floor":7,"turns":4},{"damage":7,"enemies":"Blue Slaver","floor":8,"turns":3},{"damage":18,"enemies":"Gremlin Gang","floor":10,"turns":5},{"damage":6,"enemies":"Gremlin Nob","floor":11,"turns":3},{"damage":10,"enemies":"Lots of Slimes","floor":13,"turns":4},{"damage":3,"enemies":"Red Slaver","floor":14,"turns":2},{"damage":64,"enemies":"Slime Boss","floor":16,"turns":9}],"seed_played":"752958516563991145","potions_obtained":[{"floor":7,"key":"EssenceOfSteel"},{"floor":10,"key":"SkillPotion"},{"floor":11,"key":"Fruit Juice"},{"floor":14,"key":"AttackPotion"}],"is_trial":false,"path_per_floor":["M","?","M","$","M","R","?","M","T","M","E","R","M","M","R"],"character_chosen":"IRONCLAD","items_purchased":["Boot","Pummel"],"campfire_rested":0,"item_purchase_floors":[4,4],"current_hp_per_floor":[67,60,64,64,69,69,66,65,65,53,58,58,56,61,61,0],"gold":251,"neow_bonus":"TWO_FIFTY_GOLD","is_prod":false,"is_daily":false,"chose_seed":false,"campfire_upgraded":3,"win_rate":0.0,"timestamp":1537331795,"path_taken":["M","?","M","$","M","R","?","M","T","M","E","R","M","M","R","BOSS"],"build_version":"2018-09-06","purchased_purges":1,"victory":false,"max_hp_per_floor":[80,80,80,80,80,80,80,80,80,80,85,85,85,85,85,85],"card_choices":[{"not_picked":["Wild Strike","Headbutt"],"picked":"Iron Wave","floor":1},{"not_picked":["Heavy Blade","Rupture"],"picked":"Shrug It Off","floor":3},{"not_picked":["Cleave","Corruption","Bloodletting"],"picked":"SKIP","floor":5},{"not_picked":["True Grit","Dropkick"],"picked":"Thunderclap","floor":8},{"not_picked":["Metallicize","True Grit"],"picked":"Pummel","floor":10},{"not_picked":["Fire Breathing","Searing Blow","Bloodletting"],"picked":"SKIP","floor":11},{"not_picked":["Iron Wave","Barricade"],"picked":"Flex","floor":13},{"not_picked":["Whirlwind","Disarm","True Grit"],"picked":"SKIP","floor":14}],"player_experience":44737,"relics_obtained":[{"floor":7,"key":"Odd Mushroom"},{"floor":9,"key":"Bag of Marbles"},{"floor":11,"key":"Blood Vial"}],"event_choices":[{"event_name":"Golden Wing","player_choice":"Card Removal","floor":2,"damage_taken":0},{"event_name":"Mushrooms","player_choice":"Fought Mushrooms","floor":7,"damage_taken":0}],"is_beta":false,"boss_relics":[],"items_purged_floors":[4],"is_endless":false,"potions_floor_spawned":[7,10,11,14],"killed_by":"Slime Boss","ascension_level":0}