{"gold_per_floor":[112,112,112,112,137,137,158,189,189,207,10,10,10,51,51,179,179,193,213,312,312,200,238,238],"floor_reached":24,"playtime":687,"items_purged":["Strike_B"],"score":259,"play_id":"6b46e76e-6f3a-4643-9ea3-79658714d087","local_time":"20190129172053","is_ascension_mode":true,"campfire_choices":[{"data":"Creative AI","floor":6,"key":"SMITH"},{"data":"Storm","floor":15,"key":"SMITH"}],"neow_cost":"NONE","seed_source_timestamp":226405253820106,"circlet_count":0,"master_deck":["Strike_B","Strike_B","Defend_B","Defend_B","Defend_B","Defend_B","Zap","Dualcast","Creative AI+1","Loop","Creative AI+1","Storm+1","Core Surge","Defragment"],"relics":["Cracked Core","NeowsBlessing","Golden Idol","Gremlin Horn","Mummified Hand","DollysMirror","Strawberry","Runic Pyramid","Shovel"],"potions_floor_usage":[8,19,23,23],"damage_taken":[{"damage":0,"enemies":"2 Louse","floor":1,"turns":1},{"damage":0,"enemies":"Cultist","floor":5,"turns":1},{"damage":0,"enemies":"Jaw Worm","floor":7,"turns":1},{"damage":34,"enemies":"Gremlin Nob","floor":8,"turns":4},{"damage":12,"enemies":"Large Slime","floor":10,"turns":5},{"damage":0,"enemies":"Lagavulin","floor":14,"turns":5},{"damage":16,"enemies":"Hexaghost","floor":16,"turns":6},{"damage":30,"enemies":"2 Thieves","floor":18,"turns":3},{"damage":18,"enemies":"3 Byrds","floor":19,"turns":4},{"damage":45,"enemies":"Slavers","floor":23,"turns":4},{"damage":30,"enemies":"3 Cultists","floor":24,"turns":3}],"seed_played":"-4428898186886133276","potions_obtained":[{"floor":1,"key":"AttackPotion"},{"floor":7,"key":"Ancient Potion"},{"floor":14,"key":"Fire Potion"},{"floor":16,"key":"Regen Potion"},{"floor":19,"key":"SkillPotion"}],"is_trial":false,"path_per_floor":["M","?","?","?","M","R","M","E","T","M","$","?","?","E","R","B",null,"M","M","?","?","$","E","M"],"character_chosen":"DEFECT","items_purchased":["DollysMirror","Defragment"],"campfire_rested":0,"item_purchase_floors":[11,22],"current_hp_per_floor":[75,68,50,50,50,50,50,16,16,4,4,4,29,36,36,20,82,52,46,46,73,73,28,0],"gold":238,"neow_bonus":"THREE_ENEMY_KILL","is_prod":false,"is_daily":false,"chose_seed":false,"campfire_upgraded":2,"win_rate":0,"timestamp":1548742853,"path_taken":["M","?","?","?","?","R","M","E","T","M","$","?","?","E","R","BOSS","M","M","?","?","?","E","?"],"build_version":"2019-01-23","purchased_purges":1,"victory":false,"max_hp_per_floor":[75,75,75,75,75,75,75,75,75,75,75,75,75,82,82,82,82,82,82,82,82,82,82,82],"card_choices":[{"not_picked":["Turbo","Compile Driver","Sweeping Beam"],"picked":"SKIP","floor":1},{"not_picked":["Steam Power","Undo","Coolheaded"],"picked":"SKIP","floor":5},{"not_picked":["Recycle","Double Energy","Stack"],"picked":"SKIP","floor":7},{"not_picked":["Double Energy","Doom and Gloom"],"picked":"Loop","floor":8},{"not_picked":["Steam Power","Rip and Tear","Sweeping Beam"],"picked":"SKIP","floor":10},{"not_picked":["Self Repair","Go for the Eyes"],"picked":"Storm","floor":14},{"not_picked":["All For One","Multi-Cast"],"picked":"Core Surge","floor":16},{"not_picked":["Go for the Eyes","Blizzard","Redo"],"picked":"SKIP","floor":18},{"not_picked":["Rebound","Steam","Cold Snap"],"picked":"SKIP","floor":19},{"not_picked":["Melter","Stack","Sunder"],"picked":"SKIP","floor":23}],"player_experience":1155604,"relics_obtained":[{"floor":8,"key":"Gremlin Horn"},{"floor":9,"key":"Mummified Hand"},{"floor":14,"key":"Strawberry"},{"floor":23,"key":"Shovel"}],"event_choices":[{"cards_removed":["Strike_B"],"damage_healed":0,"gold_gain":0,"player_choice":"Card Removal","damage_taken":7,"max_hp_gain":0,"max_hp_loss":0,"event_name":"Golden Wing","floor":2,"gold_loss":0},{"damage_healed":0,"gold_gain":0,"player_choice":"Take Damage","damage_taken":18,"relics_obtained":["Golden Idol"],"max_hp_gain":0,"max_hp_loss":0,"event_name":"Golden Idol","floor":3,"gold_loss":0},{"damage_healed":0,"gold_gain":0,"player_choice":"1 cards matched","damage_taken":0,"max_hp_gain":0,"max_hp_loss":0,"event_name":"Match and Keep!","floor":4,"gold_loss":0,"cards_obtained":["Creative AI"]},{"damage_healed":0,"gold_gain":0,"player_choice":"Searched \u00270\u0027 times","damage_taken":0,"max_hp_gain":0,"max_hp_loss":0,"event_name":"Dead Adventurer","floor":12,"gold_loss":0},{"damage_healed":25,"gold_gain":0,"player_choice":"Banana","damage_taken":0,"max_hp_gain":0,"max_hp_loss":0,"event_name":"Big Fish","floor":13,"gold_loss":0},{"damage_healed":0,"gold_gain":99,"player_choice":"Stole From Cult","damage_taken":0,"max_hp_gain":0,"max_hp_loss":0,"event_name":"Nest","floor":20,"gold_loss":0},{"damage_healed":27,"gold_gain":0,"player_choice":"Heal","damage_taken":0,"max_hp_gain":0,"max_hp_loss":0,"event_name":"The Library","floor":21,"gold_loss":0}],"is_beta":true,"boss_relics":[{"not_picked":["Eternal Feather","Calling Bell"],"picked":"Runic Pyramid"}],"items_purged_floors":[22],"is_endless":false,"potions_floor_spawned":[1,7,14,16,18,19],"killed_by":"3 Cultists","ascension_level":1}