{"gold_per_floor":[119,139,155,155,330,330,344,344,389,389,464,487,498,516,516,516],"floor_reached":16,"playtime":485,"items_purged":[],"score":118,"play_id":"8f2263ec-06bf-4bba-bc96-7232154ebb46","local_time":"20190206214326","is_ascension_mode":true,"campfire_choices":[{"data":"Doubt","floor":6,"key":"PURGE"},{"data":"Entrench","floor":8,"key":"SMITH"},{"data":"Body Slam","floor":10,"key":"SMITH"},{"data":"True Grit","floor":15,"key":"SMITH"}],"neow_cost":"TEN_PERCENT_HP_LOSS","seed_source_timestamp":82883893577502,"circlet_count":0,"master_deck":["Strike_R","Strike_R","Strike_R","Strike_R","Strike_R","Defend_R","Defend_R","Defend_R","Defend_R","Bash","Spot Weakness","Body Slam+1","Iron Wave","Entrench+1","True Grit+1","Shrug It Off"],"relics":["Burning Blood","Peace Pipe","Omamori","Juzu Bracelet"],"potions_floor_usage":[4],"damage_taken":[{"damage":6,"enemies":"Cultist","floor":1,"turns":3},{"damage":3,"enemies":"Jaw Worm","floor":2,"turns":4},{"damage":20,"enemies":"Small Slimes","floor":3,"turns":5},{"damage":0,"enemies":"Gremlin Gang","floor":4,"turns":1},{"damage":4,"enemies":"Large Slime","floor":7,"turns":6},{"damage":8,"enemies":"Blue Slaver","floor":13,"turns":3},{"damage":10,"enemies":"Lots of Slimes","floor":14,"turns":5},{"damage":49,"enemies":"Hexaghost","floor":16,"turns":11}],"seed_played":"-7595698804966418935","potions_obtained":[{"floor":3,"key":"SmokeBomb"},{"floor":13,"key":"Ancient Potion"},{"floor":14,"key":"SpeedPotion"}],"is_trial":false,"path_per_floor":["M","M","M","M","?","R","M","R","T","R","?","T","M","M","R","B"],"character_chosen":"IRONCLAD","items_purchased":[],"campfire_rested":0,"item_purchase_floors":[],"current_hp_per_floor":[72,72,58,64,64,64,66,66,66,66,55,55,53,49,49,0],"gold":516,"neow_bonus":"ONE_RARE_RELIC","is_prod":false,"is_daily":false,"chose_seed":false,"campfire_upgraded":3,"win_rate":0,"timestamp":1549457006,"path_taken":["M","M","M","M","?","R","M","R","T","R","?","?","M","M","R","BOSS"],"build_version":"2019-01-23","purchased_purges":0,"victory":false,"max_hp_per_floor":[72,72,72,72,72,72,72,72,72,72,72,72,72,72,72,72],"card_choices":[{"not_picked":["Pommel Strike","Disarm"],"picked":"Spot Weakness","floor":1},{"not_picked":["Hemokinesis","Combust"],"picked":"Body Slam","floor":2},{"not_picked":["Rampage","Twin Strike"],"picked":"Iron Wave","floor":3},{"not_picked":["Sentinel","Headbutt"],"picked":"Entrench","floor":7},{"not_picked":["Anger","Flex"],"picked":"True Grit","floor":13},{"not_picked":["Clash","Dropkick"],"picked":"Shrug It Off","floor":14}],"player_experience":820806,"relics_obtained":[{"floor":9,"key":"Omamori"},{"floor":12,"key":"Juzu Bracelet"}],"event_choices":[{"damage_healed":0,"gold_gain":175,"player_choice":"AGREE","damage_taken":0,"max_hp_gain":0,"max_hp_loss":0,"event_name":"Liars Game","floor":5,"gold_loss":0,"cards_obtained":["Doubt"]},{"damage_healed":0,"gold_gain":75,"player_choice":"Gather Gold","damage_taken":11,"max_hp_gain":0,"max_hp_loss":0,"event_name":"World of Goop","floor":11,"gold_loss":0}],"is_beta":false,"boss_relics":[],"items_purged_floors":[],"is_endless":false,"potions_floor_spawned":[3,4,13,14],"killed_by":"Hexaghost","ascension_level":5}