{"path_per_floor":["M","?","M","$","?","E","R","M","T","R","M","E","R","M","R","B",null,"M","M","M","$","?","E","R","E","T","E","?","R","?","?","R"],"character_chosen":"THE_SILENT","items_purchased":["Sucker Punch","Footwork","Dagger Throw","Prepared","Ice Cream"],"gold_per_floor":[113,188,201,15,15,53,53,66,66,66,87,128,128,153,153,278,316,331,352,377,12,12,37,37,72,118,144,0,0,0,0,0,0],"floor_reached":33,"campfire_rested":7,"playtime":1740,"item_purchase_floors":[4,4,4,4,21],"current_hp_per_floor":[64,53,53,53,53,12,31,31,31,50,49,31,50,47,65,38,70,60,59,51,51,51,29,50,52,57,31,31,52,52,36,57,0],"items_purged":["Defend_G"],"gold":0,"score":342,"play_id":"c4bd1a8f-4c0d-451a-b696-554c0c656c12","local_time":"20180522092449","is_prod":false,"is_daily":false,"chose_seed":false,"is_ascension_mode":true,"campfire_upgraded":0,"timestamp":1526973889,"campfire_choices":[{"floor":7,"key":"REST"},{"floor":10,"key":"REST"},{"floor":13,"key":"REST"},{"floor":15,"key":"REST"},{"floor":24,"key":"REST"},{"floor":29,"key":"REST"},{"floor":32,"key":"REST"}],"path_taken":["M","?","M","$","?","E","R","?","T","R","?","E","R","M","R","BOSS","M","?","M","$","?","E","R","E","T","E","?","R","?","?","R","BOSS"],"build_version":"2018-05-18","seed_source_timestamp":5743495398686,"purchased_purges":1,"victory":false,"master_deck":["Defend_G","Defend_G","Defend_G","Defend_G","Strike_G","Strike_G+1","Strike_G","Strike_G","Strike_G+1","Survivor","Neutralize","Infinite Blades","Escape Plan","Sucker Punch+1","Footwork","Dagger Throw","Prepared","Dagger Spray","Adrenaline","Dagger Spray","Backflip","Glass Knife","Adrenaline","Cloak And Dagger","All Out Attack+1","Dagger Spray+1","Crippling Poison+1","Underhanded Strike+1","Prepared","Cloak And Dagger+1","Necronomicurse"],"max_hp_per_floor":[70,70,70,70,65,65,65,65,65,65,65,65,65,65,65,65,70,70,70,70,70,70,70,70,70,70,70,70,70,70,70,70,70],"relics":["Ring of the Snake","Torii","Bottled Lightning","Bronze Scales","Tiny House","Ice Cream","Whetstone","Snake Skull","Juzu Bracelet","Ninja Scroll","Nloth\u0027s Gift","Necronomicon"],"card_choices":[{"not_picked":["Prepared","Calculated Gamble"],"picked":"Infinite Blades","floor":1},{"not_picked":["Bane","Deadly Poison"],"picked":"Escape Plan","floor":3},{"not_picked":["Poisoned Stab","Prepared"],"picked":"Dagger Spray","floor":6},{"not_picked":["Sucker Punch","Catalyst"],"picked":"Adrenaline","floor":8},{"not_picked":["Malaise","Masterful Stab"],"picked":"Dagger Spray","floor":11},{"not_picked":["Deflect","Prepared"],"picked":"Backflip","floor":12},{"not_picked":["Prepared","Backflip"],"picked":"Glass Knife","floor":14},{"not_picked":["Bullet Time","Die Die Die"],"picked":"Adrenaline","floor":16},{"not_picked":["Dagger Throw","Dodge and Roll"],"picked":"Cloak And Dagger","floor":17},{"not_picked":["Leg Sweep+1","Slice"],"picked":"All Out Attack+1","floor":18},{"not_picked":["Slice","Bouncing Flask"],"picked":"Dagger Spray+1","floor":19},{"not_picked":["Dagger Spray","Eviscerate"],"picked":"Crippling Poison+1","floor":20},{"not_picked":["All Out Attack","Reflex"],"picked":"Underhanded Strike+1","floor":23},{"not_picked":["Sucker Punch","Skewer"],"picked":"Prepared","floor":25},{"not_picked":["Bane+1","Flying Knee"],"picked":"Cloak And Dagger+1","floor":27}],"player_experience":143427,"potions_floor_usage":[16,18,25,27,33,33],"damage_taken":[{"damage":6,"enemies":"Jaw Worm","floor":1,"turns":8},{"damage":0,"enemies":"2 Louse","floor":3,"turns":5},{"damage":41,"enemies":"Lagavulin","floor":6,"turns":9},{"damage":0,"enemies":"Cultist","floor":8,"turns":4},{"damage":1,"enemies":"Exordium Wildlife","floor":11,"turns":2},{"damage":18,"enemies":"3 Sentries","floor":12,"turns":5},{"damage":3,"enemies":"Gremlin Gang","floor":14,"turns":4},{"damage":27,"enemies":"Slime Boss","floor":16,"turns":10},{"damage":19,"enemies":"Chosen","floor":18,"turns":6},{"damage":1,"enemies":"2 Thieves","floor":19,"turns":2},{"damage":8,"enemies":"Cultist and Chosen","floor":20,"turns":5},{"damage":27,"enemies":"Slavers","floor":23,"turns":4},{"damage":3,"enemies":"Book of Stabbing","floor":25,"turns":5},{"damage":31,"enemies":"Gremlin Leader","floor":27,"turns":7},{"damage":66,"enemies":"Automaton","floor":33,"turns":10}],"relics_obtained":[{"floor":6,"key":"Torii"},{"floor":9,"key":"Bottled Lightning"},{"floor":12,"key":"Bronze Scales"},{"floor":23,"key":"Whetstone"},{"floor":25,"key":"Snake Skull"},{"floor":26,"key":"Juzu Bracelet"},{"floor":27,"key":"Ninja Scroll"},{"floor":31,"key":"Necronomicon"}],"event_choices":[{"event_name":"World of Goop","player_choice":"Gather Gold","floor":2,"damage_taken":0},{"event_name":"Golden Idol","player_choice":"Lose Max HP","floor":5,"damage_taken":0},{"event_name":"Forgotten Altar","player_choice":"Gave Idol","floor":22,"damage_taken":0},{"event_name":"Masked Bandits","player_choice":"Paid Bandits 144 gold","floor":28,"damage_taken":0},{"event_name":"N\u0027loth","player_choice":"Traded a Bloody Idol","floor":30,"damage_taken":0},{"event_name":"Cursed Tome","player_choice":"Obtained Book","floor":31,"damage_taken":0}],"boss_relics":[{"not_picked":["Runic Dome","Orrery"],"picked":"Tiny House"}],"items_purged_floors":[21],"potions_floor_spawned":[6,8,14,20,23,25],"seed_played":"-4729116711240680822","killed_by":"Automaton","ascension_level":2,"potions_obtained":[{"floor":6,"key":"FearPotion"},{"floor":8,"key":"Swift Potion"},{"floor":14,"key":"Regen Potion"},{"floor":17,"key":"LiquidBronze"},{"floor":20,"key":"Weak Potion"},{"floor":23,"key":"PowerPotion"},{"floor":25,"key":"Explosive Potion"}],"is_trial":false}