{"gold_per_floor":[13,28,28,28,40,69,69,69,69,69,112,37,78,6,6,127,127,145,2,2,15,28,28,61,61,61,92,123,161,180,210,210,334,334,353,412,412,425,134,174,193,193],"floor_reached":42,"playtime":2102,"items_purged":["Injury","All For One"],"score":622,"play_id":"61a83c36-b3a2-404a-8116-9185d58f0c9e","local_time":"20190203101719","is_ascension_mode":true,"campfire_choices":[{"data":"Coolheaded","floor":7,"key":"SMITH"},{"data":"Zap","floor":10,"key":"SMITH"},{"floor":15,"key":"REST"},{"data":"Coolheaded","floor":23,"key":"SMITH"},{"data":"Dualcast","floor":25,"key":"SMITH"},{"floor":32,"key":"REST"}],"neow_cost":"NO_GOLD","seed_source_timestamp":437177473490591,"circlet_count":0,"master_deck":["Defend_B","Defend_B","Defend_B","Defend_B","Zap+1","Dualcast+1","Gash+1","Coolheaded+1","Gash","Core Surge+1","All For One","Coolheaded+1","BootSequence","Echo Form","Buffer","Redo+1","Capacitor+1","Storm+1"],"relics":["Cracked Core","WingedGreaves","Ornamental Fan","Sundial","Golden Idol","Mercury Hourglass","Blood Vial","Matryoshka","Black Star","Bronze Scales","Art of War","Unceasing Top","Boot","Whetstone","Bag of Preparation","Letter Opener","Omamori","StoneCalendar","Ancient Tea Set","Du-Vu Doll","Tiny Chest","Pear","Empty Cage","Shovel","Runic Capacitor","Kunai","Happy Flower"],"potions_floor_usage":[13,16,22,24,29,33,36],"damage_taken":[{"damage":1,"enemies":"Jaw Worm","floor":1,"turns":3},{"damage":0,"enemies":"2 Louse","floor":2,"turns":2},{"damage":3,"enemies":"Small Slimes","floor":5,"turns":3},{"damage":24,"enemies":"Lagavulin","floor":6,"turns":6},{"damage":24,"enemies":"3 Sentries","floor":11,"turns":6},{"damage":6,"enemies":"Gremlin Nob","floor":13,"turns":4},{"damage":5,"enemies":"Slime Boss","floor":16,"turns":8},{"damage":14,"enemies":"Shell Parasite","floor":18,"turns":4},{"damage":0,"enemies":"Chosen","floor":21,"turns":3},{"damage":13,"enemies":"Snake Plant","floor":22,"turns":3},{"damage":21,"enemies":"Slavers","floor":24,"turns":5},{"damage":21,"enemies":"Gremlin Leader","floor":27,"turns":4},{"damage":5,"enemies":"Book of Stabbing","floor":28,"turns":4},{"damage":0,"enemies":"Slavers","floor":29,"turns":3},{"damage":12,"enemies":"Snecko","floor":30,"turns":4},{"damage":19,"enemies":"Champ","floor":33,"turns":7},{"damage":22,"enemies":"Orb Walker","floor":35,"turns":4},{"damage":53,"enemies":"2 Orb Walkers","floor":36,"turns":5},{"damage":0,"enemies":"3 Shapes","floor":38,"turns":3},{"damage":55,"enemies":"Nemesis","floor":40,"turns":7},{"damage":15,"enemies":"3 Darklings","floor":41,"turns":4},{"damage":24,"enemies":"Jaw Worm Horde","floor":42,"turns":2}],"seed_played":"-4740553168052965678","potions_obtained":[{"floor":1,"key":"Weak Potion"},{"floor":13,"key":"Fruit Juice"},{"floor":16,"key":"Weak Potion"},{"floor":21,"key":"Fire Potion"},{"floor":28,"key":"Block Potion"},{"floor":29,"key":"Strength Potion"},{"floor":30,"key":"GamblersBrew"},{"floor":41,"key":"FearPotion"}],"is_trial":false,"path_per_floor":["M","M","?","?","M","E","R","?","T","R","E","$","E","$","R","B",null,"M","$","?","M","M","R","E","R","T","E","E","E","M","T","R","B",null,"M","?","?","M","$","E","M","M"],"character_chosen":"DEFECT","items_purchased":["All For One","Bronze Scales","Runic Capacitor"],"campfire_rested":2,"item_purchase_floors":[14,19,39],"current_hp_per_floor":[74,74,62,62,59,35,35,35,35,35,11,11,7,7,29,31,80,66,66,66,68,57,57,38,38,38,19,16,18,8,18,45,28,90,68,17,79,79,79,24,11,0],"gold":193,"neow_bonus":"ONE_RARE_RELIC","is_prod":false,"is_daily":false,"chose_seed":false,"campfire_upgraded":4,"win_rate":0,"timestamp":1549149439,"path_taken":["M","M","?","?","M","E","R","?","T","R","E","$","E","$","R","BOSS","M","$","?","M","M","R","E","R","T","E","E","E","M","?","R","BOSS","M","?","?","M","$","E","M","M"],"build_version":"2019-01-23","purchased_purges":2,"victory":false,"max_hp_per_floor":[75,75,75,75,75,75,75,75,75,75,75,75,75,75,75,80,80,80,80,80,80,80,80,80,80,80,80,80,80,80,90,90,90,90,90,90,79,79,79,79,79,79],"card_choices":[{"not_picked":["Hologram","Reinforced Body"],"picked":"Gash","floor":1},{"not_picked":["Leap","Rebound"],"picked":"Coolheaded","floor":2},{"not_picked":["Conserve Battery","Double Energy"],"picked":"Gash","floor":5},{"not_picked":["Force Field","Turbo","Compile Driver"],"picked":"SKIP","floor":6},{"not_picked":["Chaos","Turbo"],"picked":"Core Surge","floor":11},{"not_picked":["Turbo","Barrage","Leap"],"picked":"SKIP","floor":13},{"not_picked":["Buffer","Reboot"],"picked":"All For One","floor":16},{"not_picked":["Beam Cell","Steam","Turbo"],"picked":"SKIP","floor":18},{"not_picked":["Steam","Sweeping Beam","Leap+1"],"picked":"SKIP","floor":21},{"not_picked":["Auto Shields","Cold Snap","Rebound+1"],"picked":"SKIP","floor":22},{"not_picked":["Steam+1","Buffer","Barrage"],"picked":"SKIP","floor":24},{"not_picked":["Auto Shields","Consume","Lockon+1"],"picked":"SKIP","floor":27},{"not_picked":["Leap","Reprogram+1"],"picked":"Echo Form","floor":28},{"not_picked":["Beam Cell","Coolheaded","Sweeping Beam+1"],"picked":"SKIP","floor":29},{"not_picked":["Glacier","Coolheaded","Steam+1"],"picked":"SKIP","floor":30},{"not_picked":["Fission","Amplify"],"picked":"Buffer","floor":33},{"not_picked":["Barrage+1","Go for the Eyes+1"],"picked":"Redo+1","floor":35},{"not_picked":["Go for the Eyes","Hologram"],"picked":"Capacitor+1","floor":38},{"not_picked":["Cold Snap","Chill+1"],"picked":"Storm+1","floor":40},{"not_picked":["Ball Lightning","Cold Snap","Sweeping Beam+1"],"picked":"SKIP","floor":41}],"player_experience":1225301,"relics_obtained":[{"floor":6,"key":"Sundial"},{"floor":9,"key":"Mercury Hourglass"},{"floor":11,"key":"Blood Vial"},{"floor":13,"key":"Matryoshka"},{"floor":24,"key":"Art of War"},{"floor":24,"key":"Unceasing Top"},{"floor":26,"key":"Boot"},{"floor":26,"key":"Whetstone"},{"floor":27,"key":"Bag of Preparation"},{"floor":27,"key":"Letter Opener"},{"floor":28,"key":"Omamori"},{"floor":28,"key":"StoneCalendar"},{"floor":29,"key":"Ancient Tea Set"},{"floor":29,"key":"Du-Vu Doll"},{"floor":31,"key":"Tiny Chest"},{"floor":31,"key":"Pear"},{"floor":36,"key":"Shovel"},{"floor":40,"key":"Kunai"},{"floor":40,"key":"Happy Flower"}],"event_choices":[{"damage_healed":0,"gold_gain":0,"player_choice":"Success","damage_taken":12,"relics_obtained":["Ornamental Fan"],"max_hp_gain":0,"max_hp_loss":0,"event_name":"Scrap Ooze","floor":3,"gold_loss":0},{"damage_healed":0,"gold_gain":0,"player_choice":"Leave","damage_taken":0,"max_hp_gain":0,"max_hp_loss":0,"event_name":"The Cleric","floor":4,"gold_loss":0},{"damage_healed":0,"gold_gain":0,"player_choice":"Take Wound","damage_taken":0,"relics_obtained":["Golden Idol"],"max_hp_gain":0,"max_hp_loss":0,"event_name":"Golden Idol","floor":8,"gold_loss":0,"cards_obtained":["Injury"]},{"damage_healed":0,"gold_gain":0,"cards_transformed":["Strike_B","Strike_B"],"player_choice":"Became Test Subject","damage_taken":0,"max_hp_gain":0,"max_hp_loss":0,"event_name":"Drug Dealer","floor":20,"gold_loss":0,"cards_obtained":["Coolheaded","BootSequence"]},{"damage_healed":0,"gold_gain":0,"player_choice":"Fight","damage_taken":0,"max_hp_gain":0,"max_hp_loss":0,"event_name":"Mysterious Sphere","floor":36,"gold_loss":0},{"damage_healed":79,"gold_gain":0,"player_choice":"Heal","damage_taken":0,"max_hp_gain":0,"max_hp_loss":11,"event_name":"The Moai Head","floor":37,"gold_loss":0}],"is_beta":true,"boss_relics":[{"not_picked":["Velvet Choker","Eternal Feather"],"picked":"Black Star"},{"not_picked":["Nuclear Battery","Astrolabe"],"picked":"Empty Cage"}],"items_purged_floors":[12,39],"is_endless":false,"potions_floor_spawned":[1,13,16,21,28,29,30,41],"killed_by":"Jaw Worm Horde","ascension_level":1}