{"gold_per_floor":[112,112,112,112,132,167,178,213,262,280,280,355,371,371],"floor_reached":14,"playtime":281,"items_purged":[],"score":250,"play_id":"8cbda696-8342-4dc6-ae77-fed688dcfc43","local_time":"20190128214029","is_ascension_mode":true,"campfire_choices":[{"floor":11.0,"key":"REST"}],"neow_cost":"NONE","seed_source_timestamp":470550912140960,"circlet_count":0,"master_deck":["AscendersBane","Strike_R","Strike_R","Strike_R","Strike_R","Strike_R","Defend_R","Defend_R","Defend_R","Defend_R","Bash","Havoc","True Grit","Warcry","Headbutt","Body Slam","Armaments"],"special_seed":0,"relics":["Burning Blood","NeowsBlessing","Gremlin Horn","Omamori","Paper Frog","Regal Pillow"],"potions_floor_usage":[],"damage_taken":[{"damage":0.0,"enemies":"Jaw Worm","floor":1.0,"turns":1.0},{"damage":0.0,"enemies":"Small Slimes","floor":5.0,"turns":1.0},{"damage":0.0,"enemies":"Gremlin Nob","floor":6.0,"turns":1.0},{"damage":9.0,"enemies":"2 Louse","floor":7.0,"turns":3.0},{"damage":35.0,"enemies":"Lagavulin","floor":8.0,"turns":7.0},{"damage":40.0,"enemies":"Exordium Wildlife","floor":10.0,"turns":7.0},{"damage":10,"enemies":"2 Fungi Beasts","floor":13,"turns":3},{"damage":20,"enemies":"Lagavulin Event","floor":14,"turns":3}],"seed_played":"1526012126633195473","potions_obtained":[{"floor":1.0,"key":"Poison Potion"},{"floor":5.0,"key":"GamblersBrew"}],"is_trial":false,"path_per_floor":["M","$","?","?","M","E","M","E","T","M","R","?","M","?"],"character_chosen":"IRONCLAD","items_purchased":[],"campfire_rested":1,"item_purchase_floors":[],"current_hp_per_floor":[74,74,74,67,73,75,72,43,43,9,46,35,31,11],"gold":371,"neow_bonus":"THREE_ENEMY_KILL","is_prod":false,"is_daily":false,"chose_seed":false,"campfire_upgraded":0,"win_rate":0,"timestamp":1548736829,"path_taken":["M","$","?","?","M","E","M","E","T","M","R","?","M","?"],"build_version":"2019-01-23","purchased_purges":0,"victory":false,"max_hp_per_floor":[75,75,75,75,75,75,75,75,75,75,75,75,75,75],"card_choices":[{"not_picked":["Rampage","Thunderclap"],"picked":"Havoc","floor":1.0},{"not_picked":["Twin Strike","Disarm"],"picked":"True Grit","floor":5.0},{"not_picked":["Flex","True Grit"],"picked":"Warcry","floor":6.0},{"not_picked":["Perfected Strike","Twin Strike"],"picked":"Headbutt","floor":7.0},{"not_picked":["Perfected Strike","True Grit"],"picked":"Body Slam","floor":8.0},{"not_picked":["Double Tap","Body Slam"],"picked":"Armaments","floor":10.0},{"not_picked":["Flex","Whirlwind","Dropkick"],"picked":"SKIP","floor":13}],"player_experience":752600,"relics_obtained":[{"floor":6.0,"key":"Omamori"},{"floor":8.0,"key":"Paper Frog"},{"floor":9.0,"key":"Regal Pillow"}],"event_choices":[{"damage_healed":0.0,"max_hp_gain":0.0,"max_hp_loss":0.0,"gold_gain":0.0,"event_name":"Big Fish","player_choice":"Box","floor":3.0,"gold_loss":0.0,"damage_taken":0.0,"relics_obtained":["Gremlin Horn"],"cards_obtained":["Regret"]},{"cards_removed":["Regret"],"damage_healed":0.0,"max_hp_gain":0.0,"max_hp_loss":0.0,"gold_gain":0.0,"event_name":"Golden Wing","player_choice":"Card Removal","floor":4.0,"gold_loss":0.0,"damage_taken":7.0},{"damage_healed":0.0,"max_hp_gain":0.0,"max_hp_loss":0.0,"gold_gain":75.0,"event_name":"World of Goop","player_choice":"Gather Gold","floor":12.0,"gold_loss":0.0,"damage_taken":11.0},{"damage_healed":0,"gold_gain":0,"player_choice":"Searched \u00271\u0027 times","damage_taken":0,"max_hp_gain":0,"max_hp_loss":0,"event_name":"Dead Adventurer","floor":14,"gold_loss":0}],"is_beta":false,"boss_relics":[],"items_purged_floors":[],"is_endless":false,"potions_floor_spawned":[1,5,7],"killed_by":"Lagavulin Event","ascension_level":20}