{"gold_per_floor":[112,122,142,152,152,152,227,227,227,254,270,290,305,18,18,113,113,124,143,143,154,169,169,169,200,200,230,240,259,272,282,282,383,383,399,410,426,351,366,366,266,266,266,282,282,293,15,28,28,28],"floor_reached":51,"playtime":3002,"items_purged":["Strike_R","Strike_R","Strike_R"],"score":699,"play_id":"2a802efc-e728-4e61-8efb-4e7c80a86937","local_time":"20181030223137","is_ascension_mode":false,"campfire_choices":[{"data":"Havoc","floor":6,"key":"SMITH"},{"data":"Demon Form","floor":8,"key":"SMITH"},{"data":"Evolve","floor":15,"key":"SMITH"},{"data":"Juggernaut","floor":23,"key":"SMITH"},{"data":"Pommel Strike","floor":32,"key":"SMITH"},{"data":"Barricade","floor":40,"key":"SMITH"},{"floor":42,"key":"REST"},{"data":"Defend_R","floor":49,"key":"SMITH"}],"neow_cost":"PERCENT_DAMAGE","seed_source_timestamp":540070399940248,"circlet_count":0,"master_deck":["Strike_R+1","Strike_R","Defend_R+1","Defend_R","Defend_R","Defend_R+1","Bash+1","Evolve+1","Havoc+1","Thunderclap","Demon Form+1","Pommel Strike+1","True Grit+1","Disarm+1","Warcry+1","Juggernaut+1","True Grit+1","Flame Barrier+1","Uppercut+1","Battle Trance+1","Battle Trance+1","Barricade+1","Feel No Pain+1","Body Slam+1","Impervious+1"],"relics":["Black Blood","Toxic Egg 2","Darkstone Periapt","Champion Belt","Mark of Pain","Gremlin Horn","Bottled Lightning","Vajra","Strawberry","Kunai"],"potions_floor_usage":[10,22,25,29,33,37,37,39,50,50,50],"damage_taken":[{"damage":7,"enemies":"Cultist","floor":1,"turns":5},{"damage":2,"enemies":"2 Louse","floor":2,"turns":4},{"damage":0,"enemies":"Small Slimes","floor":3,"turns":3},{"damage":5,"enemies":"Looter","floor":4,"turns":4},{"damage":14,"enemies":"Gremlin Nob","floor":10,"turns":4},{"damage":9,"enemies":"2 Fungi Beasts","floor":11,"turns":3},{"damage":2,"enemies":"Large Slime","floor":12,"turns":6},{"damage":11,"enemies":"Lots of Slimes","floor":13,"turns":5},{"damage":17,"enemies":"Slime Boss","floor":16,"turns":5},{"damage":1,"enemies":"Shell Parasite","floor":18,"turns":6},{"damage":16,"enemies":"3 Byrds","floor":19,"turns":6},{"damage":3,"enemies":"Snake Plant","floor":21,"turns":5},{"damage":12,"enemies":"Snecko","floor":22,"turns":4},{"damage":9,"enemies":"Gremlin Leader","floor":25,"turns":6},{"damage":10,"enemies":"Book of Stabbing","floor":27,"turns":6},{"damage":0,"enemies":"Cultist and Chosen","floor":28,"turns":5},{"damage":3,"enemies":"Centurion and Healer","floor":29,"turns":6},{"damage":6,"enemies":"Snake Plant","floor":30,"turns":4},{"damage":2,"enemies":"Snecko","floor":31,"turns":4},{"damage":14,"enemies":"Champ","floor":33,"turns":9},{"damage":47,"enemies":"3 Darklings","floor":35,"turns":7},{"damage":2,"enemies":"3 Shapes","floor":36,"turns":7},{"damage":28,"enemies":"Maw","floor":37,"turns":10},{"damage":26,"enemies":"Sphere and 2 Shapes","floor":39,"turns":9},{"damage":16,"enemies":"Spire Growth","floor":44,"turns":5},{"damage":12,"enemies":"Writhing Mass","floor":46,"turns":11},{"damage":0,"enemies":"4 Shapes","floor":48,"turns":6},{"damage":50,"enemies":"Donu and Deca","floor":50,"turns":13}],"seed_played":"-6420307036186772211","potions_obtained":[{"floor":1,"key":"PowerPotion"},{"floor":11,"key":"BloodPotion"},{"floor":16,"key":"FearPotion"},{"floor":19,"key":"BloodPotion"},{"floor":22,"key":"PowerPotion"},{"floor":27,"key":"PowerPotion"},{"floor":31,"key":"Ancient Potion"},{"floor":35,"key":"Poison Potion"},{"floor":44,"key":"Poison Potion"},{"floor":46,"key":"Regen Potion"},{"floor":48,"key":"Poison Potion"}],"is_trial":false,"path_per_floor":["M","M","M","M","?","R","?","R","T","E","M","M","M","$","R","B",null,"M","M","T","M","M","R","?","E","T","E","M","M","M","M","R","B",null,"M","M","M","$","M","R","$","R","T","M","?","M","$","M","R","B"],"character_chosen":"IRONCLAD","items_purchased":["Champion Belt","Impervious+1"],"campfire_rested":1,"item_purchase_floors":[14,47],"current_hp_per_floor":[71,75,81,82,63,63,52,52,52,44,41,45,40,40,40,29,96,96,86,86,89,83,83,83,80,80,83,89,92,92,96,96,88,103,66,74,76,76,60,60,60,90,90,84,84,82,82,92,92,67],"gold":28,"neow_bonus":"TWENTY_PERCENT_HP_BONUS","is_prod":false,"is_daily":false,"chose_seed":false,"campfire_upgraded":7,"win_rate":0,"timestamp":1540963897,"path_taken":["M","M","M","?","?","R","?","R","T","E","?","M","M","?","R","BOSS","M","?","?","M","M","R","?","E","T","E","M","M","?","M","R","BOSS","M","M","M","$","M","R","$","R","T","M","?","M","$","M","R","BOSS"],"build_version":"2018-10-29v2","purchased_purges":3,"victory":true,"max_hp_per_floor":[96,96,96,96,96,96,96,96,96,96,96,96,96,96,96,96,96,96,96,96,96,96,96,96,96,96,103,103,103,103,103,103,103,103,103,103,103,103,103,103,103,103,103,103,103,103,103,103,103,103],"card_choices":[{"not_picked":["Blood for Blood","Headbutt"],"picked":"Evolve","floor":1},{"not_picked":["Perfected Strike","Clash"],"picked":"Havoc","floor":2},{"not_picked":["Anger","Perfected Strike"],"picked":"Thunderclap","floor":3},{"not_picked":["Flex","Pommel Strike"],"picked":"Demon Form","floor":4},{"not_picked":["Cleave","Thunderclap"],"picked":"Pommel Strike","floor":10},{"not_picked":["Hemokinesis","Warcry+1"],"picked":"True Grit+1","floor":11},{"not_picked":["Perfected Strike","Searing Blow"],"picked":"Disarm+1","floor":12},{"not_picked":["Blood for Blood","Armaments+1"],"picked":"Warcry+1","floor":13},{"not_picked":["Offering+1","Berserk"],"picked":"Juggernaut","floor":16},{"not_picked":["Heavy Blade+1","Wild Strike"],"picked":"True Grit+1","floor":18},{"not_picked":["Reckless Charge","Seeing Red+1"],"picked":"Flame Barrier+1","floor":19},{"not_picked":["Headbutt","Pommel Strike","Thunderclap"],"picked":"SKIP","floor":21},{"not_picked":["Clash","Warcry+1"],"picked":"Uppercut+1","floor":22},{"not_picked":["Heavy Blade","Sever Soul"],"picked":"Battle Trance+1","floor":25},{"not_picked":["Searing Blow","Sword Boomerang"],"picked":"Battle Trance+1","floor":27},{"not_picked":["Rage+1","Corruption","Iron Wave+1"],"picked":"SKIP","floor":28},{"not_picked":["Flex+1","Anger+1","Thunderclap"],"picked":"SKIP","floor":29},{"not_picked":["Inflame","Thunderclap","Clothesline"],"picked":"SKIP","floor":30},{"not_picked":["Entrench+1","Cleave","True Grit+1"],"picked":"SKIP","floor":31},{"not_picked":["Brutality","Feed"],"picked":"Barricade","floor":33},{"not_picked":["Clash","Burning Pact+1","True Grit+1"],"picked":"SKIP","floor":35},{"not_picked":["Twin Strike","Hemokinesis+1","Iron Wave"],"picked":"SKIP","floor":36},{"not_picked":["True Grit+1","Perfected Strike+1","Intimidate+1"],"picked":"SKIP","floor":37},{"not_picked":["Burning Pact+1","Second Wind+1","Dropkick+1"],"picked":"SKIP","floor":39},{"not_picked":["Flame Barrier+1","Warcry+1"],"picked":"Feel No Pain+1","floor":44},{"not_picked":["Ghostly Armor+1","Whirlwind+1"],"picked":"Body Slam+1","floor":46},{"not_picked":["Twin Strike+1","Clash","Pummel+1"],"picked":"SKIP","floor":48}],"player_experience":899722,"relics_obtained":[{"floor":9,"key":"Toxic Egg 2"},{"floor":10,"key":"Darkstone Periapt"},{"floor":20,"key":"Gremlin Horn"},{"floor":25,"key":"Bottled Lightning"},{"floor":26,"key":"Vajra"},{"floor":27,"key":"Strawberry"},{"floor":43,"key":"Kunai"}],"event_choices":[{"damage_healed":0,"gold_gain":0,"player_choice":"Entered Light","damage_taken":19,"max_hp_gain":0,"max_hp_loss":0,"event_name":"Shining Light","floor":5,"gold_loss":0,"cards_upgraded":["Defend_R","Strike_R"]},{"damage_healed":0,"gold_gain":75,"player_choice":"Gather Gold","damage_taken":11,"max_hp_gain":0,"max_hp_loss":0,"event_name":"World of Goop","floor":7,"gold_loss":0},{"damage_healed":0,"gold_gain":0,"player_choice":"Forge","damage_taken":0,"max_hp_gain":0,"max_hp_loss":0,"event_name":"Accursed Blacksmith","floor":24,"gold_loss":0,"cards_upgraded":["Bash"]},{"damage_healed":0,"gold_gain":0,"player_choice":"Ignored","damage_taken":0,"max_hp_gain":0,"max_hp_loss":0,"event_name":"Tomb of Lord Red Mask","floor":45,"gold_loss":0}],"is_beta":true,"boss_relics":[{"not_picked":["Snecko Eye","Empty Cage"],"picked":"Mark of Pain"},{"not_picked":["Runic Pyramid","Runic Cube"],"picked":"Black Blood"}],"items_purged_floors":[38,41,47],"is_endless":false,"potions_floor_spawned":[1,11,16,19,22,27,28,31,35,44,46,48],"ascension_level":0}