{"path_per_floor":["M","M","M","M","$","R","E","?","T","M","M","M","R","?","R","B",null,"M","M","M","?","$","R","?","R","T","E","M","M"],"character_chosen":"DEFECT","items_purchased":["Glacier","Heatsinks","Hello World"],"gold_per_floor":[114,129,144,159,4,4,34,0,25,40,55,70,70,70,70,170,170,185,200,215,215,180,180,105,105,105,135,150,165,165],"floor_reached":30,"campfire_rested":0,"playtime":1515,"item_purchase_floors":[5,5,22],"current_hp_per_floor":[69,63,55,44,44,44,40,40,40,40,40,40,40,40,40,14,75,75,64,32,32,32,32,32,32,32,10,10,10,0],"items_purged":[],"gold":165,"score":279,"play_id":"c14b7f4e-ab3c-4369-8ac2-2a645ee84c0f","local_time":"20180610144203","daily_mods":["Specialized","Uncertain Future","Night Terrors"],"is_prod":false,"is_daily":true,"chose_seed":false,"is_ascension_mode":false,"campfire_upgraded":5,"win_rate":0.0,"timestamp":1528605723,"campfire_choices":[{"data":"Glacier","floor":6,"key":"SMITH"},{"data":"Chill","floor":13,"key":"SMITH"},{"data":"Blizzard","floor":15,"key":"SMITH"},{"data":"Hello World","floor":23,"key":"SMITH"},{"data":"Machine Learning","floor":25,"key":"SMITH"}],"path_taken":["M","?","M","M","$","R","E","?","T","M","M","M","R","?","R","BOSS","M","M","M","?","$","R","?","R","T","E","M","M","?"],"build_version":"2018-06-07v3","seed_source_timestamp":14992474305581,"purchased_purges":0,"victory":false,"master_deck":["Strike_B","Strike_B","Strike_B","Defend_B","Defend_B","Defend_B","Defend_B","Zap+1","Dualcast","Seek","Seek","Seek","Seek","Seek","Capacitor","Coolheaded","Redo","Coolheaded","Glacier+1","Heatsinks","Barrage","Chill+1","Sweeping Beam","Blizzard+1","Machine Learning+1","Beam Cell","Cold Snap+1","Rebound","Hello World+1","All For One","White Noise"],"max_hp_per_floor":[75,75,75,75,75,75,75,75,75,75,75,75,75,75,75,75,75,75,75,75,75,75,75,75,75,75,75,75,75,75],"relics":["Cracked Core","Mercury Hourglass","Art of War","Black Star","Happy Flower","Orichalcum","Omamori"],"card_choices":[{"not_picked":["Compile Driver","Conserve Battery"],"picked":"Capacitor","floor":1},{"not_picked":["Barrage","Scrape"],"picked":"Coolheaded","floor":2},{"not_picked":["Go for the Eyes","Compile Driver"],"picked":"Redo","floor":3},{"not_picked":["Storm","Go for the Eyes"],"picked":"Coolheaded","floor":4},{"not_picked":["FTL","Ball Lightning"],"picked":"Barrage","floor":7},{"not_picked":["Lockon","Conserve Battery"],"picked":"Chill","floor":10},{"not_picked":["Leap","Conserve Battery"],"picked":"Sweeping Beam","floor":11},{"not_picked":["Ball Lightning","FTL"],"picked":"Blizzard","floor":12},{"not_picked":["Hyperbeam","Seek"],"picked":"Machine Learning","floor":16},{"not_picked":["Skim+1","Turbo"],"picked":"Beam Cell","floor":18},{"not_picked":["Turbo","Capacitor"],"picked":"Cold Snap+1","floor":19},{"not_picked":["Sweeping Beam+1","Beam Cell"],"picked":"Rebound","floor":20},{"not_picked":["Barrage","Auto Shields"],"picked":"All For One","floor":27},{"not_picked":["Hello World+1","Beam Cell"],"picked":"White Noise","floor":28},{"not_picked":["Turbo","Compile Driver","Streamline"],"picked":"SKIP","floor":29}],"player_experience":345948,"potions_floor_usage":[30,30],"damage_taken":[{"damage":6,"enemies":"Cultist","floor":1,"turns":3},{"damage":6,"enemies":"2 Louse","floor":2,"turns":2},{"damage":8,"enemies":"Jaw Worm","floor":3,"turns":4},{"damage":11,"enemies":"2 Fungi Beasts","floor":4,"turns":4},{"damage":4,"enemies":"3 Sentries","floor":7,"turns":17},{"damage":0,"enemies":"Exordium Thugs","floor":10,"turns":4},{"damage":0,"enemies":"Looter","floor":11,"turns":3},{"damage":0,"enemies":"3 Louse","floor":12,"turns":3},{"damage":26,"enemies":"The Guardian","floor":16,"turns":15},{"damage":0,"enemies":"Spheric Guardian","floor":18,"turns":5},{"damage":11,"enemies":"Chosen","floor":19,"turns":7},{"damage":32,"enemies":"Snake Plant","floor":20,"turns":5},{"damage":22,"enemies":"Slavers","floor":27,"turns":5},{"damage":0,"enemies":"Chosen and Byrds","floor":28,"turns":6},{"damage":0,"enemies":"Snecko","floor":29,"turns":4},{"damage":20,"enemies":"Cultist and Chosen","floor":30,"turns":6}],"relics_obtained":[{"floor":7,"key":"Mercury Hourglass"},{"floor":9,"key":"Art of War"},{"floor":26,"key":"Happy Flower"},{"floor":27,"key":"Orichalcum"},{"floor":27,"key":"Omamori"}],"event_choices":[{"event_name":"World of Goop","player_choice":"Left","floor":8,"damage_taken":0},{"event_name":"Living Wall","player_choice":"Grow","floor":14,"damage_taken":0},{"event_name":"Drug Dealer","player_choice":"Ignored","floor":21,"damage_taken":0},{"event_name":"Beggar","player_choice":"Gave Gold","floor":24,"damage_taken":0}],"boss_relics":[{"not_picked":["Busted Crown","Runic Pyramid"],"picked":"Black Star"}],"items_purged_floors":[],"potions_floor_spawned":[2,3,11,18,19],"seed_played":"3483754520663097572","killed_by":"Cultist and Chosen","ascension_level":0,"potions_obtained":[{"floor":2,"key":"PowerPotion"},{"floor":3,"key":"Ancient Potion"},{"floor":11,"key":"SpeedPotion"},{"floor":19,"key":"PowerPotion"}],"is_trial":false}