{"gold_per_floor":[115,56,56,69,87,113,113,143,143,158,123,65,78,78,78,152,152,171,171,171,2,16,16,16],"floor_reached":24,"playtime":1090,"items_purged":[],"score":408,"play_id":"109a75cc-e443-458f-b5f6-368cb2c4ff66","local_time":"20190107141157","is_ascension_mode":true,"campfire_choices":[{"data":"Creative AI","floor":7,"key":"SMITH"},{"data":"Zap","floor":15,"key":"SMITH"},{"data":"Electrodynamics","floor":23,"key":"SMITH"}],"neow_cost":"NONE","seed_source_timestamp":11199821614915,"circlet_count":0,"master_deck":["AscendersBane","Strike_B","Strike_B","Strike_B","Strike_B","Defend_B","Defend_B","Defend_B","Defend_B","Zap+1","Dualcast","Cold Snap","Cold Snap","Conserve Battery","Sweeping Beam","Creative AI+1","Glacier","Cold Snap","Electrodynamics+1","Zap","Reboot","Conserve Battery","Blizzard"],"relics":["Cracked Core","NeowsBlessing","Boot","Pantograph","Omamori","Cursed Key","Bag of Preparation"],"potions_floor_usage":[8,8,18],"damage_taken":[{"damage":0,"enemies":"Jaw Worm","floor":1,"turns":1},{"damage":0,"enemies":"Small Slimes","floor":4,"turns":1},{"damage":0,"enemies":"2 Louse","floor":5,"turns":1},{"damage":22,"enemies":"3 Sentries","floor":6,"turns":10},{"damage":30,"enemies":"Gremlin Nob","floor":8,"turns":4},{"damage":9,"enemies":"Exordium Thugs","floor":10,"turns":5},{"damage":0,"enemies":"Looter","floor":13,"turns":4},{"damage":34,"enemies":"Hexaghost","floor":16,"turns":16},{"damage":20,"enemies":"Chosen","floor":18,"turns":6},{"damage":2,"enemies":"3 Byrds","floor":22,"turns":6},{"damage":51,"enemies":"Gremlin Leader","floor":24,"turns":7}],"seed_played":"8829648103346710898","potions_obtained":[{"floor":5,"key":"FearPotion"},{"floor":6,"key":"Poison Potion"},{"floor":16,"key":"Regen Potion"}],"is_trial":false,"path_per_floor":["M","$","?","M","M","E","R","E","T","M","?","$","M","?","R","B",null,"M","?","?","$","M","R","E"],"character_chosen":"DEFECT","items_purchased":["Cold Snap","Cold Snap","Bag of Preparation"],"campfire_rested":0,"item_purchase_floors":[2,12,21],"current_hp_per_floor":[64,64,69,69,69,47,47,17,17,8,27,27,27,27,27,18,62,57,57,35,35,33,33,0],"gold":16,"neow_bonus":"THREE_ENEMY_KILL","is_prod":false,"is_daily":false,"chose_seed":false,"campfire_upgraded":3,"win_rate":0,"timestamp":1546830717,"path_taken":["M","$","?","M","M","E","R","E","T","M","?","$","M","?","R","BOSS","M","?","?","$","M","R","E"],"build_version":"2018-11-15","purchased_purges":0,"victory":false,"max_hp_per_floor":[71,71,76,76,76,76,76,76,76,76,76,76,76,76,76,76,76,76,76,81,81,81,81,81],"card_choices":[{"not_picked":["Hologram","Rip and Tear"],"picked":"Cold Snap","floor":1},{"not_picked":["Redo","Barrage"],"picked":"Conserve Battery","floor":4},{"not_picked":["Hello World","Barrage"],"picked":"Sweeping Beam","floor":5},{"not_picked":["Aggregate","Go for the Eyes"],"picked":"Creative AI","floor":6},{"not_picked":["Conserve Battery","Coolheaded"],"picked":"Glacier","floor":8},{"not_picked":["Leap","Force Field","Sweeping Beam"],"picked":"SKIP","floor":10},{"not_picked":["Coolheaded","Barrage","Static Discharge"],"picked":"SKIP","floor":13},{"not_picked":["Biased Cognition","Rainbow"],"picked":"Reboot","floor":16},{"not_picked":["Stack","Beam Cell"],"picked":"Conserve Battery","floor":18},{"not_picked":["Rebound","Scrape"],"picked":"Blizzard","floor":22}],"player_experience":1014207,"relics_obtained":[{"floor":6,"key":"Boot"},{"floor":8,"key":"Pantograph"},{"floor":9,"key":"Omamori"}],"event_choices":[{"damage_healed":0,"gold_gain":0,"player_choice":"Donut","damage_taken":0,"max_hp_gain":5,"max_hp_loss":0,"event_name":"Big Fish","floor":3,"gold_loss":0},{"damage_healed":19,"gold_gain":0,"player_choice":"Healed","damage_taken":0,"max_hp_gain":0,"max_hp_loss":0,"event_name":"The Cleric","floor":11,"gold_loss":35},{"damage_healed":0,"gold_gain":0,"player_choice":"2 cards matched","damage_taken":0,"max_hp_gain":0,"max_hp_loss":0,"event_name":"Match and Keep!","floor":14,"gold_loss":0,"cards_obtained":["Electrodynamics","Zap"]},{"damage_healed":0,"gold_gain":0,"player_choice":"Ignored","damage_taken":0,"max_hp_gain":0,"max_hp_loss":0,"event_name":"Ghosts","floor":19,"gold_loss":0},{"damage_healed":0,"gold_gain":0,"player_choice":"Shed Blood","damage_taken":27,"max_hp_gain":5,"max_hp_loss":0,"event_name":"Forgotten Altar","floor":20,"gold_loss":0}],"is_beta":true,"boss_relics":[{"not_picked":["White Beast Statue","Astrolabe"],"picked":"Cursed Key"}],"items_purged_floors":[],"is_endless":false,"potions_floor_spawned":[5,6,16],"killed_by":"Gremlin Leader","ascension_level":20}