{"gold_per_floor":[118,118,131,143,159,159,191,39,39,39,74,90,119,119,119,224,224,239,251,251],"floor_reached":20,"playtime":1018,"items_purged":["Strike_G"],"score":277,"play_id":"e75186de-f6ca-45cd-8475-3298b48152cf","local_time":"20190206021703","is_ascension_mode":true,"campfire_choices":[{"data":"Accuracy","floor":6,"key":"SMITH"},{"floor":15,"key":"REST"}],"neow_cost":"NONE","seed_source_timestamp":2201225035114740,"circlet_count":0,"master_deck":["Defend_G","Defend_G","Defend_G","Defend_G","Defend_G","Strike_G","Strike_G","Strike_G","Strike_G","Survivor","Neutralize","Cloak And Dagger","Corpse Explosion","Bane","Accuracy+1","Blade Dance","Finisher","Footwork","Footwork","Dodge and Roll","Adrenaline","Deadly Poison","Phantasmal Killer","Catalyst","Well Laid Plans"],"relics":["Ring of the Snake","Blood Vial","Dream Catcher","Ornamental Fan","Mango","Omamori","Philosopher\u0027s Stone"],"potions_floor_usage":[7,13,16,16,18],"damage_taken":[{"damage":1,"enemies":"Jaw Worm","floor":1,"turns":4},{"damage":4,"enemies":"Cultist","floor":3,"turns":4},{"damage":4,"enemies":"2 Louse","floor":4,"turns":3},{"damage":3,"enemies":"Looter","floor":5,"turns":3},{"damage":17,"enemies":"Lagavulin","floor":7,"turns":7},{"damage":10,"enemies":"3 Sentries","floor":11,"turns":5},{"damage":1,"enemies":"Large Slime","floor":12,"turns":8},{"damage":34,"enemies":"Gremlin Nob","floor":13,"turns":5},{"damage":23,"enemies":"The Guardian","floor":16,"turns":11},{"damage":39,"enemies":"3 Byrds","floor":18,"turns":4},{"damage":18,"enemies":"2 Thieves","floor":19,"turns":4},{"damage":32,"enemies":"Masked Bandits","floor":20,"turns":2}],"seed_played":"8340823546049353979","potions_obtained":[{"floor":4,"key":"Dexterity Potion"},{"floor":5,"key":"Regen Potion"},{"floor":7,"key":"GhostInAJar"},{"floor":11,"key":"Fruit Juice"},{"floor":13,"key":"Poison Potion"}],"is_trial":false,"path_per_floor":["M","?","M","M","M","R","E","$","T","$","E","M","E","?","R","B",null,"M","M","?"],"character_chosen":"THE_SILENT","items_purchased":["Footwork"],"campfire_rested":1,"item_purchase_floors":[8],"current_hp_per_floor":[64,64,62,60,59,59,58,58,58,58,64,65,38,38,64,43,78,41,25,0],"gold":251,"neow_bonus":"RANDOM_COMMON_RELIC","is_prod":false,"is_daily":false,"chose_seed":false,"campfire_upgraded":1,"win_rate":0,"timestamp":1549379823,"path_taken":["M","?","M","M","M","R","E","$","T","?","E","M","E","?","R","BOSS","M","M","?"],"build_version":"2019-01-23","purchased_purges":1,"victory":false,"max_hp_per_floor":[70,70,70,70,70,70,70,70,70,70,84,84,89,89,89,89,89,89,89,89],"card_choices":[{"not_picked":["Deflect","Quick Slash"],"picked":"Cloak And Dagger","floor":1},{"not_picked":["Underhanded Strike","Catalyst"],"picked":"Bane","floor":3},{"not_picked":["Dodge and Roll","Flying Knee"],"picked":"Accuracy","floor":4},{"not_picked":["Distraction","PiercingWail"],"picked":"Blade Dance","floor":5},{"not_picked":["Setup","Expertise"],"picked":"Finisher","floor":7},{"not_picked":["Flying Knee","Caltrops"],"picked":"Footwork","floor":11},{"not_picked":["Poisoned Stab","Doppelganger"],"picked":"Dodge and Roll","floor":12},{"not_picked":["Underhanded Strike","Expertise"],"picked":"Adrenaline","floor":13},{"not_picked":["Calculated Gamble","Dodge and Roll"],"picked":"Deadly Poison","floor":15},{"not_picked":["Grand Finale","Bullet Time"],"picked":"Phantasmal Killer","floor":16},{"not_picked":["Backflip+1","Blade Dance"],"picked":"Catalyst","floor":18},{"not_picked":["Acrobatics","Poisoned Stab+1"],"picked":"Well Laid Plans","floor":19}],"player_experience":270709,"relics_obtained":[{"floor":7,"key":"Dream Catcher"},{"floor":9,"key":"Ornamental Fan"},{"floor":11,"key":"Mango"},{"floor":13,"key":"Omamori"}],"event_choices":[{"damage_healed":0,"gold_gain":0,"player_choice":"2 cards matched","damage_taken":0,"max_hp_gain":0,"max_hp_loss":0,"event_name":"Match and Keep!","floor":2,"gold_loss":0,"cards_obtained":["Writhe","Corpse Explosion"]},{"cards_removed":["Writhe"],"damage_healed":0,"gold_gain":0,"player_choice":"Forget","damage_taken":0,"max_hp_gain":0,"max_hp_loss":0,"event_name":"Living Wall","floor":14,"gold_loss":0},{"damage_healed":0,"gold_gain":0,"player_choice":"Fought Bandits","damage_taken":0,"max_hp_gain":0,"max_hp_loss":0,"event_name":"Masked Bandits","floor":20,"gold_loss":0}],"is_beta":false,"boss_relics":[{"not_picked":["Busted Crown","Eternal Feather"],"picked":"Philosopher\u0027s Stone"}],"items_purged_floors":[8],"is_endless":false,"potions_floor_spawned":[4,5,7,11,13],"killed_by":"Masked Bandits","ascension_level":6}