{"gold_per_floor":[112,262,280,280,245,245,277,296,296,306,318,345,358,372,372,444,444,460,283,298,308,308,308,308],"floor_reached":24,"playtime":1607,"items_purged":["Doubt"],"score":428,"play_id":"7aa5c815-6154-49fb-8654-8f1eb73480e3","local_time":"20190102162629","is_ascension_mode":true,"campfire_choices":[{"data":"Bash","floor":6.0,"key":"SMITH"},{"data":"Metallicize","floor":15.0,"key":"SMITH"},{"floor":23,"key":"REST"}],"neow_cost":"NONE","seed_source_timestamp":0,"circlet_count":0,"master_deck":["AscendersBane","Strike_R","Strike_R","Defend_R","Defend_R","Defend_R","Defend_R","Bash+1","Thunderclap","Wild Strike","Metallicize+1","Impervious","Flame Barrier","Juggernaut","Uppercut+1","Iron Wave+1","Perfected Strike+1","Metallicize","Good Instincts","Power Through+1"],"special_seed":0,"relics":["Burning Blood","NeowsBlessing","Unceasing Top","Orichalcum","Pear","Bronze Scales","Astrolabe","Enchiridion"],"potions_floor_usage":[21],"damage_taken":[{"damage":0.0,"enemies":"Small Slimes","floor":1.0,"turns":1.0},{"damage":0.0,"enemies":"Jaw Worm","floor":3.0,"turns":1.0},{"damage":0.0,"enemies":"Lagavulin","floor":7.0,"turns":1.0},{"damage":3.0,"enemies":"2 Louse","floor":8.0,"turns":4.0},{"damage":7.0,"enemies":"2 Fungi Beasts","floor":10.0,"turns":4.0},{"damage":22.0,"enemies":"Large Slime","floor":11.0,"turns":6.0},{"damage":5.0,"enemies":"Looter","floor":13.0,"turns":4.0},{"damage":9.0,"enemies":"2 Fungi Beasts","floor":14.0,"turns":4.0},{"damage":53.0,"enemies":"Slime Boss","floor":16.0,"turns":17.0},{"damage":23.0,"enemies":"Spheric Guardian","floor":18.0,"turns":6.0},{"damage":14,"enemies":"Shell Parasite","floor":20,"turns":6},{"damage":16,"enemies":"Snake Plant","floor":21,"turns":4},{"damage":58,"enemies":"Gremlin Leader","floor":24,"turns":4}],"seed_played":"837205125415086985","potions_obtained":[{"floor":3.0,"key":"Ancient Potion"},{"floor":7.0,"key":"Block Potion"},{"floor":11.0,"key":"Regen Potion"},{"floor":20,"key":"FearPotion"},{"floor":21,"key":"Ancient Potion"}],"is_trial":false,"path_per_floor":["M","?","M","?","?","R","E","M","T","M","M","T","M","M","R","B",null,"M","$","M","M","?","R","E"],"character_chosen":"IRONCLAD","items_purchased":["Good Instincts"],"campfire_rested":1,"item_purchase_floors":[19],"current_hp_per_floor":[74,74,75,57,75,75,75,75,85,84,68,68,69,66,66,34,72,55,55,47,37,16,41,0],"gold":308,"neow_bonus":"THREE_ENEMY_KILL","is_prod":false,"is_daily":false,"chose_seed":false,"campfire_upgraded":2,"win_rate":0,"timestamp":1546475189,"path_taken":["M","?","M","?","?","R","E","M","T","M","M","?","M","M","R","BOSS","M","$","M","M","?","R","E"],"build_version":"2018-12-20","purchased_purges":1,"victory":false,"max_hp_per_floor":[75,75,75,75,75,75,75,75,85,85,85,85,85,85,85,85,85,85,85,85,85,85,85,85],"card_choices":[{"not_picked":["Warcry","Havoc"],"picked":"Thunderclap","floor":1.0},{"not_picked":["Infernal Blade","Iron Wave","Warcry"],"picked":"SKIP","floor":3.0},{"not_picked":["Warcry","Blood for Blood"],"picked":"Wild Strike","floor":7.0},{"not_picked":["Combust","Havoc","Perfected Strike"],"picked":"SKIP","floor":8.0},{"not_picked":["Twin Strike","Thunderclap"],"picked":"Metallicize","floor":10.0},{"not_picked":["Cleave","Perfected Strike"],"picked":"Impervious","floor":11.0},{"not_picked":["Combust","Perfected Strike"],"picked":"Flame Barrier","floor":13.0},{"not_picked":["Armaments","Heavy Blade","Cleave"],"picked":"SKIP","floor":14.0},{"not_picked":["Limit Break","Reaper"],"picked":"Juggernaut","floor":16.0},{"not_picked":["Warcry","Clash"],"picked":"Metallicize","floor":18.0},{"not_picked":["Twin Strike","Cleave","Shrug It Off"],"picked":"SKIP","floor":20},{"not_picked":["Shrug It Off","Entrench"],"picked":"Power Through+1","floor":21}],"player_experience":1637634,"relics_obtained":[{"floor":7.0,"key":"Orichalcum"},{"floor":9.0,"key":"Pear"},{"floor":12.0,"key":"Bronze Scales"},{"floor":22,"key":"Enchiridion"}],"event_choices":[{"damage_healed":0.0,"max_hp_gain":0.0,"max_hp_loss":0.0,"gold_gain":150.0,"event_name":"Liars Game","player_choice":"AGREE","floor":2.0,"gold_loss":0.0,"damage_taken":0.0,"cards_obtained":["Doubt"]},{"damage_healed":0.0,"max_hp_gain":0.0,"max_hp_loss":0.0,"gold_gain":0.0,"event_name":"Scrap Ooze","player_choice":"Success","floor":4.0,"gold_loss":0.0,"damage_taken":18.0,"relics_obtained":["Unceasing Top"]},{"damage_healed":18.0,"max_hp_gain":0.0,"max_hp_loss":0.0,"gold_gain":0.0,"event_name":"The Cleric","player_choice":"Healed","floor":5.0,"gold_loss":35.0,"damage_taken":0.0},{"damage_healed":0,"gold_gain":0,"player_choice":"Obtained Book","damage_taken":21,"max_hp_gain":0,"max_hp_loss":0,"event_name":"Cursed Tome","floor":22,"gold_loss":0}],"is_beta":false,"boss_relics":[{"not_picked":["Mark of Pain","Empty Cage"],"picked":"Astrolabe"}],"items_purged_floors":[19],"is_endless":false,"potions_floor_spawned":[3,7,11,14,20,21],"killed_by":"Gremlin Leader","ascension_level":18}