{"gold_per_floor":[117,67,67,79,91,134,146,188,200,227,264,294,317,363,375,487,499,527,539,442,367,282,311,311,346,369,382,398,427,442,477,477,573,573,591,691,529,529,583,583,583,611,611,625,657,657,688,707,707,707,707,707,26,55,55],"floor_reached":56,"playtime":3155,"items_purged":["Regret"],"score":1951,"play_id":"dad96f30-9e00-4856-8b67-d29e6788b978","local_time":"20190112003139","is_ascension_mode":true,"campfire_choices":[{"data":"Bash","floor":7.0,"key":"SMITH"},{"data":"Infernal Blade","floor":15.0,"key":"SMITH"},{"floor":32.0,"key":"RECALL"},{"data":"Reaper","floor":40.0,"key":"SMITH"},{"data":"1","floor":46.0,"key":"LIFT"},{"data":"2","floor":49,"key":"LIFT"},{"data":"3","floor":52,"key":"LIFT"}],"neow_cost":"NONE","seed_source_timestamp":2087367909504255,"circlet_count":0,"master_deck":["Strike_R+1","Strike_R+1","Strike_R+1","Defend_R+1","Defend_R+1","Defend_R+1","Defend_R+1","Bash+1","Disarm","Cleave","Sword Boomerang","True Grit","Infernal Blade+1","Carnage","Reaper+1","Inflame+1","Limit Break","Flex","Inflame+1","Heavy Blade+1","Flex","Clothesline","Heavy Blade+1","Feel No Pain+1","Dark Embrace+1","Wild Strike","Double Tap","Writhe","Sword Boomerang+1","Thunderclap+1","Bandage Up","Flame Barrier+1","Mayhem+1","Seeing Red","Dropkick+1","Sword Boomerang+1","Thunderclap+1","Shockwave+1"],"special_seed":0,"relics":["Burning Blood","NeowsBlessing","MawBank","Frozen Egg 2","Kunai","Orichalcum","Potion Belt","Omamori","Coffee Dripper","Anchor","Boot","Dream Catcher","StoneCalendar","Lantern","Torii","Juzu Bracelet","Calling Bell","Centennial Puzzle","Shuriken","Incense Burner","Turnip","Girya","Red Skull","The Courier","Ornamental Fan","Ancient Tea Set","Pen Nib","Art of War","Calipers","Gambling Chip"],"potions_floor_usage":[48,50,55,55,55],"damage_taken":[{"damage":0.0,"enemies":"2 Louse","floor":1.0,"turns":1.0},{"damage":0.0,"enemies":"Lagavulin","floor":6.0,"turns":1.0},{"damage":0.0,"enemies":"3 Sentries","floor":8.0,"turns":1.0},{"damage":4.0,"enemies":"Jaw Worm","floor":10.0,"turns":3.0},{"damage":31.0,"enemies":"Lagavulin","floor":11.0,"turns":7.0},{"damage":4.0,"enemies":"Small Slimes","floor":12.0,"turns":2.0},{"damage":5.0,"enemies":"Blue Slaver","floor":13.0,"turns":3.0},{"damage":16.0,"enemies":"3 Sentries","floor":14.0,"turns":7.0},{"damage":16.0,"enemies":"The Guardian","floor":16.0,"turns":10.0},{"damage":11.0,"enemies":"Shell Parasite","floor":18.0,"turns":5.0},{"damage":25.0,"enemies":"Slavers","floor":23.0,"turns":4.0},{"damage":25.0,"enemies":"Gremlin Leader","floor":25.0,"turns":5.0},{"damage":2.0,"enemies":"Chosen","floor":27.0,"turns":2.0},{"damage":20.0,"enemies":"Snake Plant","floor":28.0,"turns":4.0},{"damage":1.0,"enemies":"Slavers","floor":29.0,"turns":5.0},{"damage":0.0,"enemies":"Chosen and Byrds","floor":30.0,"turns":4.0},{"damage":31.0,"enemies":"Gremlin Leader","floor":31.0,"turns":5.0},{"damage":48.0,"enemies":"Champ","floor":33.0,"turns":7.0},{"damage":8.0,"enemies":"Orb Walker","floor":35.0,"turns":3.0},{"damage":7.0,"enemies":"Mind Bloom Boss Battle","floor":36.0,"turns":4.0},{"damage":55.0,"enemies":"2 Orb Walkers","floor":39.0,"turns":5.0},{"damage":22.0,"enemies":"Giant Head","floor":42.0,"turns":7.0},{"damage":22.0,"enemies":"3 Darklings","floor":44.0,"turns":3.0},{"damage":28.0,"enemies":"Reptomancer","floor":45.0,"turns":5.0},{"damage":1,"enemies":"Giant Head","floor":47,"turns":5},{"damage":12,"enemies":"Jaw Worm Horde","floor":48,"turns":3},{"damage":50,"enemies":"Donu and Deca","floor":50,"turns":5},{"damage":52,"enemies":"Shield and Spear","floor":54,"turns":5},{"damage":46,"enemies":"The Heart","floor":55,"turns":7}],"seed_played":"949085006028513522","potions_obtained":[{"floor":1.0,"key":"Poison Potion"},{"floor":6.0,"key":"GamblersBrew"},{"floor":10.0,"key":"LiquidBronze"},{"floor":11.0,"key":"GamblersBrew"},{"floor":12.0,"key":"Fire Potion"},{"floor":27.0,"key":"BloodPotion"},{"floor":28.0,"key":"Block Potion"},{"floor":29.0,"key":"Ancient Potion"},{"floor":30.0,"key":"Poison Potion"},{"floor":31.0,"key":"Poison Potion"},{"floor":35.0,"key":"SkillPotion"},{"floor":42.0,"key":"SpeedPotion"},{"floor":48,"key":"Poison Potion"}],"is_trial":false,"path_per_floor":["M","?","?","$","T","E","R","E","T","M","E","M","M","E","R","B",null,"M","?","$","?","?","E","?","E","T","M","M","E","M","E","R","B",null,"M","?","$","?","?","R","?","E","T","M","E","R","E","M","R","B",null,"R","$","E","B",null],"character_chosen":"IRONCLAD","items_purchased":["Inflame+1","BloodPotion","Bandage Up","Pen Nib","GamblersBrew","Explosive Potion","Energy Potion","LiquidBronze","Art of War","Calipers"],"campfire_rested":0,"item_purchase_floors":[20,20,37,53,53,53,53,53,53,53],"current_hp_per_floor":[78,78,75,75,75,80,80,80,80,80,55,57,58,60,60,60,75,70,70,70,70,70,74,74,77,77,80,73,80,80,55,55,31,68,80,79,79,79,44,44,44,40,40,24,30,30,68,66,66,66,77,77,77,80,56],"gold":55,"neow_bonus":"THREE_ENEMY_KILL","is_prod":false,"is_daily":false,"chose_seed":false,"campfire_upgraded":3,"win_rate":0,"timestamp":1547271099,"path_taken":["M","?","?","$","?","E","R","E","T","?","E","M","M","E","R","BOSS","M","?","$","?","?","E","?","E","T","?","M","E","M","E","R","BOSS","M","?","$","?","?","R","?","E","T","M","E","R","E","M","R","BOSS","R","$","E","BOSS"],"build_version":"2019-01-10","purchased_purges":1,"victory":true,"max_hp_per_floor":[80,80,80,80,80,80,80,80,80,80,80,80,80,80,80,80,80,80,80,80,80,80,80,80,80,80,80,80,80,80,80,80,80,80,80,80,80,80,80,80,80,80,80,80,80,80,80,80,80,80,80,80,80,80,80],"card_choices":[{"not_picked":["Perfected Strike","Sentinel"],"picked":"Disarm","floor":1.0},{"not_picked":["Clash","Infernal Blade"],"picked":"Cleave","floor":6.0},{"not_picked":["Bloodletting","Armaments"],"picked":"Sword Boomerang","floor":8.0},{"not_picked":["Shockwave","Anger"],"picked":"True Grit","floor":10.0},{"not_picked":["Headbutt","Fire Breathing+1"],"picked":"Infernal Blade","floor":11.0},{"not_picked":["Sword Boomerang","Cleave"],"picked":"Carnage","floor":12.0},{"not_picked":["Infernal Blade","Feel No Pain+1"],"picked":"Reaper","floor":13.0},{"not_picked":["Armaments","Clash"],"picked":"Inflame+1","floor":14.0},{"not_picked":["Reaper","Berserk+1"],"picked":"Limit Break","floor":16.0},{"not_picked":["Sever Soul","Warcry"],"picked":"Flex","floor":18.0},{"not_picked":["Fire Breathing+1","Entrench"],"picked":"Heavy Blade+1","floor":23.0},{"not_picked":["Warcry+1","Fiend Fire"],"picked":"Flex","floor":25.0},{"not_picked":["Heavy Blade","Entrench"],"picked":"Clothesline","floor":27.0},{"not_picked":["Sword Boomerang","Thunderclap"],"picked":"Heavy Blade+1","floor":28.0},{"not_picked":["Clash","Armaments+1"],"picked":"Feel No Pain+1","floor":29.0},{"not_picked":["Body Slam+1","Infernal Blade"],"picked":"Dark Embrace+1","floor":30.0},{"not_picked":["Evolve+1","Rupture+1"],"picked":"Wild Strike","floor":31.0},{"not_picked":["Offering","Dark Embrace+1"],"picked":"Double Tap","floor":33.0},{"not_picked":["Perfected Strike","Heavy Blade+1"],"picked":"Sword Boomerang+1","floor":35.0},{"not_picked":["Heavy Blade","Combust+1"],"picked":"Thunderclap+1","floor":36.0},{"not_picked":["Rampage","Sword Boomerang"],"picked":"Flame Barrier+1","floor":39.0},{"not_picked":["Good Instincts","Dark Shackles"],"picked":"Mayhem+1","floor":41.0},{"not_picked":["Whirlwind+1","Havoc"],"picked":"Seeing Red","floor":42.0},{"not_picked":["Carnage","Ghostly Armor"],"picked":"Dropkick+1","floor":44.0},{"not_picked":["Armaments","Flame Barrier","Twin Strike"],"picked":"SKIP","floor":45.0},{"not_picked":["Sever Soul+1","Warcry+1"],"picked":"Sword Boomerang+1","floor":47},{"not_picked":["Headbutt","Cleave+1"],"picked":"Thunderclap+1","floor":48},{"not_picked":["Combust+1","Infernal Blade"],"picked":"Shockwave+1","floor":54}],"player_experience":452932,"relics_obtained":[{"floor":6.0,"key":"Frozen Egg 2"},{"floor":8.0,"key":"Kunai"},{"floor":9.0,"key":"Orichalcum"},{"floor":11.0,"key":"Potion Belt"},{"floor":14.0,"key":"Omamori"},{"floor":23.0,"key":"Boot"},{"floor":25.0,"key":"StoneCalendar"},{"floor":26.0,"key":"Lantern"},{"floor":29.0,"key":"Torii"},{"floor":31.0,"key":"Juzu Bracelet"},{"floor":34.0,"key":"Centennial Puzzle"},{"floor":34.0,"key":"Shuriken"},{"floor":34.0,"key":"Incense Burner"},{"floor":36.0,"key":"Turnip"},{"floor":39.0,"key":"Girya"},{"floor":42.0,"key":"Red Skull"},{"floor":43.0,"key":"The Courier"},{"floor":45.0,"key":"Ornamental Fan"},{"floor":47,"key":"Ancient Tea Set"},{"floor":54,"key":"Gambling Chip"}],"event_choices":[{"cards_removed":["Strike_R"],"damage_healed":0.0,"max_hp_gain":0.0,"max_hp_loss":0.0,"gold_gain":0.0,"event_name":"The Cleric","player_choice":"Card Removal","floor":2.0,"gold_loss":50.0,"damage_taken":0.0},{"damage_healed":0.0,"max_hp_gain":0.0,"max_hp_loss":0.0,"gold_gain":0.0,"event_name":"Scrap Ooze","player_choice":"Success","floor":3.0,"gold_loss":0.0,"damage_taken":3.0,"relics_obtained":["MawBank"]},{"damage_healed":0.0,"max_hp_gain":0.0,"max_hp_loss":0.0,"gold_gain":0.0,"event_name":"Back to Basics","player_choice":"Simplicity","floor":19.0,"gold_loss":0.0,"damage_taken":0.0,"cards_upgraded":["Strike_R","Strike_R","Strike_R","Strike_R","Defend_R","Defend_R","Defend_R","Defend_R"]},{"cards_removed":["Strike_R"],"damage_healed":0.0,"max_hp_gain":0.0,"max_hp_loss":0.0,"gold_gain":0.0,"event_name":"Beggar","player_choice":"Gave Gold","floor":21.0,"gold_loss":75.0,"damage_taken":0.0},{"damage_healed":0.0,"max_hp_gain":0.0,"max_hp_loss":0.0,"gold_gain":0.0,"event_name":"Addict","player_choice":"Obtained Relic","floor":22.0,"gold_loss":85.0,"damage_taken":0.0,"relics_obtained":["Anchor"]},{"damage_healed":0.0,"max_hp_gain":0.0,"max_hp_loss":0.0,"gold_gain":0.0,"event_name":"The Mausoleum","player_choice":"Opened","floor":24.0,"gold_loss":0.0,"damage_taken":0.0,"relics_obtained":["Dream Catcher"],"cards_obtained":["Writhe"]},{"damage_healed":0.0,"max_hp_gain":0.0,"max_hp_loss":0.0,"gold_gain":0.0,"event_name":"MindBloom","player_choice":"Fight","floor":36.0,"gold_loss":0.0,"damage_taken":0.0},{"damage_healed":0.0,"max_hp_gain":0.0,"max_hp_loss":0.0,"gold_gain":0.0,"event_name":"Tomb of Lord Red Mask","player_choice":"Ignored","floor":38.0,"gold_loss":0.0,"damage_taken":0.0},{"damage_healed":0.0,"max_hp_gain":0.0,"max_hp_loss":0.0,"gold_gain":0.0,"event_name":"Mysterious Sphere","player_choice":"Fight","floor":39.0,"gold_loss":0.0,"damage_taken":0.0},{"damage_healed":0.0,"max_hp_gain":0.0,"max_hp_loss":0.0,"gold_gain":0.0,"event_name":"SensoryStone","player_choice":"Memory 1","floor":41.0,"gold_loss":0.0,"damage_taken":0.0}],"is_beta":false,"boss_relics":[{"not_picked":["Runic Dome","Black Star"],"picked":"Coffee Dripper"},{"not_picked":["Mark of Pain","Snecko Eye"],"picked":"Calling Bell"}],"items_purged_floors":[37],"is_endless":false,"potions_floor_spawned":[1,6,10,11,12,27,28,29,30,31,35,42,44,48],"ascension_level":9}