{"gold_per_floor":[119,20,31,106,125,154,154,165,189,223,3,3,18,30,30,130,130,150,169,169,44,61,61,86,86,86,86,186,286,297,327,327,423,423,441,82,182,131,143,143],"floor_reached":40,"playtime":2853,"items_purged":["Doubt","Defend_R","Defend_R","Strike_R"],"score":459,"play_id":"97542199-449e-4768-bad0-7f1a0a461583","local_time":"20190124184218","is_ascension_mode":false,"campfire_choices":[{"data":"Body Slam","floor":7.0,"key":"SMITH"},{"data":"Rage","floor":12.0,"key":"SMITH"},{"data":"Rage","floor":15.0,"key":"SMITH"},{"data":"Juggernaut","floor":23.0,"key":"SMITH"},{"data":"Spot Weakness","floor":25.0,"key":"SMITH"},{"data":"Metallicize","floor":27.0,"key":"SMITH"},{"floor":32,"key":"RECALL"}],"neow_cost":"CURSE","seed_source_timestamp":0,"circlet_count":0,"master_deck":["Strike_R","Bash","Rage+1","Iron Wave","Rage+1","Iron Wave","Body Slam+1","Clash","Pommel Strike","Metallicize+1","Iron Wave","Whirlwind+1","Spot Weakness+1","Juggernaut+1","Battle Trance","Barricade","Twin Strike+1","Ghostly Armor+1","Uppercut+1","Rage+1","Entrench"],"special_seed":0,"relics":["Burning Blood","Gambling Chip","Bag of Preparation","Pen Nib","Strawberry","Empty Cage","Molten Egg 2","StoneCalendar","Shovel","Bottled Flame","Potion Belt","Astrolabe","DollysMirror","WingedGreaves","Du-Vu Doll"],"potions_floor_usage":[33],"damage_taken":[{"damage":6.0,"enemies":"Jaw Worm","floor":1.0,"turns":5.0},{"damage":1.0,"enemies":"Cultist","floor":3.0,"turns":3.0},{"damage":2.0,"enemies":"2 Louse","floor":5.0,"turns":3.0},{"damage":23.0,"enemies":"Lagavulin","floor":6.0,"turns":8.0},{"damage":4.0,"enemies":"2 Fungi Beasts","floor":8.0,"turns":3.0},{"damage":0.0,"enemies":"Gremlin Nob","floor":10.0,"turns":3.0},{"damage":0.0,"enemies":"Lots of Slimes","floor":13.0,"turns":4.0},{"damage":5.0,"enemies":"Exordium Thugs","floor":14.0,"turns":3.0},{"damage":72.0,"enemies":"Hexaghost","floor":16.0,"turns":12.0},{"damage":9.0,"enemies":"Shell Parasite","floor":18.0,"turns":4.0},{"damage":0.0,"enemies":"3 Byrds","floor":19.0,"turns":5.0},{"damage":0.0,"enemies":"Centurion and Healer","floor":22.0,"turns":4.0},{"damage":14.0,"enemies":"Gremlin Leader","floor":24.0,"turns":5.0},{"damage":11.0,"enemies":"Colosseum Slavers","floor":28.0,"turns":3.0},{"damage":4.0,"enemies":"Colosseum Nobs","floor":28.0,"turns":3.0},{"damage":0.0,"enemies":"Chosen and Byrds","floor":30.0,"turns":4.0},{"damage":9,"enemies":"Book of Stabbing","floor":31,"turns":4},{"damage":53,"enemies":"Automaton","floor":33,"turns":7},{"damage":14,"enemies":"3 Shapes","floor":35,"turns":4},{"damage":12,"enemies":"Mind Bloom Boss Battle","floor":37,"turns":6},{"damage":13,"enemies":"Orb Walker","floor":39,"turns":3},{"damage":79,"enemies":"Reptomancer","floor":40,"turns":7}],"seed_played":"2600174693188641379","potions_obtained":[{"floor":1.0,"key":"Energy Potion"},{"floor":3.0,"key":"Fire Potion"},{"floor":5.0,"key":"SpeedPotion"},{"floor":8.0,"key":"Block Potion"},{"floor":14.0,"key":"GamblersBrew"},{"floor":28.0,"key":"Poison Potion"},{"floor":31,"key":"Swift Potion"},{"floor":39,"key":"Ancient Potion"}],"is_trial":false,"path_per_floor":["M","$","M","?","M","E","R","M","T","E","$","R","M","M","R","B",null,"M","M","?","$","M","R","E","R","T","R","?","?","M","E","R","B",null,"M","$","?","?","M","E"],"character_chosen":"IRONCLAD","items_purchased":["Iron Wave","Metallicize","Iron Wave","DollysMirror"],"campfire_rested":0,"item_purchase_floors":[2,11,11,36],"current_hp_per_floor":[80,80,80,69,73,56,56,58,58,71,71,71,77,78,78,12,87,84,87,87,87,87,87,79,79,79,79,76,76,82,79,79,32,87,79,79,73,73,66,0],"gold":143,"neow_bonus":"ONE_RARE_RELIC","is_prod":false,"is_daily":false,"chose_seed":false,"campfire_upgraded":6,"win_rate":0,"timestamp":1548322938,"path_taken":["M","$","M","?","M","E","R","M","T","E","$","R","M","M","R","BOSS","M","M","?","?","?","R","E","R","T","R","?","?","?","E","R","BOSS","M","$","?","?","M","E"],"build_version":"2019-01-23","purchased_purges":4,"victory":false,"max_hp_per_floor":[80,80,80,80,80,80,80,80,80,87,87,87,87,87,87,87,87,87,87,87,87,87,87,87,87,87,87,87,87,87,87,87,87,87,87,87,87,87,87,87],"card_choices":[{"not_picked":["Dropkick","Sentinel"],"picked":"Rage","floor":1.0},{"not_picked":["Shockwave","Pommel Strike"],"picked":"Rage","floor":3.0},{"not_picked":["Headbutt","Clash"],"picked":"Iron Wave","floor":5.0},{"not_picked":["Hemokinesis","Warcry"],"picked":"Body Slam","floor":6.0},{"not_picked":["Cleave","Perfected Strike"],"picked":"Clash","floor":8.0},{"not_picked":["Perfected Strike","Entrench"],"picked":"Pommel Strike","floor":10.0},{"not_picked":["Perfected Strike","Clash"],"picked":"Whirlwind","floor":13.0},{"not_picked":["Shrug It Off","Heavy Blade"],"picked":"Spot Weakness","floor":14.0},{"not_picked":["Double Tap","Limit Break"],"picked":"Juggernaut","floor":16.0},{"not_picked":["Dual Wield","Flex+1","Clash"],"picked":"SKIP","floor":18.0},{"not_picked":["Clash","Feel No Pain","Cleave"],"picked":"SKIP","floor":19.0},{"not_picked":["Ghostly Armor","Flex","Heavy Blade+1"],"picked":"SKIP","floor":22.0},{"not_picked":["Clothesline","Perfected Strike","Berserk"],"picked":"SKIP","floor":24.0},{"not_picked":["Armaments","Wild Strike+1","Ghostly Armor"],"picked":"SKIP","floor":30},{"not_picked":["Seeing Red","Burning Pact"],"picked":"Battle Trance","floor":31},{"not_picked":["Brutality","Bludgeon+1"],"picked":"Barricade","floor":33},{"not_picked":["Intimidate+1","Havoc","Clothesline+1"],"picked":"SKIP","floor":35},{"not_picked":["Thunderclap+1","Clash+1"],"picked":"Entrench","floor":37},{"not_picked":["Bloodletting+1","Wild Strike+1","Sword Boomerang+1"],"picked":"SKIP","floor":39}],"player_experience":662030,"relics_obtained":[{"floor":6.0,"key":"Bag of Preparation"},{"floor":9.0,"key":"Pen Nib"},{"floor":10.0,"key":"Strawberry"},{"floor":24.0,"key":"Molten Egg 2"},{"floor":26.0,"key":"StoneCalendar"},{"floor":28.0,"key":"Shovel"},{"floor":28.0,"key":"Bottled Flame"},{"floor":31,"key":"Potion Belt"},{"floor":37,"key":"WingedGreaves"}],"event_choices":[{"damage_healed":0.0,"max_hp_gain":0.0,"max_hp_loss":0.0,"gold_gain":75.0,"event_name":"World of Goop","player_choice":"Gather Gold","floor":4.0,"gold_loss":0.0,"damage_taken":11.0},{"damage_healed":0.0,"max_hp_gain":0.0,"max_hp_loss":0.0,"gold_gain":0.0,"event_name":"Accursed Blacksmith","player_choice":"Forge","floor":20.0,"gold_loss":0.0,"damage_taken":0.0,"cards_upgraded":["Whirlwind"]},{"damage_healed":0.0,"max_hp_gain":0.0,"max_hp_loss":0.0,"gold_gain":0.0,"event_name":"Colosseum","player_choice":"Fight","floor":28.0,"gold_loss":0.0,"damage_taken":0.0},{"damage_healed":0.0,"max_hp_gain":0.0,"max_hp_loss":0.0,"gold_gain":0.0,"event_name":"Colosseum","player_choice":"Fought Nobs","floor":28.0,"gold_loss":0.0,"damage_taken":0.0},{"damage_healed":0.0,"max_hp_gain":0.0,"max_hp_loss":0.0,"gold_gain":100.0,"event_name":"Golden Shrine","player_choice":"Pray","floor":29.0,"gold_loss":0.0,"damage_taken":0.0},{"damage_healed":0,"gold_gain":0,"player_choice":"Fight","damage_taken":0,"max_hp_gain":0,"max_hp_loss":0,"event_name":"MindBloom","floor":37,"gold_loss":0},{"damage_healed":0,"gold_gain":0,"player_choice":"Paid Gold","damage_taken":0,"relics_obtained":["Du-Vu Doll"],"max_hp_gain":0,"max_hp_loss":0,"event_name":"WeMeetAgain","floor":38,"gold_loss":51}],"is_beta":false,"boss_relics":[{"not_picked":["Snecko Eye","Eternal Feather"],"picked":"Empty Cage"},{"not_picked":["Philosopher\u0027s Stone","Orrery"],"picked":"Astrolabe"}],"items_purged_floors":[2,11,21,36],"is_endless":false,"potions_floor_spawned":[1,3,5,8,14,22,24,28,31,39],"killed_by":"Reptomancer","ascension_level":0}