{"gold_per_floor":[366,380,380,345,80,109,122,122,122,122,122,137,165,177,177,177],"floor_reached":16,"playtime":424,"items_purged":[],"score":220,"play_id":"758f4c1a-bf5b-4f9a-8a11-1c5be8556978","local_time":"20181211135603","is_ascension_mode":true,"campfire_choices":[{"data":"Armaments","floor":8.0,"key":"SMITH"},{"floor":10.0,"key":"REST"},{"floor":15,"key":"REST"}],"neow_cost":"PERCENT_DAMAGE","seed_source_timestamp":0,"circlet_count":0,"master_deck":["AscendersBane","Strike_R","Strike_R","Strike_R","Strike_R","Strike_R","Defend_R","Defend_R","Defend_R","Bash","Iron Wave","Warcry","Armaments+1","Choke","Ball Lightning","Sword Boomerang","Panacea","Quick Slash"],"special_seed":0,"relics":["Burning Blood","PrismaticShard","Magic Flower","Turnip","Mummified Hand"],"potions_floor_usage":[14],"damage_taken":[{"damage":14.0,"enemies":"Jaw Worm","floor":1.0,"turns":3.0},{"damage":7.0,"enemies":"Small Slimes","floor":2.0,"turns":3.0},{"damage":41.0,"enemies":"Lagavulin","floor":6.0,"turns":7.0},{"damage":1.0,"enemies":"Cultist","floor":7.0,"turns":3.0},{"damage":5.0,"enemies":"2 Fungi Beasts","floor":12.0,"turns":3.0},{"damage":45.0,"enemies":"Gremlin Nob","floor":13.0,"turns":6.0},{"damage":9,"enemies":"3 Louse","floor":14,"turns":3},{"damage":41,"enemies":"Slime Boss","floor":16,"turns":9}],"seed_played":"2732472672085071081","potions_obtained":[{"floor":2.0,"key":"SkillPotion"},{"floor":6.0,"key":"Weak Potion"},{"floor":13.0,"key":"Swift Potion"}],"is_trial":false,"path_per_floor":["M","M","?","?","$","E","M","R","T","R","$","M","E","M","R","B"],"character_chosen":"IRONCLAD","items_purchased":["PrismaticShard","Armaments"],"campfire_rested":2,"item_purchase_floors":[5,5],"current_hp_per_floor":[42,41,34,52,52,17,25,25,25,47,47,51,15,15,37,0],"gold":177,"neow_bonus":"TWO_FIFTY_GOLD","is_prod":false,"is_daily":false,"chose_seed":false,"campfire_upgraded":1,"win_rate":0,"timestamp":1544561763,"path_taken":["M","M","?","?","$","E","M","R","T","R","?","M","E","M","R","BOSS"],"build_version":"2018-12-06","purchased_purges":0,"victory":false,"max_hp_per_floor":[75,75,75,75,75,75,75,75,75,75,75,75,75,75,75,75],"card_choices":[{"not_picked":["Thunderclap","Wild Strike"],"picked":"Iron Wave","floor":1.0},{"not_picked":["Blood for Blood","Perfected Strike"],"picked":"Warcry","floor":2.0},{"not_picked":["Streamline","Barrage"],"picked":"Choke","floor":6.0},{"not_picked":["Twin Strike","Barrage"],"picked":"Ball Lightning","floor":7.0},{"not_picked":["Armaments","Flechettes"],"picked":"Sword Boomerang","floor":12.0},{"not_picked":["Night Terror","Perfected Strike"],"picked":"Panacea","floor":13.0},{"not_picked":["Hello World","Acrobatics"],"picked":"Quick Slash","floor":14}],"player_experience":596872,"relics_obtained":[{"floor":6.0,"key":"Magic Flower"},{"floor":9.0,"key":"Turnip"},{"floor":13.0,"key":"Mummified Hand"}],"event_choices":[{"cards_removed":["Defend_R"],"damage_healed":0.0,"max_hp_gain":0.0,"max_hp_loss":0.0,"gold_gain":0.0,"event_name":"Golden Wing","player_choice":"Card Removal","floor":3.0,"gold_loss":0.0,"damage_taken":7.0},{"damage_healed":18.0,"max_hp_gain":0.0,"max_hp_loss":0.0,"gold_gain":0.0,"event_name":"The Cleric","player_choice":"Healed","floor":4.0,"gold_loss":35.0,"damage_taken":0.0}],"is_beta":false,"boss_relics":[],"items_purged_floors":[],"is_endless":false,"potions_floor_spawned":[2,6,13],"killed_by":"Slime Boss","ascension_level":20}