{"gold_per_floor":[19,32,43,56,67,67,102,27,27,27,54,54,68,33,33,105,105,120,120,130,130,30,30,60,71,71,71,71,86,86,104,104,176,176,193,193,208,208,227,227,227,257,257,257,277,46,60,79,79,79,79],"floor_reached":51,"playtime":2695,"items_purged":["Strike_B","Parasite"],"score":1468,"play_id":"c85dafe5-d423-48ae-8c59-98f38c9ae308","local_time":"20181118003200","is_ascension_mode":true,"campfire_choices":[{"floor":6,"key":"REST"},{"floor":10,"key":"REST"},{"data":"Zap","floor":12,"key":"SMITH"},{"data":"Defragment","floor":15,"key":"SMITH"},{"data":"Chill","floor":23,"key":"SMITH"},{"data":"Coolheaded","floor":28,"key":"SMITH"},{"data":"Dualcast","floor":30,"key":"SMITH"},{"floor":32,"key":"REST"},{"data":"Seek","floor":40,"key":"SMITH"},{"floor":44,"key":"REST"},{"floor":49,"key":"REST"}],"neow_cost":"NO_GOLD","seed_source_timestamp":772110394063978,"circlet_count":0,"master_deck":["AscendersBane","Strike_B+1","Strike_B+1","Defend_B+1","Defend_B+1","Defend_B+1","Defend_B+1","Zap+1","Dualcast+1","Seek+1","Auto Shields","Ball Lightning","Conserve Battery","Reprogram","Core Surge","Glacier","Defragment+1","White Noise","Biased Cognition","Cold Snap","Chill+1","Coolheaded+1","Conserve Battery","Darkness+1","Echo Form","Coolheaded+1","Lockon","Hologram+1","Regret","Creative AI+1","Consume","Tempest+1","Core Surge"],"relics":["FrozenCore","Lantern","Letter Opener","Meat on the Bone","Cursed Key","Cables","The Courier","Nloth\u0027s Gift","Mercury Hourglass","Frozen Egg 2"],"potions_floor_usage":[5,7,16,33,33,42,47,50,50],"damage_taken":[{"damage":9,"enemies":"Jaw Worm","floor":1,"turns":4},{"damage":0,"enemies":"2 Louse","floor":2,"turns":3},{"damage":5,"enemies":"Small Slimes","floor":3,"turns":3},{"damage":49,"enemies":"Gremlin Gang","floor":4,"turns":5},{"damage":0,"enemies":"3 Louse","floor":5,"turns":1},{"damage":17,"enemies":"Gremlin Nob","floor":7,"turns":4},{"damage":15,"enemies":"3 Sentries","floor":11,"turns":8},{"damage":2,"enemies":"Large Slime","floor":13,"turns":4},{"damage":0,"enemies":"The Guardian","floor":16,"turns":10},{"damage":6,"enemies":"Chosen","floor":18,"turns":7},{"damage":0,"enemies":"Spheric Guardian","floor":20,"turns":5},{"damage":7,"enemies":"Slavers","floor":24,"turns":5},{"damage":11,"enemies":"Centurion and Healer","floor":25,"turns":8},{"damage":0,"enemies":"Snake Plant","floor":29,"turns":3},{"damage":0,"enemies":"3 Cultists","floor":31,"turns":6},{"damage":35,"enemies":"Champ","floor":33,"turns":17},{"damage":24,"enemies":"3 Darklings","floor":35,"turns":10},{"damage":0,"enemies":"Orb Walker","floor":37,"turns":4},{"damage":5,"enemies":"4 Shapes","floor":39,"turns":6},{"damage":19,"enemies":"Nemesis","floor":42,"turns":15},{"damage":22,"enemies":"Spire Growth","floor":45,"turns":6},{"damage":7,"enemies":"Transient","floor":47,"turns":6},{"damage":2,"enemies":"3 Darklings","floor":48,"turns":4},{"damage":41,"enemies":"Time Eater","floor":50,"turns":21},{"damage":37,"enemies":"Awakened One","floor":51,"turns":3}],"seed_played":"-2351986241919827183","potions_obtained":[{"floor":1,"key":"Weak Potion"},{"floor":4,"key":"Explosive Potion"},{"floor":11,"key":"FocusPotion"},{"floor":16,"key":"GamblersBrew"},{"floor":20,"key":"SkillPotion"},{"floor":33,"key":"EssenceOfSteel"},{"floor":39,"key":"SkillPotion"},{"floor":48,"key":"Weak Potion"}],"is_trial":false,"path_per_floor":["M","M","M","M","M","R","E","$","T","R","E","R","M","?","R","B",null,"M","?","M","T","$","R","E","M","T","?","R","M","R","M","R","B",null,"M","?","M","?","M","R","?","E","T","R","M","$","M","M","R","B","B"],"character_chosen":"DEFECT","items_purchased":["Creative AI+1","Consume","Weak Potion"],"campfire_rested":5,"item_purchase_floors":[46,46,46],"current_hp_per_floor":[55,55,50,1,1,22,5,5,5,26,11,11,21,38,38,38,63,57,57,57,57,57,57,50,39,39,39,39,39,39,39,59,36,60,36,36,36,36,43,43,43,36,36,56,46,46,39,37,57,28,0],"gold":79,"neow_bonus":"THREE_RARE_CARDS","is_prod":false,"is_daily":false,"chose_seed":false,"campfire_upgraded":6,"win_rate":0,"timestamp":1542529920,"path_taken":["M","M","M","M","M","R","E","$","T","R","E","R","M","?","R","BOSS","M","?","M","?","?","R","E","?","T","?","R","?","R","M","R","BOSS","M","?","M","?","?","R","?","E","T","R","?","$","M","M","R","BOSS","BOSS"],"build_version":"2018-11-15","purchased_purges":2,"victory":false,"max_hp_per_floor":[71,71,71,71,71,71,71,71,71,71,71,71,71,71,71,71,71,71,71,71,71,68,68,68,68,68,68,68,68,68,68,68,68,68,68,68,68,68,68,68,68,68,68,68,68,68,68,68,68,68,68],"card_choices":[{"not_picked":["Meteor Strike","Buffer"],"picked":"Seek","floor":0},{"not_picked":["Skim","Stack"],"picked":"Auto Shields","floor":1},{"not_picked":["Coolheaded","Beam Cell"],"picked":"Ball Lightning","floor":2},{"not_picked":["Sweeping Beam","Stack"],"picked":"Conserve Battery","floor":3},{"not_picked":["Gash","Ball Lightning"],"picked":"Reprogram","floor":4},{"not_picked":["Doom and Gloom","Compile Driver"],"picked":"Core Surge","floor":5},{"not_picked":["Consume","Rip and Tear"],"picked":"Glacier","floor":7},{"not_picked":["Streamline","Hologram"],"picked":"Defragment","floor":11},{"not_picked":["Recycle","Barrage"],"picked":"White Noise","floor":13},{"not_picked":["Rainbow","Hyperbeam"],"picked":"Biased Cognition","floor":16},{"not_picked":["Barrage","Go for the Eyes"],"picked":"Cold Snap","floor":18},{"not_picked":["Turbo+1","Cold Snap+1"],"picked":"Chill","floor":20},{"not_picked":["Storm","Stack"],"picked":"Coolheaded","floor":24},{"not_picked":["Compile Driver","Hologram","Reinforced Body"],"picked":"SKIP","floor":25},{"not_picked":["Thunder Strike","Steam Power"],"picked":"Conserve Battery","floor":29},{"not_picked":["Compile Driver","Steam"],"picked":"Darkness+1","floor":31},{"not_picked":["Multi-Cast","Electrodynamics"],"picked":"Echo Form","floor":33},{"not_picked":["Rebound+1","Double Energy+1"],"picked":"Coolheaded+1","floor":35},{"not_picked":["Cold Snap","Recycle","Steam+1"],"picked":"SKIP","floor":37},{"not_picked":["Cold Snap+1","Compile Driver","Scrape+1"],"picked":"SKIP","floor":39},{"not_picked":["Redo","Go for the Eyes"],"picked":"Hologram+1","floor":42},{"not_picked":["Gash+1","Static Discharge+1","Stack"],"picked":"SKIP","floor":45},{"not_picked":["White Noise","Compile Driver"],"picked":"Tempest+1","floor":47},{"not_picked":["Barrage","Rebound"],"picked":"Core Surge","floor":48}],"player_experience":940305,"relics_obtained":[{"floor":7,"key":"Lantern"},{"floor":9,"key":"Letter Opener"},{"floor":11,"key":"Meat on the Bone"},{"floor":21,"key":"Cables"},{"floor":24,"key":"The Courier"},{"floor":26,"key":"Pantograph"},{"floor":42,"key":"Mercury Hourglass"},{"floor":43,"key":"Frozen Egg 2"}],"event_choices":[{"damage_healed":17,"gold_gain":0,"player_choice":"Healed","damage_taken":0,"max_hp_gain":0,"max_hp_loss":0,"event_name":"The Cleric","floor":14,"gold_loss":35},{"damage_healed":0,"gold_gain":0,"player_choice":"Simplicity","damage_taken":0,"max_hp_gain":0,"max_hp_loss":0,"event_name":"Back to Basics","floor":19,"gold_loss":0,"cards_upgraded":["Strike_B","Strike_B","Strike_B","Defend_B","Defend_B","Defend_B","Defend_B"]},{"damage_healed":0,"gold_gain":0,"player_choice":"Traded Relic","damage_taken":0,"relics_obtained":["Nloth\u0027s Gift"],"max_hp_gain":0,"max_hp_loss":0,"event_name":"N\u0027loth","floor":27,"relics_lost":["Pantograph"],"gold_loss":0},{"damage_healed":0,"gold_gain":0,"player_choice":"Memory 1","damage_taken":0,"max_hp_gain":0,"max_hp_loss":0,"event_name":"SensoryStone","floor":36,"gold_loss":0},{"damage_healed":0,"gold_gain":0,"cards_transformed":["Strike_B"],"player_choice":"Transformed","damage_taken":0,"max_hp_gain":0,"max_hp_loss":0,"event_name":"Transmorgrifier","floor":38,"gold_loss":0,"cards_obtained":["Lockon"]},{"cards_removed":["Shame"],"damage_healed":0,"gold_gain":0,"player_choice":"Removed Curses","damage_taken":0,"max_hp_gain":0,"max_hp_loss":0,"event_name":"Fountain of Cleansing","floor":41,"gold_loss":0}],"is_beta":true,"boss_relics":[{"not_picked":["Snecko Eye","Orrery"],"picked":"Cursed Key"},{"not_picked":["Black Star","Tiny House"],"picked":"FrozenCore"}],"items_purged_floors":[8,22],"is_endless":false,"potions_floor_spawned":[1,4,11,16,20,24,25,33,39,48],"killed_by":"Awakened One","ascension_level":20}