{"gold_per_floor":[213,33,51,51,69,104,104,104,104,120,120,120,145,165,165,261,261,272,288,288],"floor_reached":20,"playtime":891,"items_purged":[],"score":239,"play_id":"a4866d14-5202-4b0a-b244-e94875f025be","local_time":"20190129001815","is_ascension_mode":true,"campfire_choices":[{"data":"Bash","floor":7,"key":"SMITH"},{"data":"Rage","floor":11,"key":"SMITH"},{"floor":15,"key":"REST"}],"neow_cost":"NONE","seed_source_timestamp":14833510988875,"circlet_count":0,"master_deck":["Bash+1","Havoc+1","Offering","Headbutt","Intimidate","Carnage","Rage+1","Twin Strike","Impervious","Metallicize","Clothesline","Barricade","Infernal Blade","Bludgeon","Second Wind","Rampage","Reckless Charge","Inflame","Fire Breathing","Juggernaut","Searing Blow","Shrug It Off","Shockwave"],"relics":["Burning Blood","Bottled Lightning","Dream Catcher","Pocketwatch","Pandora\u0027s Box"],"potions_floor_usage":[6,13],"damage_taken":[{"damage":6,"enemies":"Cultist","floor":1,"turns":4},{"damage":13,"enemies":"Small Slimes","floor":3,"turns":2},{"damage":12,"enemies":"Jaw Worm","floor":5,"turns":3},{"damage":8,"enemies":"Gremlin Nob","floor":6,"turns":3},{"damage":10,"enemies":"Blue Slaver","floor":10,"turns":3},{"damage":16,"enemies":"3 Sentries","floor":13,"turns":6},{"damage":0,"enemies":"2 Fungi Beasts","floor":14,"turns":4},{"damage":45,"enemies":"The Guardian","floor":16,"turns":13},{"damage":26,"enemies":"3 Byrds","floor":18,"turns":5},{"damage":14,"enemies":"Shell Parasite","floor":19,"turns":3},{"damage":12,"enemies":"Colosseum Slavers","floor":20,"turns":5},{"damage":49,"enemies":"Colosseum Nobs","floor":20,"turns":4}],"seed_played":"119170899307612832","potions_obtained":[{"floor":5,"key":"PowerPotion"},{"floor":6,"key":"BloodPotion"},{"floor":10,"key":"BloodPotion"}],"is_trial":false,"path_per_floor":["M","$","M","?","M","E","R","?","T","M","R","?","E","M","R","B",null,"M","M","?"],"character_chosen":"IRONCLAD","items_purchased":["Offering","Headbutt"],"campfire_rested":1,"item_purchase_floors":[2,2],"current_hp_per_floor":[72,72,65,49,43,41,41,41,41,37,37,37,35,41,65,26,67,47,39,0],"gold":288,"neow_bonus":"HUNDRED_GOLD","is_prod":false,"is_daily":false,"chose_seed":false,"campfire_upgraded":2,"win_rate":0,"timestamp":1548717495,"path_taken":["M","$","?","?","M","E","R","?","T","?","R","?","E","M","R","BOSS","M","M","?"],"build_version":"2019-01-23","purchased_purges":0,"victory":false,"max_hp_per_floor":[80,80,80,80,80,80,80,80,80,80,80,80,80,80,80,80,80,80,80,80],"card_choices":[{"not_picked":["Warcry","Shrug It Off"],"picked":"Havoc","floor":1},{"not_picked":["Clothesline","Headbutt"],"picked":"Intimidate","floor":3},{"not_picked":["Clash","Clothesline"],"picked":"Carnage","floor":5},{"not_picked":["Pommel Strike","Twin Strike"],"picked":"Rage","floor":6},{"not_picked":["Wild Strike","Dual Wield"],"picked":"Twin Strike","floor":10},{"not_picked":["Infernal Blade","Immolate"],"picked":"Impervious","floor":13},{"not_picked":["Sword Boomerang","Anger"],"picked":"Metallicize","floor":14},{"not_picked":["Sword Boomerang","Burning Pact"],"picked":"Clothesline","floor":15},{"not_picked":["Juggernaut","Impervious"],"picked":"Barricade","floor":16},{"not_picked":["Warcry","Wild Strike"],"picked":"Shrug It Off","floor":18},{"not_picked":["Thunderclap","Headbutt+1"],"picked":"Shockwave","floor":19}],"player_experience":205651,"relics_obtained":[{"floor":6,"key":"Bottled Lightning"},{"floor":13,"key":"Pocketwatch"}],"event_choices":[{"damage_healed":0,"gold_gain":0,"player_choice":"Entered Light","damage_taken":16,"max_hp_gain":0,"max_hp_loss":0,"event_name":"Shining Light","floor":4,"gold_loss":0,"cards_upgraded":["Strike_R","Strike_R"]},{"damage_healed":0,"gold_gain":0,"player_choice":"Gave Potion","damage_taken":0,"relics_obtained":["Dream Catcher"],"max_hp_gain":0,"max_hp_loss":0,"event_name":"WeMeetAgain","floor":8,"gold_loss":0},{"damage_healed":0,"gold_gain":0,"player_choice":"Grow","damage_taken":0,"max_hp_gain":0,"max_hp_loss":0,"event_name":"Living Wall","floor":12,"gold_loss":0,"cards_upgraded":["Havoc"]},{"damage_healed":0,"gold_gain":0,"player_choice":"Fight","damage_taken":0,"max_hp_gain":0,"max_hp_loss":0,"event_name":"Colosseum","floor":20,"gold_loss":0},{"damage_healed":0,"gold_gain":0,"player_choice":"Fought Nobs","damage_taken":0,"max_hp_gain":0,"max_hp_loss":0,"event_name":"Colosseum","floor":20,"gold_loss":0}],"is_beta":true,"boss_relics":[{"not_picked":["Ectoplasm","Lizard Tail"],"picked":"Pandora\u0027s Box"}],"items_purged_floors":[],"is_endless":false,"potions_floor_spawned":[5,6,10,20],"killed_by":"Colosseum Nobs","ascension_level":6}