{"path_per_floor":["M","?","M","?","M","E","M","R","T","?","M","E","$","E","R","B",null,"M","?","?","M","M"],"character_chosen":"DEFECT","items_purchased":["Lee\u0027s Waffle"],"gold_per_floor":[117,117,129,129,144,177,191,191,191,366,390,423,226,267,267,386,386,401,401,401,420,433,433],"floor_reached":23,"campfire_rested":0,"playtime":1621,"item_purchase_floors":[13],"current_hp_per_floor":[76,76,70,70,70,42,43,43,43,49,44,42,95,70,70,22,95,95,95,95,91,61,0],"items_purged":[],"gold":433,"score":236,"play_id":"4b7d41df-1165-4037-b8fb-3957963f7a3e","local_time":"20180602103549","is_prod":false,"is_daily":false,"chose_seed":false,"is_ascension_mode":false,"campfire_upgraded":2,"win_rate":0,"timestamp":1527953749,"campfire_choices":[{"data":"Self Repair","floor":8,"key":"SMITH"},{"data":"Aggregate","floor":15,"key":"SMITH"}],"path_taken":["M","?","M","?","M","E","?","R","T","?","M","E","$","E","R","BOSS","M","?","?","M","M","E"],"build_version":"2018-05-31","seed_source_timestamp":1260823264563312,"purchased_purges":0,"victory":false,"master_deck":["Strike_B","Strike_B","Strike_B","Defend_B","Defend_B","Defend_B","Defend_B","Zap","Dualcast","Compile Driver","Aggregate+1","Stack","Injury","Conserve Battery","Self Repair+1","Gash","Doubt","Self Repair","Compile Driver","Streamline","Seek","Force Field","Aggregate+1","Cold Snap","Blizzard+1"],"max_hp_per_floor":[82,82,82,82,82,82,82,82,82,88,88,88,95,95,95,95,95,95,95,95,95,95,95],"relics":["Cracked Core","Golden Idol","Art of War","Darkstone Periapt","Kunai","Lee\u0027s Waffle","Calipers","Cursed Key"],"card_choices":[{"not_picked":["Conserve Battery","Go for the Eyes"],"picked":"Compile Driver","floor":1},{"not_picked":["BootSequence","Force Field"],"picked":"Stack","floor":3},{"not_picked":["Rip and Tear","Barrage"],"picked":"Conserve Battery","floor":5},{"not_picked":["Compile Driver","Turbo"],"picked":"Self Repair","floor":6},{"not_picked":["FTL","Defragment"],"picked":"Gash","floor":7},{"not_picked":["Steam","Rebound"],"picked":"Self Repair","floor":11},{"not_picked":["Rip and Tear","Redo"],"picked":"Compile Driver","floor":12},{"not_picked":["Lockon","Barrage"],"picked":"Streamline","floor":14},{"not_picked":["Thunder Strike","Amplify"],"picked":"Seek","floor":16},{"not_picked":["BootSequence+1","Turbo"],"picked":"Force Field","floor":18},{"not_picked":["Rebound","Leap"],"picked":"Cold Snap","floor":21},{"not_picked":["Turbo","Barrage"],"picked":"Blizzard+1","floor":22}],"player_experience":218253,"potions_floor_usage":[16,16],"damage_taken":[{"damage":6,"enemies":"2 Louse","floor":1,"turns":3},{"damage":6,"enemies":"Jaw Worm","floor":3,"turns":4},{"damage":0,"enemies":"Small Slimes","floor":5,"turns":3},{"damage":28,"enemies":"Gremlin Nob","floor":6,"turns":5},{"damage":6,"enemies":"Exordium Thugs","floor":7,"turns":4},{"damage":15,"enemies":"Looter","floor":11,"turns":4},{"damage":19,"enemies":"3 Sentries","floor":12,"turns":9},{"damage":42,"enemies":"Lagavulin","floor":14,"turns":10},{"damage":80,"enemies":"The Guardian","floor":16,"turns":12},{"damage":10,"enemies":"Shell Parasite","floor":18,"turns":7},{"damage":21,"enemies":"Spheric Guardian","floor":21,"turns":6},{"damage":47,"enemies":"Centurion and Healer","floor":22,"turns":15},{"damage":66,"enemies":"Slavers","floor":23,"turns":3}],"relics_obtained":[{"floor":6,"key":"Art of War"},{"floor":9,"key":"Darkstone Periapt"},{"floor":12,"key":"Kunai"},{"floor":14,"key":"Calipers"}],"event_choices":[{"event_name":"Living Wall","player_choice":"Change","floor":2,"damage_taken":0},{"event_name":"Golden Idol","player_choice":"Take Wound","floor":4,"damage_taken":0},{"event_name":"Liars Game","player_choice":"agreed","floor":10,"damage_taken":0},{"event_name":"Duplicator","player_choice":"One dupe","floor":19,"damage_taken":0},{"event_name":"Purifier","player_choice":"Skipped","floor":20,"damage_taken":0}],"boss_relics":[{"not_picked":["Tiny House","Inserter"],"picked":"Cursed Key"}],"items_purged_floors":[],"potions_floor_spawned":[3,5,7],"seed_played":"2644575230585630058","killed_by":"Slavers","ascension_level":0,"potions_obtained":[{"floor":3,"key":"Regen Potion"},{"floor":5,"key":"GamblersBrew"},{"floor":7,"key":"SteroidPotion"}],"is_trial":false}