{"path_per_floor":["M","?","?","$","M","E","R","E","T","?","R","E","R","E","R","B",null,"M","M","M","$","$","R","?","R","T","M","?","M"],"character_chosen":"THE_SILENT","items_purchased":["Noxious Fumes","Apotheosis"],"gold_per_floor":[112,62,62,62,82,116,116,143,143,143,143,172,172,207,207,306,336,347,359,378,345,159,159,249,249,249,262,177,194,194],"floor_reached":30,"campfire_rested":4,"playtime":1694,"item_purchase_floors":[21,22],"current_hp_per_floor":[63,63,68,68,68,68,68,43,50,50,50,32,57,43,68,5,71,58,36,23,23,23,51,37,65,65,41,41,4,0],"items_purged":[],"gold":194,"score":435,"play_id":"05579baa-09a1-4f9f-9c7a-940c341a2d73","local_time":"20180609222704","is_prod":false,"is_daily":false,"chose_seed":false,"is_ascension_mode":true,"campfire_upgraded":2,"win_rate":0,"timestamp":1528601224,"campfire_choices":[{"data":"Poisoned Stab","floor":7,"key":"SMITH"},{"data":"Dodge and Roll","floor":11,"key":"SMITH"},{"floor":13,"key":"REST"},{"floor":15,"key":"REST"},{"floor":23,"key":"REST"},{"floor":25,"key":"REST"}],"path_taken":["M","?","?","?","M","E","R","E","T","?","R","E","R","E","R","BOSS","M","?","M","?","$","R","?","R","T","M","?","?","M"],"build_version":"2018-06-07v3","seed_source_timestamp":56250310738734,"purchased_purges":0,"victory":false,"master_deck":["Defend_G","Defend_G","Defend_G","Defend_G","Strike_G+1","Strike_G","Strike_G","Strike_G","Strike_G","Survivor","Neutralize","Accuracy","Deadly Poison","Poisoned Stab+1","Dodge and Roll+1","Burst","Well Laid Plans","Catalyst+1","Noxious Fumes","Apotheosis","Poisoned Stab","Bane"],"max_hp_per_floor":[70,70,75,75,75,75,75,75,82,82,82,84,84,86,86,86,91,93,95,95,95,95,95,95,95,95,95,95,95,95],"relics":["Ring of the Snake","NeowsBlessing","Ornamental Fan","Singing Bowl","Strawberry","Boot","Potion Belt","Happy Flower","Tiny House","Paper Crane","Orichalcum"],"card_choices":[{"not_picked":["Dagger Throw","Expertise"],"picked":"Accuracy","floor":1},{"not_picked":["Slice","All Out Attack"],"picked":"Deadly Poison","floor":5},{"not_picked":["Quick Slash","Sucker Punch"],"picked":"Poisoned Stab","floor":6},{"not_picked":["Outmaneuver","Quick Slash"],"picked":"Dodge and Roll","floor":8},{"not_picked":["Unload","Concentrate","Flechettes"],"picked":"Singing Bowl","floor":12},{"not_picked":["Skewer","Slice","Dagger Throw"],"picked":"Singing Bowl","floor":14},{"not_picked":["Venomology","Grand Finale"],"picked":"Burst","floor":16},{"not_picked":["Blade Dance","Dagger Throw"],"picked":"Well Laid Plans","floor":17},{"not_picked":["Leg Sweep+1","Choke","Prepared+1"],"picked":"Singing Bowl","floor":18},{"not_picked":["Caltrops+1","Flying Knee","Outmaneuver"],"picked":"Singing Bowl","floor":19},{"not_picked":["Slice+1","Eviscerate"],"picked":"Catalyst+1","floor":20},{"not_picked":["Deflect","Eviscerate+1"],"picked":"Poisoned Stab","floor":27},{"not_picked":["A Thousand Cuts","Flechettes"],"picked":"Bane","floor":29}],"player_experience":253301,"potions_floor_usage":[18,20,20,20,20,20,27,29,30,30],"damage_taken":[{"damage":0,"enemies":"Small Slimes","floor":1,"turns":1},{"damage":0,"enemies":"Jaw Worm","floor":5,"turns":1},{"damage":0,"enemies":"Lagavulin","floor":6,"turns":1},{"damage":25,"enemies":"3 Sentries","floor":8,"turns":10},{"damage":20,"enemies":"Lagavulin","floor":12,"turns":6},{"damage":16,"enemies":"3 Sentries","floor":14,"turns":10},{"damage":63,"enemies":"Slime Boss","floor":16,"turns":15},{"damage":15,"enemies":"3 Byrds","floor":18,"turns":6},{"damage":24,"enemies":"Shell Parasite","floor":19,"turns":7},{"damage":28,"enemies":"Cultist and Chosen","floor":20,"turns":9},{"damage":24,"enemies":"Snake Plant","floor":27,"turns":3},{"damage":37,"enemies":"Slaver and Parasite","floor":29,"turns":5},{"damage":14,"enemies":"Cultist and Chosen","floor":30,"turns":4}],"relics_obtained":[{"floor":6,"key":"Ornamental Fan"},{"floor":8,"key":"Singing Bowl"},{"floor":9,"key":"Strawberry"},{"floor":12,"key":"Potion Belt"},{"floor":14,"key":"Happy Flower"},{"floor":26,"key":"Paper Crane"}],"event_choices":[{"event_name":"The Cleric","player_choice":"Card Removal","floor":2,"damage_taken":0},{"event_name":"Big Fish","player_choice":"Donut","floor":3,"damage_taken":0},{"event_name":"Wheel of Change","player_choice":"Relic","floor":10,"damage_taken":0},{"event_name":"Knowing Skull","player_choice":"GOLD ","floor":24,"damage_taken":0},{"event_name":"Addict","player_choice":"Obtained Relic","floor":28,"damage_taken":0}],"boss_relics":[{"not_picked":["Astrolabe","Sozu"],"picked":"Tiny House"}],"items_purged_floors":[],"potions_floor_spawned":[5,8,16,19,29],"seed_played":"-8614772892722079588","killed_by":"Cultist and Chosen","ascension_level":7,"potions_obtained":[{"floor":5,"key":"FearPotion"},{"floor":8,"key":"Fire Potion"},{"floor":16,"key":"Poison Potion"},{"floor":17,"key":"EntropicBrew"},{"floor":19,"key":"SpeedPotion"},{"floor":29,"key":"GhostInAJar"}],"is_trial":false}