{"gold_per_floor":[118,43,118,129,139,139,169,169,193,206,206,221,134,159,159,230,230,250,264,264],"floor_reached":20,"playtime":1473,"items_purged":[],"score":348,"play_id":"b4dba2b0-6fbc-4ac1-b3f0-6fb589f6cafc","local_time":"20190106224638","is_ascension_mode":true,"campfire_choices":[{"data":"Dualcast","floor":6,"key":"SMITH"},{"floor":8,"key":"REST"},{"data":"Electrodynamics","floor":15,"key":"SMITH"}],"neow_cost":"NONE","seed_source_timestamp":74213715596863,"circlet_count":0,"master_deck":["AscendersBane","Strike_B","Strike_B","Strike_B","Defend_B","Defend_B","Defend_B","Defend_B","Zap+1","Dualcast+1","Skim","Steam","Conserve Battery","Electrodynamics+1","Reinforced Body","Glacier","Echo Form","Capacitor","Turbo"],"relics":["Cracked Core","Anchor","Pen Nib","Bronze Scales","Nuclear Battery"],"potions_floor_usage":[7,16,19],"damage_taken":[{"damage":5,"enemies":"Small Slimes","floor":1,"turns":3},{"damage":2,"enemies":"2 Louse","floor":4,"turns":2},{"damage":4,"enemies":"Jaw Worm","floor":5,"turns":4},{"damage":18,"enemies":"3 Sentries","floor":7,"turns":7},{"damage":0,"enemies":"Red Slaver","floor":10,"turns":4},{"damage":0,"enemies":"Gremlin Gang","floor":12,"turns":2},{"damage":35,"enemies":"Hexaghost","floor":16,"turns":12},{"damage":30,"enemies":"Chosen","floor":18,"turns":6},{"damage":10,"enemies":"Spheric Guardian","floor":19,"turns":5},{"damage":18,"enemies":"Centurion and Healer","floor":20,"turns":5}],"seed_played":"-5753153933671158221","potions_obtained":[{"floor":5,"key":"Fire Potion"},{"floor":7,"key":"Strength Potion"},{"floor":10,"key":"SpeedPotion"},{"floor":18,"key":"Swift Potion"}],"is_trial":false,"path_per_floor":["M","?","?","M","M","R","E","R","T","M","?","M","$","T","R","B",null,"M","M","M"],"character_chosen":"DEFECT","items_purchased":["Glacier"],"campfire_rested":1,"item_purchase_floors":[13],"current_hp_per_floor":[59,59,48,46,42,42,24,45,45,45,45,45,45,45,45,10,56,26,16,0],"gold":264,"neow_bonus":"UPGRADE_CARD","is_prod":false,"is_daily":false,"chose_seed":false,"campfire_upgraded":2,"win_rate":0,"timestamp":1546775198,"path_taken":["M","?","?","M","M","R","E","R","T","M","?","?","$","?","R","BOSS","M","M","?"],"build_version":"2018-11-15","purchased_purges":0,"victory":false,"max_hp_per_floor":[71,71,71,71,71,71,71,71,71,71,71,71,71,71,71,71,71,71,71,71],"card_choices":[{"not_picked":["Turbo","Stack"],"picked":"Skim","floor":1},{"not_picked":["Scrape","Hologram"],"picked":"Steam","floor":4},{"not_picked":["Compile Driver","Hello World"],"picked":"Conserve Battery","floor":5},{"not_picked":["Sweeping Beam","Force Field","Hello World"],"picked":"SKIP","floor":7},{"not_picked":["Streamline","Self Repair"],"picked":"Electrodynamics","floor":10},{"not_picked":["Darkness","Melter"],"picked":"Reinforced Body","floor":12},{"not_picked":["Core Surge","Rainbow"],"picked":"Echo Form","floor":16},{"not_picked":["Doom and Gloom","Hologram"],"picked":"Capacitor","floor":18},{"not_picked":["Capacitor+1","Beam Cell"],"picked":"Turbo","floor":19}],"player_experience":1003930,"relics_obtained":[{"floor":7,"key":"Anchor"},{"floor":9,"key":"Pen Nib"},{"floor":14,"key":"Bronze Scales"}],"event_choices":[{"cards_removed":["Strike_B"],"damage_healed":0,"gold_gain":0,"player_choice":"Card Removal","damage_taken":0,"max_hp_gain":0,"max_hp_loss":0,"event_name":"The Cleric","floor":2,"gold_loss":75},{"damage_healed":0,"gold_gain":75,"player_choice":"Gather Gold","damage_taken":11,"max_hp_gain":0,"max_hp_loss":0,"event_name":"World of Goop","floor":3,"gold_loss":0},{"damage_healed":0,"gold_gain":0,"player_choice":"Ignored","damage_taken":0,"max_hp_gain":0,"max_hp_loss":0,"event_name":"Golden Idol","floor":11,"gold_loss":0}],"is_beta":true,"boss_relics":[{"not_picked":["Eternal Feather","Runic Dome"],"picked":"Nuclear Battery"}],"items_purged_floors":[],"is_endless":false,"potions_floor_spawned":[5,7,10,18],"killed_by":"Centurion and Healer","ascension_level":20}