{"gold_per_floor":[114,129,144,219,319,349,199,214,214,229,244,244,344,359,359,459,459,429,352,152,152,167,167,182,182,257,257,257,272,272,272,272,372,372,387,387,402,417,17,47,47,0,25,40,40,40],"floor_reached":46,"playtime":1761,"items_purged":[],"score":550,"play_id":"84bb2e7f-cefd-454a-a4ff-350b67055a1b","local_time":"20180708135539","daily_mods":["Insanity","Time Dilation","Binary"],"is_ascension_mode":false,"campfire_choices":[{"data":"Echo Form","floor":12,"key":"SMITH"},{"floor":15,"key":"REST"},{"data":"Genetic Algorithm","floor":23,"key":"SMITH"},{"floor":25,"key":"REST"},{"floor":27,"key":"REST"},{"floor":30,"key":"REST"},{"data":"Echo Form","floor":32,"key":"SMITH"}],"neow_cost":"","seed_source_timestamp":0,"circlet_count":0,"master_deck":["Zap","Echo Form+1","Skim","Force Field","Hologram","Compile Driver","Force Field","Conserve Battery","Sunder","All For One","Ball Lightning","Steam Power","FTL","Rainbow","Seek","Glacier","Defragment","White Noise","Auto Shields","Buffer","Darkness+1","Reprogram","BootSequence","Chaos","Rainbow","Rip and Tear","Turbo","Leap","Dualcast","Defragment","Beam Cell","Turbo","Echo Form+1","Self Repair","Lockon","Hyperbeam","Consume","Defragment","Amplify","Genetic Algorithm+1","Rebound","Echo Form","Force Field","Hologram","Fusion","Storm","White Noise","Fusion","Consume+1","Gash","Auto Shields","Electrodynamics","Gash","Gash","Defragment","Rainbow","J.A.X.","Writhe","Static Discharge","RitualDagger","Fission","Genetic Algorithm+1","Loop"],"special_seed":17720,"relics":["Cracked Core","Blue Candle","DataDisk","Letter Opener","Inserter","Membership Card","Oddly Smooth Stone","Gremlin Horn","Happy Flower","Fusion Hammer","DollysMirror","War Paint","Lantern","Omamori","Red Mask","Regal Pillow"],"potions_floor_usage":[16,16,46],"damage_taken":[{"damage":0,"enemies":"2 Louse","floor":1,"turns":2},{"damage":15,"enemies":"Cultist","floor":2,"turns":4},{"damage":0,"enemies":"Small Slimes","floor":3,"turns":2},{"damage":12,"enemies":"Lagavulin","floor":6,"turns":7},{"damage":0,"enemies":"Looter","floor":8,"turns":2},{"damage":17,"enemies":"Gremlin Gang","floor":10,"turns":3},{"damage":1,"enemies":"Blue Slaver","floor":11,"turns":4},{"damage":4,"enemies":"Looter","floor":14,"turns":3},{"damage":35,"enemies":"Slime Boss","floor":16,"turns":4},{"damage":17,"enemies":"2 Thieves","floor":18,"turns":5},{"damage":4,"enemies":"Chosen","floor":22,"turns":3},{"damage":34,"enemies":"Slaver and Parasite","floor":24,"turns":5},{"damage":1,"enemies":"Sentry and Sphere","floor":29,"turns":3},{"damage":44,"enemies":"Champ","floor":33,"turns":11},{"damage":23,"enemies":"Orb Walker","floor":35,"turns":4},{"damage":0,"enemies":"3 Darklings","floor":37,"turns":3},{"damage":1,"enemies":"Maw","floor":38,"turns":7},{"damage":51,"enemies":"Giant Head","floor":40,"turns":8},{"damage":7,"enemies":"4 Shapes","floor":44,"turns":3},{"damage":56,"enemies":"Sphere and 2 Shapes","floor":46,"turns":3}],"seed_played":"5952392564398475268","potions_obtained":[{"floor":2,"key":"LiquidBronze"},{"floor":3,"key":"Weak Potion"},{"floor":6,"key":"FocusPotion"},{"floor":14,"key":"FairyPotion"},{"floor":16,"key":"LiquidBronze"},{"floor":22,"key":"Swift Potion"}],"is_trial":false,"path_per_floor":["M","M","M","?","?","E","$","M","T","M","M","R","?","M","R","B",null,"M","?","$","?","M","R","M","R","T","R","?","M","R","T","R","B",null,"M","?","M","M","$","E","?","?","T","M","$"],"character_chosen":"DEFECT","items_purchased":["DataDisk","Membership Card","DollysMirror","War Paint","Lantern"],"campfire_rested":4,"item_purchase_floors":[7,20,39,39,39],"current_hp_per_floor":[75,60,60,49,49,44,44,44,44,34,40,40,40,43,65,30,75,58,58,58,58,61,61,27,49,49,71,65,64,75,75,75,38,75,52,52,59,65,65,21,21,21,21,21,21,0],"gold":40,"neow_bonus":"","is_prod":false,"is_daily":true,"chose_seed":false,"campfire_upgraded":3,"win_rate":0.0,"timestamp":1531022139,"path_taken":["M","M","M","?","?","E","$","M","T","M","?","R","?","M","R","BOSS","M","?","?","?","M","R","?","R","T","R","?","?","R","?","R","BOSS","M","?","?","M","$","E","?","?","T","M","$","?"],"build_version":"2018-07-05","purchased_purges":0,"victory":false,"max_hp_per_floor":[75,75,75,75,75,75,75,75,75,75,75,75,75,75,75,75,75,75,75,75,75,75,75,75,75,75,75,75,75,75,75,75,75,75,75,75,75,75,75,75,75,75,75,75,75,75],"card_choices":[{"not_picked":["Streamline"],"picked":"Gash","floor":1},{"not_picked":["Ball Lightning","Chaos"],"picked":"SKIP","floor":2},{"not_picked":["Turbo"],"picked":"Auto Shields","floor":3},{"not_picked":["Redo"],"picked":"Electrodynamics","floor":6},{"not_picked":["Loop"],"picked":"Gash","floor":8},{"not_picked":["Self Repair"],"picked":"Gash","floor":10},{"not_picked":["Ball Lightning"],"picked":"Defragment","floor":11},{"not_picked":["Rip and Tear","Barrage"],"picked":"SKIP","floor":14},{"not_picked":["Seek"],"picked":"Rainbow","floor":16},{"not_picked":["Ball Lightning","Sweeping Beam"],"picked":"SKIP","floor":18},{"not_picked":["Chaos+1"],"picked":"Static Discharge","floor":22},{"not_picked":["Self Repair+1","Stack"],"picked":"SKIP","floor":24},{"not_picked":["Go for the Eyes","Hologram+1"],"picked":"SKIP","floor":29},{"not_picked":["Reboot"],"picked":"Fission","floor":33},{"not_picked":["Redo","Genetic Algorithm+1"],"picked":"SKIP","floor":35},{"not_picked":["Doom and Gloom","Barrage+1"],"picked":"SKIP","floor":37},{"not_picked":["Barrage","Turbo+1"],"picked":"SKIP","floor":38},{"not_picked":["Steam"],"picked":"Loop","floor":40},{"not_picked":["Compile Driver","Ball Lightning"],"picked":"SKIP","floor":44}],"player_experience":364426,"relics_obtained":[{"floor":6,"key":"Blue Candle"},{"floor":9,"key":"Letter Opener"},{"floor":26,"key":"Gremlin Horn"},{"floor":31,"key":"Happy Flower"},{"floor":40,"key":"Omamori"},{"floor":43,"key":"Regal Pillow"}],"event_choices":[{"event_name":"World of Goop","player_choice":"Gather Gold","floor":4,"damage_taken":0},{"event_name":"Golden Shrine","player_choice":"Pray","floor":5,"damage_taken":0},{"event_name":"Wheel of Change","player_choice":"Gold","floor":13,"damage_taken":0},{"event_name":"Drug Dealer","player_choice":"Got JAXXED","floor":19,"damage_taken":0},{"event_name":"The Mausoleum","player_choice":"Yes","floor":21,"damage_taken":0},{"event_name":"Nest","player_choice":"Joined the Cult","floor":28,"damage_taken":0},{"event_name":"Falling","player_choice":"Removed Skill","floor":36,"damage_taken":0},{"event_name":"SensoryStone","player_choice":"Memory 1","floor":41,"damage_taken":0},{"event_name":"Tomb of Lord Red Mask","player_choice":"Paid","floor":42,"damage_taken":0}],"boss_relics":[{"not_picked":["Tiny House","Runic Dome"],"picked":"Inserter"},{"not_picked":["White Beast Statue","Coffee Dripper"],"picked":"Fusion Hammer"}],"items_purged_floors":[],"is_endless":false,"potions_floor_spawned":[2,3,6,14,16,22,24,37,38,40],"killed_by":"Sphere and 2 Shapes","ascension_level":0}