{"gold_per_floor":[114,189,207,223,237,237,268,279,279,310,310,310,360,371,371,371],"floor_reached":16,"playtime":621,"items_purged":[],"score":196,"play_id":"1c1fec7b-9c55-4e07-bc1b-73f7e1fe1373","local_time":"20181007020109","is_ascension_mode":true,"campfire_choices":[{"data":"Neutralize","floor":6,"key":"SMITH"},{"data":"Footwork","floor":12,"key":"SMITH"},{"floor":15,"key":"REST"}],"neow_cost":"NONE","seed_source_timestamp":191696029302897,"circlet_count":0,"master_deck":["Defend_G","Defend_G","Defend_G","Defend_G","Defend_G","Strike_G","Strike_G","Strike_G","Strike_G","Survivor","Neutralize+1","AscendersBane","Endless Agony","Infinite Blades","Footwork+1","Dagger Throw","Cloak And Dagger","Backflip","Predator","Envenom","Crippling Poison"],"relics":["Ring of the Snake","Bag of Marbles","Ancient Tea Set","Art of War","CultistMask"],"potions_floor_usage":[10,16],"damage_taken":[{"damage":0,"enemies":"2 Louse","floor":1,"turns":4},{"damage":2,"enemies":"Small Slimes","floor":3,"turns":4},{"damage":0,"enemies":"Cultist","floor":4,"turns":5},{"damage":9,"enemies":"3 Louse","floor":5,"turns":5},{"damage":14,"enemies":"Lagavulin","floor":7,"turns":12},{"damage":3,"enemies":"Exordium Thugs","floor":8,"turns":5},{"damage":8,"enemies":"3 Sentries","floor":10,"turns":6},{"damage":0,"enemies":"Blue Slaver","floor":14,"turns":2},{"damage":34,"enemies":"Slime Boss","floor":16,"turns":6}],"seed_played":"-2829294130178355517","potions_obtained":[{"floor":1,"key":"Fire Potion"},{"floor":8,"key":"Energy Potion"},{"floor":10,"key":"LiquidBronze"}],"is_trial":false,"path_per_floor":["M","?","M","M","M","R","E","M","T","E","?","R","?","M","R"],"character_chosen":"THE_SILENT","items_purchased":[],"campfire_rested":1,"item_purchase_floors":[],"current_hp_per_floor":[59,48,46,46,37,37,23,20,20,12,12,12,12,12,31,0],"gold":371,"neow_bonus":"TRANSFORM_CARD","is_prod":false,"is_daily":false,"chose_seed":false,"campfire_upgraded":2,"win_rate":0,"timestamp":1538902869,"path_taken":["M","?","M","?","M","R","E","M","T","E","?","R","?","?","R","BOSS"],"build_version":"2018-10-04","purchased_purges":0,"victory":false,"max_hp_per_floor":[66,66,66,66,66,66,66,66,66,66,66,66,66,66,66,66],"card_choices":[{"not_picked":["Flying Knee","Dagger Throw"],"picked":"Infinite Blades","floor":1},{"not_picked":["Deflect","Quick Slash"],"picked":"Footwork","floor":3},{"not_picked":["Acrobatics","Dodge and Roll"],"picked":"Dagger Throw","floor":4},{"not_picked":["Terror","Noxious Fumes"],"picked":"Cloak And Dagger","floor":5},{"not_picked":["Deadly Poison","Dagger Spray"],"picked":"Backflip","floor":7},{"not_picked":["Dodge and Roll","Outmaneuver"],"picked":"Predator","floor":8},{"not_picked":["PiercingWail","Outmaneuver"],"picked":"Envenom","floor":10},{"not_picked":["Dagger Spray","Dodge and Roll"],"picked":"Crippling Poison","floor":14}],"player_experience":856208,"relics_obtained":[{"floor":7,"key":"Bag of Marbles"},{"floor":9,"key":"Ancient Tea Set"},{"floor":10,"key":"Art of War"}],"event_choices":[{"event_name":"World of Goop","player_choice":"Gather Gold","floor":2,"damage_taken":0},{"event_name":"FaceTrader","player_choice":"Trade","floor":11,"damage_taken":0},{"event_name":"Golden Shrine","player_choice":"Pray","floor":13,"damage_taken":0}],"is_beta":true,"boss_relics":[],"items_purged_floors":[],"is_endless":false,"potions_floor_spawned":[1,8,10],"killed_by":"Slime Boss","ascension_level":15}