{"gold_per_floor":[359,372,372,372,49,49,62,95,95,95,95,17,36,71,71,196,196,209,222,45,45,58,58,101,101,101,101,101,101,51,72,72,196,196,215,215,215,20,44,44,78,78,157,157,157],"floor_reached":45,"playtime":1688,"items_purged":["Defend_R","True Grit","Decay"],"score":588,"play_id":"addb2f5b-1fac-4771-87fe-3d6101fe2d1a","local_time":"20190206025925","is_ascension_mode":true,"campfire_choices":[{"data":"True Grit","floor":6,"key":"SMITH"},{"floor":11,"key":"REST"},{"floor":15,"key":"REST"},{"data":"Heavy Blade","floor":23,"key":"SMITH"},{"floor":25,"key":"REST"},{"data":"Demon Form","floor":29,"key":"SMITH"},{"floor":32,"key":"REST"},{"data":"Double Tap","floor":40,"key":"SMITH"},{"data":"Shockwave","floor":42,"key":"SMITH"},{"data":"Bash","floor":44,"key":"SMITH"}],"neow_cost":"PERCENT_DAMAGE","seed_source_timestamp":2203096113327833,"circlet_count":0,"master_deck":["Strike_R+1","Strike_R+1","Strike_R+1","Strike_R+1","Defend_R+1","Defend_R+1","Defend_R+1","Bash+1","True Grit+1","Infernal Blade","Anger","Armaments","Inflame","Feed","Demon Form+1","Heavy Blade+1","Shockwave+1","Impervious","Double Tap+1","Heavy Blade+1","Trip","Cleave","Regret"],"relics":["Burning Blood","Golden Idol","Bottled Flame","Brimstone","Juzu Bracelet","Magic Flower","Matryoshka","Cursed Key","WingedGreaves","Smiling Mask","Mummified Hand","Sozu","Sling","StoneCalendar","Strawberry","Mercury Hourglass"],"potions_floor_usage":[8,14,19,22,22,31,33],"damage_taken":[{"damage":12,"enemies":"Small Slimes","floor":1,"turns":4},{"damage":10,"enemies":"Jaw Worm","floor":2,"turns":5},{"damage":0,"enemies":"Cultist","floor":7,"turns":3},{"damage":26,"enemies":"Lagavulin","floor":8,"turns":4},{"damage":16,"enemies":"Exordium Wildlife","floor":13,"turns":4},{"damage":18,"enemies":"3 Sentries","floor":14,"turns":5},{"damage":45,"enemies":"The Guardian","floor":16,"turns":9},{"damage":11,"enemies":"Shell Parasite","floor":18,"turns":3},{"damage":69,"enemies":"3 Byrds","floor":19,"turns":6},{"damage":6,"enemies":"3 Cultists","floor":22,"turns":3},{"damage":31,"enemies":"Gremlin Leader","floor":24,"turns":4},{"damage":15,"enemies":"Shelled Parasite and Fungi","floor":31,"turns":3},{"damage":43,"enemies":"Collector","floor":33,"turns":7},{"damage":8,"enemies":"3 Darklings","floor":35,"turns":3},{"damage":22,"enemies":"3 Shapes","floor":39,"turns":4},{"damage":16,"enemies":"Nemesis","floor":41,"turns":3},{"damage":83,"enemies":"Reptomancer","floor":45,"turns":2}],"seed_played":"4495015805369783086","potions_obtained":[{"floor":7,"key":"BloodPotion"},{"floor":8,"key":"EssenceOfSteel"},{"floor":13,"key":"Fire Potion"},{"floor":16,"key":"Strength Potion"},{"floor":18,"key":"BloodPotion"},{"floor":22,"key":"Poison Potion"},{"floor":24,"key":"Regen Potion"}],"is_trial":false,"path_per_floor":["M","M","?","T","$","R","M","E","T","?","R","$","M","E","R","B",null,"M","M","$","$","M","R","E","R","T","?","?","R","$","M","R","B",null,"M","?","?","$","M","R","E","R","T","R","E"],"character_chosen":"IRONCLAD","items_purchased":["Brimstone","Anger","Inflame","Shockwave","Sling"],"campfire_rested":4,"item_purchase_floors":[5,5,12,20,38],"current_hp_per_floor":[50,46,26,26,26,26,32,20,20,20,44,44,37,28,52,16,80,78,23,23,23,38,38,16,40,40,40,40,40,40,34,58,48,83,83,78,78,78,70,70,63,63,70,70,0],"gold":157,"neow_bonus":"TWO_FIFTY_GOLD","is_prod":false,"is_daily":false,"chose_seed":false,"campfire_upgraded":6,"win_rate":0,"timestamp":1549382365,"path_taken":["M","M","?","?","$","R","?","E","T","?","R","$","M","E","R","BOSS","M","M","?","$","M","R","E","R","T","?","?","R","?","M","R","BOSS","M","?","?","$","M","R","E","R","T","R","E"],"build_version":"2019-01-23","purchased_purges":3,"victory":false,"max_hp_per_floor":[80,80,80,80,80,80,80,80,80,80,80,80,80,80,80,80,80,80,83,83,83,83,83,83,83,83,83,83,83,83,83,83,83,83,83,83,83,83,86,86,86,86,93,93,93],"card_choices":[{"not_picked":["Ghostly Armor","Havoc"],"picked":"True Grit","floor":1},{"not_picked":["Hemokinesis","Intimidate"],"picked":"Infernal Blade","floor":2},{"not_picked":["Fire Breathing","Pummel"],"picked":"Armaments","floor":7},{"not_picked":["Carnage","Iron Wave","Sword Boomerang"],"picked":"SKIP","floor":8},{"not_picked":["Flex","Clash","Searing Blow"],"picked":"SKIP","floor":13},{"not_picked":["Reckless Charge","Armaments"],"picked":"Feed","floor":14},{"not_picked":["Feed","Berserk"],"picked":"Demon Form","floor":16},{"not_picked":["Wild Strike","Headbutt","Iron Wave+1"],"picked":"SKIP","floor":18},{"not_picked":["Power Through","Clash"],"picked":"Heavy Blade","floor":19},{"not_picked":["Anger","Headbutt","Havoc+1"],"picked":"SKIP","floor":22},{"not_picked":["Body Slam","Seeing Red","Havoc"],"picked":"SKIP","floor":24},{"not_picked":["Fire Breathing","Flex"],"picked":"Impervious","floor":31},{"not_picked":["Brutality","Fiend Fire"],"picked":"Double Tap","floor":33},{"not_picked":["Anger+1","True Grit"],"picked":"Heavy Blade+1","floor":35},{"not_picked":["Good Instincts","Forethought"],"picked":"Trip","floor":36},{"not_picked":["Warcry","Headbutt+1"],"picked":"Cleave","floor":39},{"not_picked":["Armaments","Feel No Pain","Thunderclap+1"],"picked":"SKIP","floor":41}],"player_experience":272559,"relics_obtained":[{"floor":4,"key":"Bottled Flame"},{"floor":8,"key":"Juzu Bracelet"},{"floor":9,"key":"Magic Flower"},{"floor":14,"key":"Matryoshka"},{"floor":24,"key":"WingedGreaves"},{"floor":26,"key":"Smiling Mask"},{"floor":26,"key":"Mummified Hand"},{"floor":41,"key":"StoneCalendar"},{"floor":43,"key":"Strawberry"},{"floor":43,"key":"Mercury Hourglass"}],"event_choices":[{"damage_healed":0,"gold_gain":0,"player_choice":"Take Damage","damage_taken":20,"relics_obtained":["Golden Idol"],"max_hp_gain":0,"max_hp_loss":0,"event_name":"Golden Idol","floor":3,"gold_loss":0},{"damage_healed":0,"gold_gain":0,"cards_transformed":["Strike_R"],"player_choice":"Transformed","damage_taken":0,"max_hp_gain":0,"max_hp_loss":0,"event_name":"Transmorgrifier","floor":10,"gold_loss":0,"cards_obtained":["True Grit"]},{"damage_healed":0,"gold_gain":0,"player_choice":"Simplicity","damage_taken":0,"max_hp_gain":0,"max_hp_loss":0,"event_name":"Back to Basics","floor":27,"gold_loss":0,"cards_upgraded":["Strike_R","Strike_R","Strike_R","Strike_R","Defend_R","Defend_R","Defend_R"]},{"damage_healed":0,"gold_gain":0,"player_choice":"Ignored","damage_taken":0,"max_hp_gain":0,"max_hp_loss":0,"event_name":"The Mausoleum","floor":28,"gold_loss":0},{"damage_healed":0,"gold_gain":0,"player_choice":"Memory 2","damage_taken":5,"max_hp_gain":0,"max_hp_loss":0,"event_name":"SensoryStone","floor":36,"gold_loss":0},{"damage_healed":0,"gold_gain":0,"player_choice":"Ignored","damage_taken":0,"max_hp_gain":0,"max_hp_loss":0,"event_name":"Tomb of Lord Red Mask","floor":37,"gold_loss":0}],"is_beta":false,"boss_relics":[{"not_picked":["Empty Cage","Eternal Feather"],"picked":"Cursed Key"},{"not_picked":["Runic Cube","Lizard Tail"],"picked":"Sozu"}],"items_purged_floors":[5,20,30],"is_endless":false,"potions_floor_spawned":[7,8,13,16,18,22,24,35],"killed_by":"Reptomancer","ascension_level":4}