{"gold_per_floor":[114,129,159,234,249,279,49,49,49,0,30,30,45,60,60,160,160,175,190,8,53,53,83,83,83,133,148,163,1,16,46,46,146,146,161,161,176,176,191,221,236,266,291,321,336,29,29,29,29,29],"floor_reached":51,"playtime":1765,"items_purged":[],"score":1064,"play_id":"99a40a5e-dc99-4bee-b324-b97bbc35100b","local_time":"20180912084234","daily_mods":["Allstar","Time Dilation","Vintage"],"is_ascension_mode":false,"campfire_choices":[{"data":"Mind Blast","floor":8,"key":"SMITH"},{"floor":12,"key":"REST"},{"floor":15,"key":"REST"},{"data":"Cloak And Dagger","floor":32,"key":"SMITH"},{"data":"Mind Blast","floor":49,"key":"SMITH"}],"neow_cost":"","seed_source_timestamp":0,"circlet_count":0,"master_deck":["Defend_G+1","Defend_G+1","Defend_G+1","Defend_G+1","Defend_G+1","Strike_G+1","Strike_G+1","Strike_G+1","Strike_G+1","Strike_G+1","Survivor","Neutralize","Violence","Swift Strike","Master of Strategy","Finesse","Magnetism","Dagger Throw","Mind Blast+1","Cloak And Dagger+1","Quick Slash","Noxious Fumes","Flying Knee","Cloak And Dagger","Glass Knife","Accuracy","Sucker Punch","Quick Slash","Backstab","Slice+1","Riddle With Holes","Slice","Quick Slash","Adrenaline","Backstab","Backstab+1","Doubt","Dramatic Entrance","Mind Blast+1","Glass Knife","Blur","Flash of Steel","Doubt"],"special_seed":17786,"relics":["Ring of the Snake","Bag of Preparation","Boot","Oddly Smooth Stone","Vajra","Kunai","Shuriken","The Courier","Bronze Scales","Ginger","Orichalcum","Lizard Tail","Lantern","PreservedInsect","Tiny Chest","Sundial","Smiling Mask","MutagenicStrength","Anchor","Pen Nib","Singing Bowl","Centennial Puzzle","WingedGreaves","Bottled Flame","Cursed Key","Snake Skull","Ornamental Fan","Bird Faced Urn","Mercury Hourglass","FossilizedHelix","Blood Vial","Juzu Bracelet","Happy Flower","Regal Pillow","Strawberry","Potion Belt"],"potions_floor_usage":[6,16,33,38],"damage_taken":[{"damage":0,"enemies":"Jaw Worm","floor":1,"turns":4},{"damage":0,"enemies":"Small Slimes","floor":2,"turns":3},{"damage":0,"enemies":"Cultist","floor":3,"turns":3},{"damage":1,"enemies":"Red Slaver","floor":5,"turns":4},{"damage":9,"enemies":"3 Sentries","floor":6,"turns":8},{"damage":14,"enemies":"Gremlin Nob","floor":11,"turns":3},{"damage":0,"enemies":"Large Slime","floor":13,"turns":3},{"damage":0,"enemies":"3 Louse","floor":14,"turns":1},{"damage":4,"enemies":"The Guardian","floor":16,"turns":8},{"damage":0,"enemies":"Chosen","floor":18,"turns":3},{"damage":0,"enemies":"Spheric Guardian","floor":19,"turns":2},{"damage":0,"enemies":"Chosen and Byrds","floor":21,"turns":3},{"damage":0,"enemies":"Gremlin Leader","floor":23,"turns":2},{"damage":0,"enemies":"Cultist and Chosen","floor":27,"turns":2},{"damage":0,"enemies":"Sentry and Sphere","floor":28,"turns":2},{"damage":0,"enemies":"Snecko","floor":30,"turns":2},{"damage":0,"enemies":"Book of Stabbing","floor":31,"turns":1},{"damage":0,"enemies":"Collector","floor":33,"turns":4},{"damage":0,"enemies":"Orb Walker","floor":35,"turns":1},{"damage":0,"enemies":"3 Shapes","floor":37,"turns":1},{"damage":0,"enemies":"Mind Bloom Boss Battle","floor":38,"turns":2},{"damage":0,"enemies":"3 Darklings","floor":39,"turns":1},{"damage":0,"enemies":"2 Orb Walkers","floor":40,"turns":1},{"damage":0,"enemies":"Spire Growth","floor":41,"turns":1},{"damage":0,"enemies":"Giant Head","floor":42,"turns":4},{"damage":0,"enemies":"Nemesis","floor":44,"turns":1},{"damage":0,"enemies":"Sphere and 2 Shapes","floor":45,"turns":1},{"damage":19,"enemies":"Awakened One","floor":50,"turns":5}],"seed_played":"104536176025665139","potions_obtained":[{"floor":5,"key":"LiquidBronze"},{"floor":6,"key":"SteroidPotion"},{"floor":11,"key":"PowerPotion"},{"floor":14,"key":"SteroidPotion"},{"floor":18,"key":"Weak Potion"},{"floor":27,"key":"GhostInAJar"},{"floor":33,"key":"Regen Potion"},{"floor":38,"key":"Fruit Juice"},{"floor":39,"key":"Ancient Potion"},{"floor":40,"key":"Explosive Potion"}],"is_trial":false,"path_per_floor":["M","M","M","?","M","E","$","R","T","$","E","R","M","M","R","B",null,"M","M","$","M","T","E","?","?","T","M","M","$","M","E","R","B",null,"M","?","M","?","M","E","M","E","T","E","M","$","?","T","R","B"],"character_chosen":"THE_SILENT","items_purchased":["Mind Blast","Cloak And Dagger","Quick Slash","Noxious Fumes","Flying Knee","Accuracy","Sucker Punch","Quick Slash","Backstab","Caltrops","Riddle With Holes","Slice","Quick Slash","Dramatic Entrance","Mind Blast","Glass Knife","Blur"],"campfire_rested":2,"item_purchase_floors":[7,7,7,7,10,20,20,20,20,29,29,29,29,46,46,46,46],"current_hp_per_floor":[70,70,70,59,58,49,49,49,49,49,35,56,56,56,70,66,70,70,70,70,70,70,70,70,70,70,70,70,70,70,72,72,72,72,72,72,72,77,77,79,79,79,79,81,88,88,82,82,82,67],"gold":29,"neow_bonus":"","is_prod":false,"is_daily":true,"chose_seed":false,"campfire_upgraded":3,"win_rate":0,"timestamp":1536734554,"path_taken":["M","M","M","?","M","E","$","R","T","?","E","R","?","M","R","BOSS","M","M","$","M","?","E","?","?","T","M","M","$","M","E","R","BOSS","M","?","?","?","M","E","M","E","T","E","M","?","?","?","R","BOSS"],"build_version":"2018-09-10","purchased_purges":0,"victory":true,"max_hp_per_floor":[70,70,70,70,70,70,70,70,70,70,70,70,70,70,70,70,70,70,70,70,70,70,70,70,70,70,70,70,70,70,72,72,72,72,72,72,72,77,77,79,79,79,79,81,88,88,92,92,92,92],"card_choices":[{"not_picked":["Deadly Poison","Riddle With Holes"],"picked":"Dagger Throw","floor":6},{"not_picked":["Acrobatics","Quick Slash"],"picked":"Cloak And Dagger","floor":11},{"not_picked":["After Image","Grand Finale"],"picked":"Glass Knife","floor":16},{"not_picked":["Dagger Throw","Sucker Punch"],"picked":"Slice+1","floor":23},{"not_picked":["Acrobatics","Bane","Backflip"],"picked":"Singing Bowl","floor":31},{"not_picked":["Burst","Venomology"],"picked":"Adrenaline","floor":33},{"not_picked":["Setup","Dodge and Roll"],"picked":"Backstab","floor":38},{"not_picked":["Flying Knee","Expertise+1","Well Laid Plans"],"picked":"Singing Bowl","floor":40},{"not_picked":["Prepared+1","Underhanded Strike"],"picked":"Backstab+1","floor":42},{"not_picked":["Backflip","Tactician+1","Noxious Fumes"],"picked":"Singing Bowl","floor":44},{"not_picked":["PanicButton","Bandage Up","Trip"],"picked":"Singing Bowl","floor":47},{"not_picked":["PanicButton","Sadistic Nature"],"picked":"Flash of Steel","floor":47},{"not_picked":["Sadistic Nature","Transmutation","Trip"],"picked":"Singing Bowl","floor":47}],"player_experience":123426,"relics_obtained":[{"floor":1,"key":"Bag of Preparation"},{"floor":2,"key":"Boot"},{"floor":3,"key":"Oddly Smooth Stone"},{"floor":5,"key":"Vajra"},{"floor":6,"key":"Kunai"},{"floor":9,"key":"Shuriken"},{"floor":11,"key":"The Courier"},{"floor":13,"key":"Bronze Scales"},{"floor":14,"key":"Ginger"},{"floor":16,"key":"Orichalcum"},{"floor":18,"key":"Lantern"},{"floor":19,"key":"PreservedInsect"},{"floor":21,"key":"Tiny Chest"},{"floor":22,"key":"Sundial"},{"floor":23,"key":"Smiling Mask"},{"floor":26,"key":"Anchor"},{"floor":27,"key":"Pen Nib"},{"floor":28,"key":"Singing Bowl"},{"floor":30,"key":"Centennial Puzzle"},{"floor":31,"key":"WingedGreaves"},{"floor":33,"key":"Bottled Flame"},{"floor":35,"key":"Snake Skull"},{"floor":37,"key":"Ornamental Fan"},{"floor":38,"key":"Bird Faced Urn"},{"floor":39,"key":"Mercury Hourglass"},{"floor":40,"key":"FossilizedHelix"},{"floor":41,"key":"Blood Vial"},{"floor":42,"key":"Juzu Bracelet"},{"floor":43,"key":"Happy Flower"},{"floor":44,"key":"Regal Pillow"},{"floor":45,"key":"Strawberry"},{"floor":48,"key":"Potion Belt"}],"event_choices":[{"event_name":"World of Goop","player_choice":"Gather Gold","floor":4,"damage_taken":0},{"event_name":"Back to Basics","player_choice":"Simplicity","floor":24,"damage_taken":0},{"event_name":"Drug Dealer","player_choice":"Inject Mutagens","floor":25,"damage_taken":0},{"event_name":"Falling","player_choice":"Removed Power","floor":36,"damage_taken":0},{"event_name":"MindBloom","player_choice":"Fight","floor":38,"damage_taken":0},{"event_name":"SensoryStone","player_choice":"Memory 3","floor":47,"damage_taken":0}],"is_beta":true,"boss_relics":[{"not_picked":["Runic Dome","Snecko Eye"],"picked":"Lizard Tail"},{"not_picked":["Tiny House","Runic Pyramid"],"picked":"Cursed Key"}],"items_purged_floors":[],"is_endless":false,"potions_floor_spawned":[5,6,11,14,18,27,30,31,33,37,38,39,40],"ascension_level":0}