{"gold_per_floor":[117,292,367,387,55,86,86,101,148,179,202,202],"floor_reached":12,"playtime":585,"items_purged":["Doubt"],"score":90,"play_id":"39b34c5d-9766-4229-a020-ecb5b3c1b2dc","local_time":"20180703103142","is_ascension_mode":true,"campfire_choices":[{"data":"Magnetism","floor":7,"key":"SMITH"}],"neow_cost":"TEN_PERCENT_HP_LOSS","seed_source_timestamp":531412753536917,"circlet_count":0,"master_deck":["Strike_B","Strike_B","Strike_B","Strike_B","Defend_B","Defend_B","Defend_B","Defend_B","Zap","Dualcast","Magnetism+1","Loop","Ball Lightning","Redo","Amplify"],"relics":["Cracked Core","Thread and Needle","Blood Vial","Dream Catcher","Du-Vu Doll","Lantern"],"potions_floor_usage":[10,10],"damage_taken":[{"damage":0,"enemies":"2 Louse","floor":1,"turns":2},{"damage":1,"enemies":"Cultist","floor":4,"turns":3},{"damage":21,"enemies":"Lagavulin","floor":6,"turns":8},{"damage":3,"enemies":"Small Slimes","floor":8,"turns":2},{"damage":29,"enemies":"Gremlin Nob","floor":10,"turns":3},{"damage":0,"enemies":"Red Slaver","floor":12,"turns":1}],"seed_played":"2956221237897944104","potions_obtained":[{"floor":1,"key":"LiquidBronze"},{"floor":4,"key":"Poison Potion"}],"is_trial":false,"path_per_floor":["M","?","?","M","$","E","R","M","T","E","T"],"character_chosen":"DEFECT","items_purchased":["Magnetism","Loop"],"campfire_rested":0,"item_purchase_floors":[5,5],"current_hp_per_floor":[68,68,57,56,56,35,35,34,34,7,7,9],"gold":202,"neow_bonus":"ONE_RARE_RELIC","is_prod":false,"is_daily":false,"chose_seed":false,"campfire_upgraded":1,"win_rate":0,"timestamp":1530577902,"path_taken":["M","?","?","M","$","E","R","?","T","E","?","M"],"build_version":"2018-06-28","purchased_purges":1,"victory":false,"max_hp_per_floor":[68,68,68,68,68,68,68,68,68,68,68,68],"card_choices":[{"not_picked":["Fusion","Auto Shields","Gash"],"picked":"SKIP","floor":1},{"not_picked":["Reinforced Body","Turbo","Stack"],"picked":"SKIP","floor":4},{"not_picked":["Heatsinks","Hello World"],"picked":"Ball Lightning","floor":6},{"not_picked":["Hologram","Genetic Algorithm"],"picked":"Redo","floor":8},{"not_picked":["Turbo","Melter"],"picked":"Amplify","floor":10}],"player_experience":437474,"relics_obtained":[{"floor":6,"key":"Blood Vial"},{"floor":9,"key":"Dream Catcher"},{"floor":10,"key":"Du-Vu Doll"},{"floor":11,"key":"Lantern"}],"event_choices":[{"event_name":"Liars Game","player_choice":"agreed","floor":2,"damage_taken":0},{"event_name":"World of Goop","player_choice":"Gather Gold","floor":3,"damage_taken":0}],"boss_relics":[],"items_purged_floors":[5],"is_endless":false,"potions_floor_spawned":[1,4],"killed_by":"Red Slaver","ascension_level":1}