{"gold_per_floor":[218,238,192,206,206,206,225,225,279,295,295,115,115,126,126,227,227,246,246,258,268,286,286,319,319,343,371,384,394,394,412,412,509,509,521,344,344,344,389,389,389,389,438,438],"floor_reached":44,"playtime":10932,"items_purged":["Strike_R"],"score":701,"play_id":"fc4db7af-41b4-4263-9ec3-89c7694e7bde","local_time":"20180926134259","is_ascension_mode":true,"campfire_choices":[{"data":"True Grit","floor":6.0,"key":"SMITH"},{"data":"Flame Barrier","floor":8.0,"key":"SMITH"},{"data":"Havoc","floor":11.0,"key":"SMITH"},{"data":"Apotheosis","floor":13.0,"key":"SMITH"},{"data":"Metallicize","floor":15.0,"key":"SMITH"},{"data":"Battle Trance","floor":23.0,"key":"SMITH"},{"floor":25.0,"key":"REST"},{"data":"Inflame","floor":30.0,"key":"SMITH"},{"floor":32.0,"key":"REST"},{"floor":40,"key":"REST"},{"data":"Flame Barrier","floor":42,"key":"SMITH"}],"neow_cost":"NONE","seed_source_timestamp":0,"circlet_count":0,"master_deck":["Strike_R","Strike_R","Strike_R","Strike_R","Defend_R","Defend_R","Defend_R","Defend_R","Bash+1","AscendersBane","Metallicize+1","Iron Wave","True Grit+1","Flame Barrier+1","Havoc+1","Apotheosis+1","Whirlwind","Reaper","Battle Trance+1","Inflame+1","Immolate","Pommel Strike","Madness","Madness","Flame Barrier+1"],"special_seed":0,"relics":["Burning Blood","Bag of Preparation","Busted Crown","Centennial Puzzle","Oddly Smooth Stone","Mango","Black Star","Torii","Ice Cream","Smiling Mask"],"potions_floor_usage":[33,33],"damage_taken":[{"damage":13.0,"enemies":"Jaw Worm","floor":1.0,"turns":4.0},{"damage":0.0,"enemies":"Small Slimes","floor":2.0,"turns":2.0},{"damage":2.0,"enemies":"Cultist","floor":4.0,"turns":4.0},{"damage":23.0,"enemies":"Gremlin Gang","floor":7.0,"turns":9.0},{"damage":10.0,"enemies":"2 Fungi Beasts","floor":10.0,"turns":5.0},{"damage":3.0,"enemies":"Large Slime","floor":14.0,"turns":6.0},{"damage":36.0,"enemies":"Slime Boss","floor":16.0,"turns":14.0},{"damage":5.0,"enemies":"3 Byrds","floor":18.0,"turns":6.0},{"damage":7.0,"enemies":"Spheric Guardian","floor":20.0,"turns":6.0},{"damage":36.0,"enemies":"3 Cultists","floor":21.0,"turns":7.0},{"damage":14.0,"enemies":"Centurion and Healer","floor":22.0,"turns":8.0},{"damage":63.0,"enemies":"Slavers","floor":24.0,"turns":7.0},{"damage":32.0,"enemies":"Book of Stabbing","floor":27.0,"turns":5.0},{"damage":6.0,"enemies":"Snecko","floor":28.0,"turns":5.0},{"damage":4.0,"enemies":"Snake Plant","floor":29.0,"turns":4.0},{"damage":4.0,"enemies":"Centurion and Healer","floor":31.0,"turns":8.0},{"damage":93,"enemies":"Automaton","floor":33,"turns":15},{"damage":18,"enemies":"3 Shapes","floor":35,"turns":7},{"damage":0,"enemies":"Mind Bloom Boss Battle","floor":37,"turns":8},{"damage":29,"enemies":"Mysterious Sphere","floor":39,"turns":5},{"damage":97,"enemies":"Giant Head","floor":44,"turns":9}],"seed_played":"8620113212248278964","potions_obtained":[{"floor":1.0,"key":"Explosive Potion"},{"floor":14.0,"key":"Energy Potion"},{"floor":16.0,"key":"Weak Potion"},{"floor":24.0,"key":"Poison Potion"},{"floor":27.0,"key":"Swift Potion"},{"floor":28.0,"key":"Dexterity Potion"},{"floor":29.0,"key":"SpeedPotion"},{"floor":37,"key":"SteroidPotion"}],"is_trial":false,"path_per_floor":["M","M","$","M","?","R","M","R","T","M","R","$","R","M","R","B",null,"M","$","M","M","M","R","E","R","T","E","M","M","R","M","R","B",null,"M","$","?","?","?","R","$","R","T"],"character_chosen":"IRONCLAD","items_purchased":["True Grit","Apotheosis","Dexterity Potion","Pommel Strike"],"campfire_rested":3,"item_purchase_floors":[3,12,36,36],"current_hp_per_floor":[65,71,71,75,75,75,58,58,58,54,54,54,54,57,57,27,67,74,74,73,57,59,59,17,41,41,34,42,50,50,67,94,21,76,69,69,87,75,52,80,80,80,80,0],"gold":438,"neow_bonus":"HUNDRED_GOLD","is_prod":false,"is_daily":false,"chose_seed":false,"campfire_upgraded":8,"win_rate":0,"timestamp":1537994579,"path_taken":["M","M","$","M","?","R","M","R","T","?","R","$","R","M","R","BOSS","M","$","M","?","M","R","E","R","T","E","M","M","R","M","R","BOSS","M","$","?","?","?","R","$","R","T","E"],"build_version":"2018-09-20","purchased_purges":1,"victory":false,"max_hp_per_floor":[80,80,80,80,80,80,80,80,80,80,80,80,80,80,80,80,80,80,80,80,80,80,80,80,80,80,94,94,94,94,94,94,94,94,94,94,94,94,94,94,94,94,94,94],"card_choices":[{"not_picked":["Rampage","Iron Wave"],"picked":"Metallicize","floor":1.0},{"not_picked":["Thunderclap","Headbutt"],"picked":"Iron Wave","floor":2.0},{"not_picked":["Flex","Body Slam","Heavy Blade"],"picked":"SKIP","floor":4.0},{"not_picked":["Armaments","Rampage"],"picked":"Flame Barrier","floor":7.0},{"not_picked":["Twin Strike","Thunderclap"],"picked":"Havoc","floor":10.0},{"not_picked":["Carnage","Armaments"],"picked":"Whirlwind","floor":14.0},{"not_picked":["Immolate","Fiend Fire"],"picked":"Reaper","floor":16.0},{"not_picked":["Armaments"],"picked":"SKIP","floor":18.0},{"not_picked":["Fire Breathing"],"picked":"SKIP","floor":20.0},{"not_picked":[],"picked":"Battle Trance","floor":21.0},{"not_picked":["Sever Soul"],"picked":"SKIP","floor":22.0},{"not_picked":["Berserk"],"picked":"SKIP","floor":24.0},{"not_picked":[],"picked":"Inflame","floor":27.0},{"not_picked":["Twin Strike"],"picked":"SKIP","floor":28.0},{"not_picked":["Perfected Strike"],"picked":"SKIP","floor":29.0},{"not_picked":["Rage+1"],"picked":"SKIP","floor":31.0},{"not_picked":[],"picked":"Immolate","floor":33},{"not_picked":["Battle Trance"],"picked":"SKIP","floor":35},{"not_picked":[],"picked":"Flame Barrier","floor":39}],"player_experience":1084595,"relics_obtained":[{"floor":9.0,"key":"Bag of Preparation"},{"floor":24.0,"key":"Centennial Puzzle"},{"floor":26.0,"key":"Oddly Smooth Stone"},{"floor":27.0,"key":"Mango"},{"floor":37,"key":"Torii"},{"floor":39,"key":"Ice Cream"},{"floor":43,"key":"Smiling Mask"}],"event_choices":[{"event_name":"Living Wall","player_choice":"Grow","floor":5.0,"damage_taken":0.0},{"event_name":"MindBloom","player_choice":"Fight","floor":37,"damage_taken":0},{"event_name":"Winding Halls","player_choice":"Embrace Madness","floor":38,"damage_taken":0},{"event_name":"Mysterious Sphere","player_choice":"Fight","floor":39,"damage_taken":0}],"is_beta":false,"boss_relics":[{"not_picked":["Orrery","Lizard Tail"],"picked":"Busted Crown"},{"not_picked":["Philosopher\u0027s Stone","Runic Dome"],"picked":"Black Star"}],"items_purged_floors":[36],"is_endless":false,"potions_floor_spawned":[1,14,16,24,27,28,29,37],"killed_by":"Giant Head","ascension_level":12}