{"gold_per_floor":[113,188,205,205,220,249,249,274,274,286,339,351,351,385,385,489,489,501,501,138,152,166,166,180,180,180,180,192,204,204,129,129,225,225,241,241,241,256,271,271,371,371,398,418,418],"floor_reached":45,"playtime":2051,"items_purged":["Strike_R"],"score":691,"play_id":"51d71595-6d87-4654-ac86-a1ccf766147e","local_time":"20181216155116","is_ascension_mode":true,"campfire_choices":[{"floor":7,"key":"REST"},{"floor":13,"key":"REST"},{"data":"Wild Strike","floor":15,"key":"SMITH"},{"floor":23,"key":"REST"},{"floor":27,"key":"REST"},{"data":"Demon Form","floor":32,"key":"SMITH"},{"data":"Bludgeon","floor":40,"key":"SMITH"},{"data":"Immolate","floor":42,"key":"SMITH"}],"neow_cost":"NONE","seed_source_timestamp":0,"circlet_count":0,"master_deck":["Strike_R","Strike_R+1","Strike_R","Strike_R","Defend_R","Defend_R","Defend_R","Bash","Twin Strike","Infernal Blade","Wild Strike+1","Uppercut+1","Bludgeon+1","Heavy Blade","Immolate+1","Brutality","Carnage+1","Flex","Evolve","Intimidate","Carnage","Heavy Blade","Demon Form+1","Perfected Strike","Iron Wave","Ghostly","Ghostly","Ghostly","Ghostly","Berserk","Carnage","Clothesline+1","Secret Weapon","The Bomb","Magnetism","Headbutt+1","Clothesline+1","Pommel Strike+1","Clothesline+1","Searing Blow+1"],"special_seed":0,"relics":["Burning Blood","Strawberry","Whetstone","Ancient Tea Set","Pantograph","Gremlin Horn","Eternal Feather","Tiny Chest","Orichalcum","Prayer Wheel","Snecko Eye","Regal Pillow"],"potions_floor_usage":[16,28,28,33,44,44],"damage_taken":[{"damage":2,"enemies":"2 Louse","floor":1,"turns":3},{"damage":7,"enemies":"Jaw Worm","floor":3,"turns":3},{"damage":1,"enemies":"Cultist","floor":5,"turns":3},{"damage":40,"enemies":"Lagavulin","floor":6,"turns":6},{"damage":9,"enemies":"Blue Slaver","floor":10,"turns":2},{"damage":13,"enemies":"3 Louse","floor":12,"turns":4},{"damage":30,"enemies":"3 Sentries","floor":14,"turns":8},{"damage":0,"enemies":"Slime Boss","floor":16,"turns":5},{"damage":33,"enemies":"Shell Parasite","floor":18,"turns":6},{"damage":20,"enemies":"3 Byrds","floor":21,"turns":5},{"damage":38,"enemies":"Snake Plant","floor":22,"turns":3},{"damage":28,"enemies":"3 Cultists","floor":24,"turns":4},{"damage":29,"enemies":"Colosseum Slavers","floor":25,"turns":3},{"damage":18,"enemies":"Shelled Parasite and Fungi","floor":28,"turns":4},{"damage":13,"enemies":"Snecko","floor":29,"turns":4},{"damage":41,"enemies":"Collector","floor":33,"turns":11},{"damage":5,"enemies":"3 Shapes","floor":35,"turns":4},{"damage":6,"enemies":"Orb Walker","floor":38,"turns":2},{"damage":7,"enemies":"Spire Growth","floor":39,"turns":4},{"damage":44,"enemies":"Transient","floor":44,"turns":5},{"damage":17,"enemies":"Writhing Mass","floor":45,"turns":3}],"seed_played":"6682147239125211130","potions_obtained":[{"floor":5,"key":"Ancient Potion"},{"floor":6,"key":"Dexterity Potion"},{"floor":10,"key":"Poison Potion"},{"floor":14,"key":"Energy Potion"},{"floor":22,"key":"Block Potion"},{"floor":28,"key":"Regen Potion"},{"floor":29,"key":"BloodPotion"}],"is_trial":false,"path_per_floor":["M","?","M","?","M","E","R","T","T","M","?","M","R","E","R","B",null,"M","?","$","M","M","R","M","?","T","R","M","M","?","?","R","B",null,"M","?","?","M","M","R","?","R","T","M","M"],"character_chosen":"IRONCLAD","items_purchased":["Tiny Chest","Orichalcum","Flex"],"campfire_rested":4,"item_purchase_floors":[20,20,20],"current_hp_per_floor":[84,73,72,46,51,17,45,45,45,42,42,35,63,39,39,70,89,62,62,62,48,16,56,34,11,11,51,39,32,32,32,47,26,42,43,33,33,33,32,47,47,47,47,13,0],"gold":418,"neow_bonus":"TEN_PERCENT_HP_BONUS","is_prod":false,"is_daily":false,"chose_seed":false,"campfire_upgraded":4,"win_rate":0,"timestamp":1544997076,"path_taken":["M","?","M","?","M","E","R","?","T","M","?","M","R","E","R","BOSS","M","?","$","M","?","R","M","?","T","R","M","M","?","?","R","BOSS","M","?","?","M","M","R","?","R","T","?","M"],"build_version":"2018-12-13","purchased_purges":1,"victory":false,"max_hp_per_floor":[88,88,88,95,95,95,95,95,95,95,95,95,95,95,95,95,95,95,95,95,95,95,95,95,95,95,95,95,95,47,47,47,47,47,47,47,47,47,47,47,47,47,47,47,47],"card_choices":[{"not_picked":["Pommel Strike","Thunderclap"],"picked":"Twin Strike","floor":1},{"not_picked":["Power Through","Clothesline"],"picked":"Infernal Blade","floor":3},{"not_picked":["Second Wind","Dual Wield"],"picked":"Wild Strike","floor":5},{"not_picked":["Thunderclap","Metallicize"],"picked":"Uppercut","floor":6},{"not_picked":["True Grit","Thunderclap"],"picked":"Bludgeon","floor":10},{"not_picked":["Twin Strike","Clothesline"],"picked":"Heavy Blade","floor":12},{"not_picked":["Anger","Armaments"],"picked":"Immolate","floor":14},{"not_picked":["Immolate","Bludgeon"],"picked":"Brutality","floor":16},{"not_picked":["Armaments","Twin Strike"],"picked":"Carnage+1","floor":18},{"not_picked":["Havoc","Anger"],"picked":"Evolve","floor":21},{"not_picked":["Armaments","Shrug It Off"],"picked":"Intimidate","floor":22},{"not_picked":["Pummel","Body Slam+1"],"picked":"Carnage","floor":24},{"not_picked":["Body Slam","Clothesline"],"picked":"Heavy Blade","floor":28},{"not_picked":["Second Wind+1","Ghostly Armor"],"picked":"Demon Form","floor":28},{"not_picked":["Anger","Wild Strike"],"picked":"Perfected Strike","floor":29},{"not_picked":["Clash","Sword Boomerang"],"picked":"Iron Wave","floor":29},{"not_picked":["Impervious","Bludgeon"],"picked":"Berserk","floor":33},{"not_picked":["Anger","Iron Wave"],"picked":"Carnage","floor":35},{"not_picked":["Rage","Armaments"],"picked":"Clothesline+1","floor":35},{"not_picked":["Swift Strike","Jack Of All Trades"],"picked":"Secret Weapon","floor":36},{"not_picked":["Sadistic Nature","Dark Shackles"],"picked":"The Bomb","floor":36},{"not_picked":["Dark Shackles","PanicButton"],"picked":"Magnetism","floor":36},{"not_picked":["Cleave+1","True Grit+1"],"picked":"Headbutt+1","floor":38},{"not_picked":["Rampage+1","Headbutt+1"],"picked":"Clothesline+1","floor":38},{"not_picked":["Armaments","Entrench+1"],"picked":"Pommel Strike+1","floor":39},{"not_picked":["Cleave","Headbutt"],"picked":"Clothesline+1","floor":39},{"not_picked":["Pommel Strike","Anger"],"picked":"Searing Blow+1","floor":44},{"not_picked":["Cleave+1","Anger+1","Fire Breathing+1"],"picked":"SKIP","floor":44}],"player_experience":302664,"relics_obtained":[{"floor":6,"key":"Whetstone"},{"floor":8,"key":"Ancient Tea Set"},{"floor":9,"key":"Pantograph"},{"floor":14,"key":"Gremlin Horn"},{"floor":26,"key":"Prayer Wheel"},{"floor":43,"key":"Regal Pillow"}],"event_choices":[{"damage_healed":0,"gold_gain":75,"player_choice":"Gather Gold","damage_taken":11,"max_hp_gain":0,"max_hp_loss":0,"event_name":"World of Goop","floor":2,"gold_loss":0},{"damage_healed":0,"gold_gain":0,"player_choice":"Success","damage_taken":33,"relics_obtained":["Strawberry"],"max_hp_gain":0,"max_hp_loss":0,"event_name":"Scrap Ooze","floor":4,"gold_loss":0},{"damage_healed":0,"gold_gain":53,"player_choice":"Gained Gold","damage_taken":0,"max_hp_gain":0,"max_hp_loss":0,"event_name":"Golden Wing","floor":11,"gold_loss":0},{"damage_healed":0,"gold_gain":0,"player_choice":"Bought 0 Potions","damage_taken":0,"max_hp_gain":0,"max_hp_loss":0,"event_name":"The Woman in Blue","floor":19,"gold_loss":0},{"damage_healed":0,"gold_gain":0,"player_choice":"Fight","damage_taken":0,"max_hp_gain":0,"max_hp_loss":0,"event_name":"Colosseum","floor":25,"gold_loss":0},{"damage_healed":0,"gold_gain":0,"player_choice":"Fled From Nobs","damage_taken":0,"max_hp_gain":0,"max_hp_loss":0,"event_name":"Colosseum","floor":25,"gold_loss":0},{"damage_healed":0,"gold_gain":0,"player_choice":"Became a Ghost","damage_taken":0,"max_hp_gain":0,"max_hp_loss":48,"event_name":"Ghosts","floor":30,"gold_loss":0,"cards_obtained":["Ghostly","Ghostly","Ghostly","Ghostly","Ghostly"]},{"cards_removed":["Defend_R"],"damage_healed":0,"gold_gain":0,"player_choice":"Gave Gold","damage_taken":0,"max_hp_gain":0,"max_hp_loss":0,"event_name":"Beggar","floor":31,"gold_loss":75},{"damage_healed":0,"gold_gain":0,"player_choice":"Memory 3","damage_taken":10,"max_hp_gain":0,"max_hp_loss":0,"event_name":"SensoryStone","floor":36,"gold_loss":0},{"cards_removed":["Ghostly"],"damage_healed":0,"gold_gain":0,"player_choice":"Removed Skill","damage_taken":0,"max_hp_gain":0,"max_hp_loss":0,"event_name":"Falling","floor":37,"gold_loss":0},{"damage_healed":0,"gold_gain":100,"player_choice":"Pray","damage_taken":0,"max_hp_gain":0,"max_hp_loss":0,"event_name":"Golden Shrine","floor":41,"gold_loss":0}],"is_beta":false,"boss_relics":[{"not_picked":["Ectoplasm","Calling Bell"],"picked":"Eternal Feather"},{"not_picked":["Black Blood","Tiny House"],"picked":"Snecko Eye"}],"items_purged_floors":[20],"is_endless":false,"potions_floor_spawned":[5,6,10,14,22,28,29],"killed_by":"Writhing Mass","ascension_level":7}