{"path_per_floor":["M","?","M","M","$","E","M","E","T","R","M","?","E","?","R","B",null,"M","$","?","?","M","E","R","E","T","R","E","M","R","M","R","B",null,"M","M","$","M","M","R","E","R","T","E","?","M","?","?","R"],"character_chosen":"THE_SILENT","items_purchased":["Cloak And Dagger","Infinite Blades","Footwork","Apotheosis","Vajra","Underhanded Strike","Footwork"],"gold_per_floor":[117,117,133,152,52,88,109,153,153,153,172,172,206,206,206,329,329,344,23,23,23,36,75,75,108,132,132,166,186,186,206,206,332,332,356,370,94,119,133,133,469,469,469,510,510,528,528,528,528,528],"floor_reached":50,"campfire_rested":5,"playtime":5189,"current_hp_per_floor":[73,54,51,49,49,38,38,15,15,38,33,26,11,11,34,26,64,58,58,42,42,38,34,57,50,50,50,42,30,30,37,60,49,70,38,42,42,41,24,47,47,47,47,34,67,65,65,57,57,0],"items_purged":["Defend_G"],"gold":528,"score":804,"play_id":"db342f43-4b32-48fb-8c90-8966a0881282","local_time":"20180415223651","is_prod":false,"is_daily":false,"chose_seed":false,"is_ascension_mode":true,"campfire_upgraded":4,"timestamp":1523849811,"path_taken":["M","?","?","M","$","E","M","E","T","R","M","?","E","?","R","BOSS","M","$","?","?","?","E","R","E","T","R","E","M","R","M","R","BOSS","M","M","$","M","M","R","E","R","T","E","?","M","?","?","R","BOSS"],"build_version":"2018-04-12","seed_source_timestamp":1818886103049334,"purchased_purges":1,"victory":false,"master_deck":["Survivor","Neutralize","Dagger Throw","Accuracy+1","Dagger Throw","Cloak And Dagger","Infinite Blades+1","Well Laid Plans+1","PiercingWail","Infinite Blades+1","Night Terror+1","Flying Knee","Night Terror+1","PiercingWail+1","Footwork+1","Apotheosis+1","Necronomicurse","Writhe","Sucker Punch+1","Cloak And Dagger+1","Dodge and Roll+1","Malaise+1","PiercingWail+1","Predator","Adrenaline+1","Poisoned Stab","Prepared+1","Setup+1","Acrobatics+1","Bouncing Flask+1","Backflip+1","Backflip+1","Blade Dance+1","Infinite Blades+1","Underhanded Strike","Footwork+1","Flying Knee+1","Outmaneuver+1","Sucker Punch","Setup+1","Madness+1","Madness+1"],"max_hp_per_floor":[77,77,77,77,77,77,77,77,77,77,77,77,77,77,77,77,77,77,77,77,77,77,77,77,77,77,77,77,77,77,77,77,77,77,77,77,77,77,77,77,77,77,77,77,67,67,67,67,67,67],"relics":["Ring of the Snake","Golden Idol","Happy Flower","Toxic Egg 2","Paper Crane","Gambling Chip","Sozu","Necronomicon","Frozen Egg 2","Pen Nib","Bag of Preparation","Bag of Marbles","Meat on the Bone","Pandora\u0027s Box","Vajra","Old Coin","Bottled Flame","Regal Pillow"],"card_choices":[{"not_picked":["PiercingWail","Quick Slash"],"picked":"Dagger Throw","floor":1},{"not_picked":["Deflect","Skewer"],"picked":"Accuracy","floor":3},{"not_picked":["Distraction","Skewer"],"picked":"Dagger Throw","floor":4},{"not_picked":["Underhanded Strike","Sucker Punch"],"picked":"Well Laid Plans","floor":6},{"not_picked":["Bane","Acrobatics"],"picked":"PiercingWail","floor":7},{"not_picked":["Noxious Fumes","Calculated Gamble"],"picked":"Infinite Blades","floor":8},{"not_picked":["Dagger Throw","Quick Slash"],"picked":"Night Terror","floor":11},{"not_picked":["Endless Agony","Sucker Punch"],"picked":"Flying Knee","floor":13},{"not_picked":["Wraith Form v2","Grand Finale"],"picked":"Night Terror","floor":16},{"not_picked":["Bouncing Flask","Masterful Stab"],"picked":"PiercingWail","floor":18},{"not_picked":["Expertise","Underhanded Strike"],"picked":"Sucker Punch","floor":22},{"not_picked":["Deflect","Dodge and Roll"],"picked":"Cloak And Dagger","floor":23},{"not_picked":["Quick Slash","Backflip"],"picked":"Dodge and Roll","floor":25},{"not_picked":["Predator","Slice"],"picked":"Malaise","floor":28},{"not_picked":["Distraction","Outmaneuver"],"picked":"PiercingWail","floor":29},{"not_picked":["All Out Attack","Quick Slash"],"picked":"Predator","floor":31},{"not_picked":["Grand Finale","Night Terror"],"picked":"Adrenaline","floor":33},{"not_picked":["Distraction","Prepared"],"picked":"Blade Dance","floor":35},{"not_picked":["Prepared","Dodge and Roll"],"picked":"Infinite Blades","floor":36},{"not_picked":["Bane","Crippling Poison"],"picked":"Flying Knee","floor":38},{"not_picked":["Backstab","Dagger Spray"],"picked":"Outmaneuver","floor":39},{"not_picked":["Noxious Fumes","Corpse Explosion"],"picked":"Sucker Punch","floor":44},{"not_picked":["Underhanded Strike","Bane"],"picked":"Setup","floor":46}],"player_experience":167877,"potions_floor_usage":[6,41,50,50],"damage_taken":[{"damage":4,"enemies":"Small Slimes","floor":1,"turns":4},{"damage":3,"enemies":"Jaw Worm","floor":3,"turns":5},{"damage":2,"enemies":"Cultist","floor":4,"turns":4},{"damage":26,"enemies":"Lagavulin","floor":6,"turns":6},{"damage":0,"enemies":"Large Slime","floor":7,"turns":4},{"damage":23,"enemies":"3 Sentries","floor":8,"turns":8},{"damage":5,"enemies":"Looter","floor":11,"turns":4},{"damage":15,"enemies":"Lagavulin","floor":13,"turns":6},{"damage":8,"enemies":"Slime Boss","floor":16,"turns":7},{"damage":6,"enemies":"Spheric Guardian","floor":18,"turns":3},{"damage":4,"enemies":"Shell Parasite","floor":22,"turns":5},{"damage":4,"enemies":"Gremlin Leader","floor":23,"turns":9},{"damage":7,"enemies":"Book of Stabbing","floor":25,"turns":5},{"damage":8,"enemies":"Slavers","floor":28,"turns":8},{"damage":24,"enemies":"Snake Plant","floor":29,"turns":4},{"damage":5,"enemies":"Centurion and Healer","floor":31,"turns":5},{"damage":11,"enemies":"Champ","floor":33,"turns":8},{"damage":44,"enemies":"3 Darklings","floor":35,"turns":5},{"damage":8,"enemies":"Orb Walker","floor":36,"turns":4},{"damage":13,"enemies":"3 Darklings","floor":38,"turns":3},{"damage":29,"enemies":"Sphere and 2 Shapes","floor":39,"turns":5},{"damage":0,"enemies":"Giant Head","floor":41,"turns":5},{"damage":25,"enemies":"2 Orb Walkers","floor":44,"turns":5},{"damage":2,"enemies":"Maw","floor":46,"turns":6},{"damage":66,"enemies":"Awakened One","floor":50,"turns":4}],"event_choices":[{"event_name":"Golden Idol","player_choice":"Take Damage","floor":2,"damage_taken":0},{"event_name":"Golden Wing","player_choice":"Card Removal","floor":12,"damage_taken":0},{"event_name":"Upgrade Shrine","player_choice":"Upgraded","floor":14,"damage_taken":0},{"event_name":"Cursed Tome","player_choice":"Obtained Book","floor":20,"damage_taken":0},{"event_name":"The Mausoleum","player_choice":"Yes","floor":21,"damage_taken":0},{"event_name":"The Moai Head","player_choice":"Heal","floor":45,"damage_taken":0},{"event_name":"Winding Halls","player_choice":"Embrace Madness","floor":48,"damage_taken":0}],"boss_relics":[{"not_picked":["Ectoplasm","White Beast Statue"],"picked":"Sozu"},{"not_picked":["Velvet Choker","Snecko Eye"],"picked":"Pandora\u0027s Box"}],"potions_floor_spawned":[4,8,11,13,18,22,29,33,41,44,46],"seed_played":"-7529132090203070643","killed_by":"Awakened One","ascension_level":5,"is_trial":false}