{"gold_per_floor":[114,114,131,12,25,25,41,74,74,88,116,41,63,19,19,19],"floor_reached":16,"playtime":842,"items_purged":["Strike_G"],"score":220,"play_id":"c8ddb940-e03f-4d7d-b2d5-d785c62b10cd","local_time":"20190205140712","is_ascension_mode":true,"campfire_choices":[{"data":"Dagger Throw","floor":6,"key":"SMITH"},{"floor":15,"key":"REST"}],"neow_cost":"NONE","seed_source_timestamp":504522452047536,"circlet_count":0,"master_deck":["AscendersBane","Defend_G","Defend_G","Defend_G","Defend_G","Defend_G","Strike_G","Strike_G","Strike_G","Strike_G","Survivor","Neutralize+1","Cloak And Dagger","Catalyst","Footwork","Backstab","Dagger Throw+1","Terror","Crippling Poison","Dagger Spray"],"relics":["Ring of the Snake","NeowsBlessing","Darkstone Periapt","Mercury Hourglass","Bottled Lightning","Odd Mushroom"],"potions_floor_usage":[8,11],"damage_taken":[{"damage":0,"enemies":"Jaw Worm","floor":1,"turns":1},{"damage":0,"enemies":"Cultist","floor":3,"turns":1},{"damage":0,"enemies":"Small Slimes","floor":5,"turns":1},{"damage":0,"enemies":"Exordium Wildlife","floor":7,"turns":4},{"damage":14,"enemies":"Lagavulin","floor":8,"turns":5},{"damage":4,"enemies":"Gremlin Gang","floor":10,"turns":4},{"damage":34,"enemies":"Gremlin Nob","floor":11,"turns":5},{"damage":8,"enemies":"The Mushroom Lair","floor":13,"turns":4},{"damage":40,"enemies":"Slime Boss","floor":16,"turns":6}],"seed_played":"2076638148351839548","potions_obtained":[{"floor":1,"key":"Regen Potion"},{"floor":5,"key":"Poison Potion"},{"floor":11,"key":"Poison Potion"}],"is_trial":false,"path_per_floor":["M","?","M","$","M","R","M","E","T","M","E","$","?","?","R","B"],"character_chosen":"THE_SILENT","items_purchased":["Footwork","Backstab"],"campfire_rested":1,"item_purchase_floors":[4,4],"current_hp_per_floor":[59,59,59,59,59,59,59,45,45,41,21,21,13,13,32,0],"gold":19,"neow_bonus":"THREE_ENEMY_KILL","is_prod":false,"is_daily":false,"chose_seed":false,"campfire_upgraded":1,"win_rate":0,"timestamp":1549404432,"path_taken":["M","?","?","$","M","R","M","E","T","M","E","$","?","?","R","BOSS"],"build_version":"2019-01-23","purchased_purges":1,"victory":false,"max_hp_per_floor":[66,66,66,66,66,66,66,66,66,66,66,66,66,66,66,66],"card_choices":[{"not_picked":["Blur","Prepared"],"picked":"Cloak And Dagger","floor":1},{"not_picked":["Dagger Throw","All Out Attack"],"picked":"Catalyst","floor":3},{"not_picked":["Cloak And Dagger","Concentrate"],"picked":"Dagger Throw","floor":5},{"not_picked":["Accuracy","Eviscerate","Tactician"],"picked":"SKIP","floor":7},{"not_picked":["Calculated Gamble","Outmaneuver"],"picked":"Terror","floor":8},{"not_picked":["Reflex","Outmaneuver","Prepared"],"picked":"SKIP","floor":10},{"not_picked":["Backflip","Dodge and Roll"],"picked":"Crippling Poison","floor":11},{"not_picked":["Masterful Stab","Reflex"],"picked":"Dagger Spray","floor":13}],"player_experience":1823652,"relics_obtained":[{"floor":8,"key":"Darkstone Periapt"},{"floor":9,"key":"Mercury Hourglass"},{"floor":11,"key":"Bottled Lightning"},{"floor":13,"key":"Odd Mushroom"}],"event_choices":[{"damage_healed":0,"gold_gain":0,"player_choice":"Forge","damage_taken":0,"max_hp_gain":0,"max_hp_loss":0,"event_name":"Accursed Blacksmith","floor":2,"gold_loss":0,"cards_upgraded":["Neutralize"]},{"damage_healed":0,"gold_gain":0,"player_choice":"Fought Mushrooms","damage_taken":0,"max_hp_gain":0,"max_hp_loss":0,"event_name":"Mushrooms","floor":13,"gold_loss":0},{"damage_healed":0,"gold_gain":0,"player_choice":"Left Gold","damage_taken":0,"max_hp_gain":0,"max_hp_loss":0,"event_name":"World of Goop","floor":14,"gold_loss":44}],"is_beta":false,"boss_relics":[],"items_purged_floors":[12],"is_endless":false,"potions_floor_spawned":[1,5,11],"killed_by":"Slime Boss","ascension_level":20}