{"gold_per_floor":[119,119,130,56,56,56,70,104,128,128,142,170,135,166,178,262,274,306,318,95,110,122,156,156,45,45,45,45,59,74,36,36,114,114,128,147,147,0,13,40,40,72,96,113,113,163,189,189,189,189],"floor_reached":50,"playtime":2111,"items_purged":["Strike_B"],"score":1109,"play_id":"ca649084-edb6-42b8-8ac0-ec3142532abf","local_time":"20190202144610","is_ascension_mode":true,"campfire_choices":[{"data":"Defragment","floor":6,"key":"SMITH"},{"data":"White Noise","floor":10,"key":"SMITH"},{"data":"Storm","floor":15,"key":"SMITH"},{"data":"Storm","floor":27,"key":"SMITH"},{"floor":32,"key":"REST"},{"data":"Consume","floor":41,"key":"SMITH"},{"floor":45,"key":"REST"},{"floor":49,"key":"RECALL"}],"neow_cost":"NONE","seed_source_timestamp":414987176848297,"circlet_count":0,"master_deck":["AscendersBane","Strike_B","Strike_B","Defend_B","Defend_B","Defend_B","Defend_B","Zap+1","Dualcast","Self Repair","Cold Snap","Defragment+1","White Noise+1","Multi-Cast","Ball Lightning","Storm+1","Loop","Amplify","Darkness","Storm+1","Loop","Genetic Algorithm","Coolheaded","Coolheaded","Defragment","Storm+1","Consume+1","Necronomicurse","Cold Snap","Stack","Storm","Amplify","Steam+1","Stack+1","Writhe","Echo Form","Conserve Battery","Undo","Injury","Lockon+1","Coolheaded+1","Cold Snap","Doubt"],"relics":["Cracked Core","NeowsBlessing","Oddly Smooth Stone","Orichalcum","Pocketwatch","MawBank","Eternal Feather","Bronze Scales","Pear","Pantograph","Necronomicon","Cursed Key","Red Mask","StoneCalendar","Happy Flower","Ice Cream","Cables"],"potions_floor_usage":[18,40,47,50],"damage_taken":[{"damage":0,"enemies":"Cultist","floor":1,"turns":1},{"damage":0,"enemies":"Jaw Worm","floor":3,"turns":1},{"damage":0,"enemies":"2 Louse","floor":7,"turns":1},{"damage":23,"enemies":"Gremlin Nob","floor":8,"turns":4},{"damage":6,"enemies":"Blue Slaver","floor":11,"turns":4},{"damage":20,"enemies":"Lagavulin","floor":12,"turns":5},{"damage":4,"enemies":"3 Sentries","floor":14,"turns":2},{"damage":19,"enemies":"Hexaghost","floor":16,"turns":9},{"damage":17,"enemies":"2 Thieves","floor":18,"turns":3},{"damage":18,"enemies":"Shell Parasite","floor":21,"turns":3},{"damage":10,"enemies":"Snecko","floor":22,"turns":4},{"damage":31,"enemies":"Book of Stabbing","floor":23,"turns":6},{"damage":4,"enemies":"3 Cultists","floor":29,"turns":3},{"damage":22,"enemies":"Centurion and Healer","floor":30,"turns":3},{"damage":18,"enemies":"Collector","floor":33,"turns":5},{"damage":30,"enemies":"3 Darklings","floor":35,"turns":4},{"damage":3,"enemies":"Orb Walker","floor":36,"turns":2},{"damage":31,"enemies":"3 Darklings","floor":39,"turns":4},{"damage":34,"enemies":"Reptomancer","floor":40,"turns":4},{"damage":5,"enemies":"Nemesis","floor":42,"turns":5},{"damage":34,"enemies":"Spire Growth","floor":44,"turns":4},{"damage":12,"enemies":"2 Orb Walkers","floor":46,"turns":4},{"damage":41,"enemies":"Reptomancer","floor":47,"turns":4},{"damage":86,"enemies":"Awakened One","floor":50,"turns":6}],"seed_played":"5902834197783783702","potions_obtained":[{"floor":1,"key":"FearPotion"},{"floor":8,"key":"GamblersBrew"},{"floor":12,"key":"Energy Potion"},{"floor":22,"key":"Dexterity Potion"},{"floor":29,"key":"Strength Potion"},{"floor":40,"key":"Ancient Potion"},{"floor":44,"key":"Swift Potion"},{"floor":46,"key":"EssenceOfSteel"}],"is_trial":false,"path_per_floor":["M","?","M","$","?","R","M","E","T","R","M","E","?","E","R","B",null,"M","?","$","M","M","E","T","$","T","R","?","M","M","$","R","B",null,"M","M","?","?","M","E","R","E","T","M","R","?","E","?","R","B"],"character_chosen":"DEFECT","items_purchased":["Defragment","Loop","Genetic Algorithm","Storm","Consume","Storm"],"campfire_rested":2,"item_purchase_floors":[4,20,20,25,25,31],"current_hp_per_floor":[68,68,68,68,68,68,68,52,52,52,53,40,58,54,54,42,67,50,50,50,39,36,12,22,22,22,37,21,24,2,2,45,59,79,56,53,74,74,43,23,44,46,46,12,61,56,22,85,85,0],"gold":189,"neow_bonus":"THREE_ENEMY_KILL","is_prod":false,"is_daily":false,"chose_seed":false,"campfire_upgraded":5,"win_rate":0,"timestamp":1549140370,"path_taken":["M","?","?","$","?","R","?","E","T","R","M","E","?","E","R","BOSS","M","?","?","M","?","E","?","?","T","R","?","?","?","$","R","BOSS","M","M","?","?","?","E","R","E","T","?","R","?","E","?","R","BOSS"],"build_version":"2019-01-23","purchased_purges":1,"victory":false,"max_hp_per_floor":[75,75,75,75,75,75,75,75,75,75,75,75,75,75,75,75,75,75,75,75,75,75,75,85,85,85,85,85,85,85,85,85,85,85,85,85,85,85,85,85,85,85,85,85,85,85,85,85,85,85],"card_choices":[{"not_picked":["Streamline","Go for the Eyes"],"picked":"Self Repair","floor":1},{"not_picked":["Gash","Steam"],"picked":"Cold Snap","floor":3},{"not_picked":["Hologram","Gash"],"picked":"White Noise","floor":7},{"not_picked":["Compile Driver","Skim"],"picked":"Multi-Cast","floor":8},{"not_picked":["Streamline","Stack"],"picked":"Ball Lightning","floor":11},{"not_picked":["Melter","Redo"],"picked":"Storm","floor":12},{"not_picked":["Steam","Hyperbeam"],"picked":"Loop","floor":14},{"not_picked":["Seek","Hyperbeam"],"picked":"Amplify","floor":16},{"not_picked":["Streamline","Sweeping Beam"],"picked":"Darkness","floor":18},{"not_picked":["Rebound","Gash"],"picked":"Coolheaded","floor":21},{"not_picked":["Stack","Barrage"],"picked":"Coolheaded","floor":22},{"not_picked":["Core Surge","Reprogram"],"picked":"Defragment","floor":23},{"not_picked":["Compile Driver","Hologram"],"picked":"Cold Snap","floor":29},{"not_picked":["Rebound+1","Sweeping Beam"],"picked":"Stack","floor":30},{"not_picked":["Rainbow","Multi-Cast"],"picked":"Amplify","floor":33},{"not_picked":["Barrage","Go for the Eyes+1"],"picked":"Steam+1","floor":35},{"not_picked":["Hologram","Cold Snap+1"],"picked":"Stack+1","floor":36},{"not_picked":["Recycle","Rebound"],"picked":"Echo Form","floor":39},{"not_picked":["Ball Lightning","Reprogram+1"],"picked":"Conserve Battery","floor":40},{"not_picked":["Go for the Eyes","Streamline+1"],"picked":"Undo","floor":42},{"not_picked":["Sweeping Beam","Compile Driver"],"picked":"Lockon+1","floor":44},{"not_picked":["Beam Cell","Doom and Gloom"],"picked":"Coolheaded+1","floor":46},{"not_picked":["Chill","Scrape"],"picked":"Cold Snap","floor":47}],"player_experience":513702,"relics_obtained":[{"floor":8,"key":"Oddly Smooth Stone"},{"floor":9,"key":"Orichalcum"},{"floor":12,"key":"Pocketwatch"},{"floor":14,"key":"MawBank"},{"floor":23,"key":"Bronze Scales"},{"floor":24,"key":"Pear"},{"floor":26,"key":"Pantograph"},{"floor":28,"key":"Necronomicon"},{"floor":40,"key":"StoneCalendar"},{"floor":42,"key":"Happy Flower"},{"floor":46,"key":"Ice Cream"},{"floor":47,"key":"Cables"}],"event_choices":[{"cards_removed":["Strike_B"],"damage_healed":0,"gold_gain":0,"player_choice":"Offered Basic","damage_taken":0,"max_hp_gain":0,"max_hp_loss":0,"event_name":"Bonfire Elementals","floor":2,"gold_loss":0},{"damage_healed":0,"gold_gain":0,"player_choice":"Upgraded","damage_taken":0,"max_hp_gain":0,"max_hp_loss":0,"event_name":"Upgrade Shrine","floor":5,"gold_loss":0,"cards_upgraded":["Zap"]},{"damage_healed":18,"gold_gain":0,"player_choice":"Healed","damage_taken":0,"max_hp_gain":0,"max_hp_loss":0,"event_name":"The Cleric","floor":13,"gold_loss":35},{"damage_healed":0,"gold_gain":0,"player_choice":"Copied","damage_taken":0,"max_hp_gain":0,"max_hp_loss":0,"event_name":"Duplicator","floor":19,"gold_loss":0,"cards_obtained":["Storm"]},{"damage_healed":0,"gold_gain":0,"player_choice":"Obtained Book","damage_taken":16,"max_hp_gain":0,"max_hp_loss":0,"event_name":"Cursed Tome","floor":28,"gold_loss":0},{"damage_healed":21,"gold_gain":0,"player_choice":"Writhe","damage_taken":0,"max_hp_gain":0,"max_hp_loss":0,"event_name":"Winding Halls","floor":37,"gold_loss":0,"cards_obtained":["Writhe"]},{"damage_healed":0,"gold_gain":0,"player_choice":"Paid","damage_taken":0,"relics_obtained":["Red Mask"],"max_hp_gain":0,"max_hp_loss":0,"event_name":"Tomb of Lord Red Mask","floor":38,"gold_loss":147},{"damage_healed":0,"gold_gain":0,"player_choice":"Fight","damage_taken":0,"max_hp_gain":0,"max_hp_loss":0,"event_name":"Mysterious Sphere","floor":46,"gold_loss":0},{"damage_healed":63,"gold_gain":0,"player_choice":"Heal","damage_taken":0,"max_hp_gain":0,"max_hp_loss":0,"event_name":"MindBloom","floor":48,"gold_loss":0,"cards_obtained":["Doubt"]}],"is_beta":false,"boss_relics":[{"not_picked":["White Beast Statue","Runic Pyramid"],"picked":"Eternal Feather"},{"not_picked":["Philosopher\u0027s Stone","Coffee Dripper"],"picked":"Cursed Key"}],"items_purged_floors":[20],"is_endless":false,"potions_floor_spawned":[1,8,12,14,16,22,29,36,40,44,46],"killed_by":"Awakened One","ascension_level":13}