{"gold_per_floor":[113,129,129,204,154,179,179,207,258,149,73,93,109,121,121,217,217,229,241,65,81,96,96,27,27,27,37,37,1,27,47,47,47],"floor_reached":33,"playtime":6281,"items_purged":["Strike_G","Strike_G"],"score":362,"play_id":"28d8322f-d21b-4ed0-b516-b57c8e5d1266","local_time":"20181229152507","is_ascension_mode":true,"campfire_choices":[{"data":"Neutralize","floor":7,"key":"SMITH"},{"data":"Infinite Blades","floor":15,"key":"SMITH"},{"floor":23,"key":"REST"},{"data":"Noxious Fumes","floor":25,"key":"SMITH"},{"data":"Backstab","floor":28,"key":"SMITH"},{"floor":32,"key":"REST"}],"neow_cost":"NONE","seed_source_timestamp":928429207389680,"circlet_count":0,"master_deck":["Defend_G","Defend_G","Defend_G","Defend_G","Defend_G","Strike_G","Strike_G","Survivor","Neutralize+1","Dodge and Roll","Sucker Punch+1","Deflect","Infinite Blades+1","Accuracy","Leg Sweep","Endless Agony","Cloak And Dagger","Glass Knife","Dash","Cloak And Dagger","Infinite Blades","Accuracy+1","Noxious Fumes+1","Backstab+1","Deflect","Footwork","Backstab"],"relics":["Ring of the Snake","NeowsBlessing","Orichalcum","Bottled Lightning","Anchor","WristBlade","Mercury Hourglass","Smiling Mask"],"potions_floor_usage":[16,16,30,33],"damage_taken":[{"damage":0,"enemies":"Jaw Worm","floor":1,"turns":1},{"damage":0,"enemies":"Small Slimes","floor":2,"turns":1},{"damage":0,"enemies":"Gremlin Nob","floor":6,"turns":1},{"damage":21,"enemies":"3 Sentries","floor":8,"turns":16},{"damage":1,"enemies":"2 Louse","floor":12,"turns":3},{"damage":0,"enemies":"Looter","floor":13,"turns":4},{"damage":11,"enemies":"Lots of Slimes","floor":14,"turns":7},{"damage":9,"enemies":"The Guardian","floor":16,"turns":14},{"damage":10,"enemies":"2 Thieves","floor":18,"turns":4},{"damage":17,"enemies":"Spheric Guardian","floor":19,"turns":4},{"damage":6,"enemies":"Centurion and Healer","floor":21,"turns":6},{"damage":3,"enemies":"Chosen and Byrds","floor":22,"turns":5},{"damage":0,"enemies":"Cultist and Chosen","floor":27,"turns":4},{"damage":16,"enemies":"Gremlin Leader","floor":30,"turns":7},{"damage":23,"enemies":"Snake Plant","floor":31,"turns":4},{"damage":53,"enemies":"Collector","floor":33,"turns":7}],"seed_played":"-5485103071041009498","potions_obtained":[{"floor":6,"key":"FairyPotion"},{"floor":8,"key":"FearPotion"},{"floor":12,"key":"Poison Potion"},{"floor":18,"key":"SpeedPotion"},{"floor":22,"key":"SpeedPotion"}],"is_trial":false,"path_per_floor":["M","M","?","?","?","E","R","E","T","$","$","M","M","M","R","B",null,"M","M","$","M","M","R","$","R","T","M","R","$","E","M","R","B"],"character_chosen":"THE_SILENT","items_purchased":["Infinite Blades","Accuracy","Infinite Blades","Backstab","Footwork"],"campfire_rested":2,"item_purchase_floors":[10,11,20,24,29],"current_hp_per_floor":[70,70,70,59,59,59,59,38,38,38,38,37,37,26,26,17,70,60,43,43,37,34,55,55,55,55,55,55,55,39,16,37,0],"gold":47,"neow_bonus":"THREE_ENEMY_KILL","is_prod":false,"is_daily":false,"chose_seed":false,"campfire_upgraded":4,"win_rate":0,"timestamp":1546115107,"path_taken":["M","M","?","?","?","E","R","E","T","?","$","M","M","M","R","BOSS","M","M","$","M","M","R","?","R","T","M","R","$","E","M","R","BOSS"],"build_version":"2018-12-20","purchased_purges":2,"victory":false,"max_hp_per_floor":[70,70,70,70,70,70,70,70,70,70,70,70,70,70,70,70,70,70,70,70,70,70,70,70,70,70,70,70,70,70,70,70,70],"card_choices":[{"not_picked":["Tactician","Poisoned Stab"],"picked":"Dodge and Roll","floor":1},{"not_picked":["Acrobatics","Poisoned Stab"],"picked":"Sucker Punch","floor":2},{"not_picked":["Tools of the Trade","Tactician","Dodge and Roll"],"picked":"SKIP","floor":6},{"not_picked":["Escape Plan","Dodge and Roll"],"picked":"Deflect","floor":8},{"not_picked":["Caltrops","Dagger Throw"],"picked":"Leg Sweep","floor":12},{"not_picked":["Prepared","Crippling Poison"],"picked":"Endless Agony","floor":13},{"not_picked":["Slice","Accuracy"],"picked":"Cloak And Dagger","floor":14},{"not_picked":["Unload","Storm of Steel"],"picked":"Glass Knife","floor":16},{"not_picked":["Underhanded Strike","Expertise"],"picked":"Dash","floor":18},{"not_picked":["Bane","Bouncing Flask"],"picked":"Cloak And Dagger","floor":19},{"not_picked":["Heel Hook+1","Flechettes"],"picked":"Accuracy+1","floor":21},{"not_picked":["Quick Slash","Caltrops"],"picked":"Noxious Fumes","floor":22},{"not_picked":["Escape Plan","Quick Slash"],"picked":"Deflect","floor":27},{"not_picked":["Unload","Setup","Tactician"],"picked":"SKIP","floor":30},{"not_picked":["Dagger Throw","Underhanded Strike"],"picked":"Backstab","floor":31}],"player_experience":277196,"relics_obtained":[{"floor":6,"key":"Orichalcum"},{"floor":8,"key":"Bottled Lightning"},{"floor":9,"key":"Anchor"},{"floor":26,"key":"Mercury Hourglass"},{"floor":30,"key":"Smiling Mask"}],"event_choices":[{"damage_healed":0,"gold_gain":0,"player_choice":"Grow","damage_taken":0,"max_hp_gain":0,"max_hp_loss":0,"event_name":"Living Wall","floor":3,"gold_loss":0,"cards_upgraded":["Sucker Punch"]},{"damage_healed":0,"gold_gain":75,"player_choice":"Gather Gold","damage_taken":11,"max_hp_gain":0,"max_hp_loss":0,"event_name":"World of Goop","floor":4,"gold_loss":0},{"cards_removed":["Strike_G"],"damage_healed":0,"gold_gain":0,"player_choice":"Card Removal","damage_taken":0,"max_hp_gain":0,"max_hp_loss":0,"event_name":"The Cleric","floor":5,"gold_loss":50}],"is_beta":false,"boss_relics":[{"not_picked":["Busted Crown","Empty Cage"],"picked":"WristBlade"}],"items_purged_floors":[10,20],"is_endless":false,"potions_floor_spawned":[6,8,12,18,22],"killed_by":"Collector","ascension_level":4}