{"gold_per_floor":[366,366,33,46,46,74,93,104,104,104,121,121,148,167,167,268,268,285,195,44,44,56,90,90,108,108,108,108,127,145,163,163,259,259,274,284,184,204,204,232,232,232,256,256,267,0,11,11,11,11],"floor_reached":51,"playtime":2647,"items_purged":["Strike_B","Decay"],"score":709,"play_id":"0bf0898d-0a4a-4070-b2c4-6ba7bc61301e","local_time":"20180920011051","is_ascension_mode":false,"campfire_choices":[{"floor":10,"key":"REST"},{"floor":12,"key":"REST"},{"floor":15,"key":"REST"},{"floor":28,"key":"REST"},{"floor":32,"key":"REST"},{"floor":42,"key":"REST"},{"floor":44,"key":"REST"},{"floor":49,"key":"REST"}],"neow_cost":"TEN_PERCENT_HP_LOSS","seed_source_timestamp":391639480067751,"circlet_count":0,"master_deck":["Strike_B","Strike_B","Defend_B","Defend_B","Defend_B","Defend_B","Zap","Dualcast+1","Capacitor+1","Capacitor+1","Ball Lightning","Static Discharge+1","Coolheaded","Cold Snap","Conserve Battery+1","Echo Form+1","Electrodynamics+1","Storm+1","Defragment+1","Consume+1","Static Discharge+1","Coolheaded","Thunder Strike","Conserve Battery+1","Undo+1"],"relics":["Cracked Core","Frozen Egg 2","Dream Catcher","Darkstone Periapt","FossilizedHelix","Velvet Choker","Lantern","Calipers","Potion Belt","Unceasing Top","Ancient Tea Set","Red Mask"],"potions_floor_usage":[6,16,16,31,31],"damage_taken":[{"damage":0,"enemies":"Small Slimes","floor":1,"turns":3},{"damage":5,"enemies":"Cultist","floor":4,"turns":4},{"damage":36,"enemies":"Lagavulin","floor":6,"turns":7},{"damage":6,"enemies":"Jaw Worm","floor":7,"turns":3},{"damage":10,"enemies":"2 Fungi Beasts","floor":8,"turns":4},{"damage":15,"enemies":"Exordium Wildlife","floor":11,"turns":5},{"damage":36,"enemies":"Gremlin Nob","floor":13,"turns":5},{"damage":1,"enemies":"Blue Slaver","floor":14,"turns":4},{"damage":8,"enemies":"The Guardian","floor":16,"turns":9},{"damage":9,"enemies":"Shell Parasite","floor":18,"turns":5},{"damage":0,"enemies":"Spheric Guardian","floor":22,"turns":3},{"damage":18,"enemies":"Gremlin Leader","floor":23,"turns":4},{"damage":9,"enemies":"Shelled Parasite and Fungi","floor":25,"turns":3},{"damage":3,"enemies":"Centurion and Healer","floor":29,"turns":3},{"damage":8,"enemies":"Cultist and Chosen","floor":30,"turns":4},{"damage":13,"enemies":"Shelled Parasite and Fungi","floor":31,"turns":3},{"damage":8,"enemies":"Collector","floor":33,"turns":6},{"damage":13,"enemies":"Orb Walker","floor":35,"turns":4},{"damage":10,"enemies":"3 Shapes","floor":36,"turns":4},{"damage":16,"enemies":"Sphere and 2 Shapes","floor":38,"turns":3},{"damage":34,"enemies":"2 Orb Walkers","floor":40,"turns":5},{"damage":0,"enemies":"Spire Growth","floor":45,"turns":4},{"damage":24,"enemies":"4 Shapes","floor":47,"turns":2},{"damage":32,"enemies":"Time Eater","floor":50,"turns":8}],"seed_played":"-8835537892444949251","potions_obtained":[{"floor":1,"key":"FocusPotion"},{"floor":6,"key":"Explosive Potion"},{"floor":8,"key":"Ancient Potion"},{"floor":13,"key":"Weak Potion"},{"floor":18,"key":"Block Potion"},{"floor":23,"key":"SpeedPotion"},{"floor":25,"key":"PowerPotion"},{"floor":31,"key":"SteroidPotion"},{"floor":35,"key":"Ancient Potion"},{"floor":38,"key":"Strength Potion"},{"floor":40,"key":"Dexterity Potion"}],"is_trial":false,"path_per_floor":["M","?","$","M","?","E","M","M","T","R","M","R","E","M","R","B",null,"M","?","$","?","M","E","?","M","T","?","R","M","M","M","R","B",null,"M","M","$","M","?","E","?","R","T","R","M","?","M","$","R","B"],"character_chosen":"DEFECT","items_purchased":["Frozen Egg 2","Capacitor+1","Defragment+1"],"campfire_rested":8,"item_purchase_floors":[3,3,20],"current_hp_per_floor":[68,68,68,63,68,32,26,16,16,37,22,43,7,6,27,19,73,64,64,64,64,64,46,33,24,24,30,55,52,44,31,56,48,84,71,61,61,45,45,11,11,36,36,61,61,61,37,37,62,30],"gold":11,"neow_bonus":"TWO_FIFTY_GOLD","is_prod":false,"is_daily":false,"chose_seed":false,"campfire_upgraded":0,"win_rate":0.0,"timestamp":1537423851,"path_taken":["M","?","$","M","?","E","M","M","T","R","M","R","E","M","R","BOSS","M","?","$","?","M","E","?","?","T","?","R","M","?","M","R","BOSS","M","M","$","M","?","E","?","R","T","R","?","?","M","$","R","BOSS"],"build_version":"2018-09-06","purchased_purges":2,"victory":true,"max_hp_per_floor":[68,68,68,68,73,73,73,73,73,73,73,73,73,73,73,73,73,73,73,73,73,73,73,78,78,78,84,84,84,84,84,84,84,84,84,84,84,84,84,84,84,84,84,84,84,84,84,84,84,84],"card_choices":[{"not_picked":["Loop","Blizzard"],"picked":"Capacitor","floor":1},{"not_picked":["Sweeping Beam","Stack","Blizzard"],"picked":"SKIP","floor":4},{"not_picked":["Stack","Go for the Eyes"],"picked":"Ball Lightning","floor":6},{"not_picked":["Meteor Strike","Storm+1"],"picked":"Static Discharge+1","floor":7},{"not_picked":["Rebound","Force Field"],"picked":"Coolheaded","floor":8},{"not_picked":["Stack","Streamline"],"picked":"Cold Snap","floor":11},{"not_picked":["Fission","Compile Driver"],"picked":"Conserve Battery","floor":12},{"not_picked":["Compile Driver","Rebound"],"picked":"Echo Form+1","floor":13},{"not_picked":["Steam","Rebound","Compile Driver"],"picked":"SKIP","floor":14},{"not_picked":["Multi-Cast","Fission"],"picked":"Electrodynamics+1","floor":16},{"not_picked":["Conserve Battery+1","Consume+1"],"picked":"Storm+1","floor":18},{"not_picked":["Sweeping Beam","Redo"],"picked":"Consume+1","floor":22},{"not_picked":["Gash+1","Amplify","Undo"],"picked":"SKIP","floor":23},{"not_picked":["Rip and Tear","Compile Driver+1","Melter+1"],"picked":"SKIP","floor":25},{"not_picked":["Sweeping Beam","Cold Snap"],"picked":"Static Discharge+1","floor":29},{"not_picked":["Leap","Hologram","Redo+1"],"picked":"SKIP","floor":30},{"not_picked":["Redo","Streamline+1","Steam+1"],"picked":"SKIP","floor":31},{"not_picked":["Fusion+1","Chaos"],"picked":"Coolheaded","floor":32},{"not_picked":["All For One","Amplify"],"picked":"Thunder Strike","floor":33},{"not_picked":["Go for the Eyes","Reprogram","Conserve Battery+1"],"picked":"SKIP","floor":35},{"not_picked":["Rebound+1","Redo+1","Turbo"],"picked":"SKIP","floor":36},{"not_picked":["Auto Shields+1","Capacitor+1"],"picked":"Conserve Battery+1","floor":38},{"not_picked":["Ball Lightning","Compile Driver+1","Sweeping Beam"],"picked":"SKIP","floor":40},{"not_picked":["Hologram","Sweeping Beam","Loop+1"],"picked":"SKIP","floor":45},{"not_picked":["Rainbow","Go for the Eyes+1","Ball Lightning+1"],"picked":"SKIP","floor":47},{"not_picked":["Redo","Leap"],"picked":"Undo+1","floor":49}],"player_experience":57944,"relics_obtained":[{"floor":6,"key":"Dream Catcher"},{"floor":9,"key":"Darkstone Periapt"},{"floor":13,"key":"FossilizedHelix"},{"floor":23,"key":"Lantern"},{"floor":26,"key":"Calipers"},{"floor":40,"key":"Potion Belt"},{"floor":43,"key":"Ancient Tea Set"}],"event_choices":[{"event_name":"Upgrade Shrine","player_choice":"Upgraded","floor":2,"damage_taken":0},{"event_name":"Big Fish","player_choice":"Donut","floor":5,"damage_taken":0},{"event_name":"Designer","player_choice":"Full Service","floor":19,"damage_taken":0},{"event_name":"The Mausoleum","player_choice":"No","floor":21,"damage_taken":0},{"event_name":"Forgotten Altar","player_choice":"Shed Blood","floor":24,"damage_taken":0},{"event_name":"Wheel of Change","player_choice":"Curse","floor":27,"damage_taken":0},{"event_name":"Upgrade Shrine","player_choice":"Upgraded","floor":39,"damage_taken":0},{"event_name":"WeMeetAgain","player_choice":"Potion","floor":41,"damage_taken":0},{"event_name":"Tomb of Lord Red Mask","player_choice":"Paid","floor":46,"damage_taken":0}],"is_beta":false,"boss_relics":[{"not_picked":["Fusion Hammer","Tiny House"],"picked":"Velvet Choker"},{"not_picked":["Philosopher\u0027s Stone","Snecko Eye","Runic Pyramid"]}],"items_purged_floors":[20,37],"is_endless":false,"potions_floor_spawned":[1,6,8,13,18,23,25,31,35,38,40],"ascension_level":0}