{"gold_per_floor":[118,118,43,60,10,45,45,75,75,93,112,126,145,165,165,269,269,285,303,218,3,14,14],"floor_reached":23,"playtime":1619,"items_purged":["Pain"],"score":345,"play_id":"e9c3ad5e-81ff-4a04-8bed-11096c16274f","local_time":"20190119005351","is_ascension_mode":true,"campfire_choices":[{"data":"Sunder","floor":7.0,"key":"SMITH"},{"floor":15.0,"key":"DIG"}],"neow_cost":"NONE","seed_source_timestamp":91632178994972,"circlet_count":0,"master_deck":["AscendersBane","Strike_B","Strike_B","Strike_B","Strike_B","Defend_B","Defend_B","Defend_B","Defend_B","Zap","Dualcast","Steam","Sunder+1","Cold Snap","Leap","Hyperbeam","Auto Shields","Self Repair","Hologram","Core Surge","Hologram","Self Repair","White Noise"],"special_seed":0,"relics":["Cracked Core","NeowsBlessing","WarpedTongs","Shovel","Anchor","Sundial","WingedGreaves","Philosopher\u0027s Stone","Blood Vial","Membership Card"],"potions_floor_usage":[],"damage_taken":[{"damage":0.0,"enemies":"2 Louse","floor":1.0,"turns":1.0},{"damage":0.0,"enemies":"Cultist","floor":4.0,"turns":1.0},{"damage":0.0,"enemies":"Lagavulin","floor":6.0,"turns":1.0},{"damage":20.0,"enemies":"Gremlin Nob","floor":8.0,"turns":4.0},{"damage":0.0,"enemies":"Small Slimes","floor":10.0,"turns":2.0},{"damage":0.0,"enemies":"Looter","floor":11.0,"turns":2.0},{"damage":0.0,"enemies":"2 Fungi Beasts","floor":12.0,"turns":3.0},{"damage":0.0,"enemies":"3 Louse","floor":13.0,"turns":2.0},{"damage":0.0,"enemies":"Gremlin Gang","floor":14.0,"turns":2.0},{"damage":8.0,"enemies":"Slime Boss","floor":16.0,"turns":9.0},{"damage":23.0,"enemies":"3 Byrds","floor":18.0,"turns":4.0},{"damage":0.0,"enemies":"Chosen","floor":19.0,"turns":4.0},{"damage":0,"enemies":"3 Cultists","floor":22,"turns":2},{"damage":75,"enemies":"Gremlin Leader","floor":23,"turns":4}],"seed_played":"-1675184495083204153","potions_obtained":[{"floor":6.0,"key":"Dexterity Potion"},{"floor":12.0,"key":"GamblersBrew"},{"floor":13.0,"key":"FearPotion"},{"floor":16.0,"key":"GamblersBrew"}],"is_trial":false,"path_per_floor":["M","?","$","M","$","E","R","E","T","M","M","M","M","M","R","B",null,"M","M","?","$","M","E"],"character_chosen":"DEFECT","items_purchased":["Cold Snap","Membership Card","Self Repair"],"campfire_rested":0,"item_purchase_floors":[5,21,21],"current_hp_per_floor":[68,68,68,68,68,68,68,48,48,48,48,48,55,62,62,64,72,59,69,69,69,71,0],"gold":14,"neow_bonus":"THREE_ENEMY_KILL","is_prod":false,"is_daily":false,"chose_seed":false,"campfire_upgraded":1,"win_rate":0,"timestamp":1547877231,"path_taken":["M","?","$","?","?","E","R","E","T","M","M","M","?","M","R","BOSS","M","?","?","$","M","E"],"build_version":"2019-01-17v2","purchased_purges":1,"victory":false,"max_hp_per_floor":[75,75,75,75,75,75,75,75,75,75,75,75,75,75,75,75,75,75,75,75,75,75,75],"card_choices":[{"not_picked":["Hologram","Steam","Streamline"],"picked":"SKIP","floor":1.0},{"not_picked":["Hologram","Streamline"],"picked":"Steam","floor":1.0},{"not_picked":["Capacitor","Streamline"],"picked":"Sunder","floor":4.0},{"not_picked":["Aggregate","Hologram"],"picked":"Leap","floor":6.0},{"not_picked":["Heatsinks","Steam","Sunder"],"picked":"SKIP","floor":8.0},{"not_picked":["Hologram","Turbo"],"picked":"Hyperbeam","floor":10.0},{"not_picked":["Turbo","Stack"],"picked":"Auto Shields","floor":11.0},{"not_picked":["Rebound","Auto Shields"],"picked":"Self Repair","floor":12.0},{"not_picked":["Ball Lightning","Streamline"],"picked":"Hologram","floor":13.0},{"not_picked":["Sweeping Beam","Darkness","Ball Lightning"],"picked":"SKIP","floor":14.0},{"not_picked":["Creative AI","Fission"],"picked":"Core Surge","floor":16.0},{"not_picked":["Stack","Turbo"],"picked":"Hologram","floor":18.0},{"not_picked":["Sweeping Beam","Redo","Darkness"],"picked":"SKIP","floor":19.0},{"not_picked":["Lockon","Conserve Battery"],"picked":"White Noise","floor":22}],"player_experience":531826,"relics_obtained":[{"floor":6.0,"key":"Shovel"},{"floor":8.0,"key":"Anchor"},{"floor":9.0,"key":"Sundial"},{"floor":15.0,"key":"WingedGreaves"}],"event_choices":[{"damage_healed":0.0,"max_hp_gain":0.0,"max_hp_loss":0.0,"gold_gain":0.0,"event_name":"Accursed Blacksmith","player_choice":"Rummage","floor":2.0,"gold_loss":0.0,"damage_taken":0.0,"relics_obtained":["WarpedTongs"],"cards_obtained":["Pain"]},{"damage_healed":0.0,"max_hp_gain":0.0,"max_hp_loss":0.0,"gold_gain":0.0,"event_name":"Addict","player_choice":"Obtained Relic","floor":20.0,"gold_loss":85.0,"damage_taken":0.0,"relics_obtained":["Blood Vial"]}],"is_beta":false,"boss_relics":[{"not_picked":["Astrolabe","Sozu"],"picked":"Philosopher\u0027s Stone"}],"items_purged_floors":[3],"is_endless":false,"potions_floor_spawned":[6,12,13,14,16],"killed_by":"Gremlin Leader","ascension_level":10}