{"gold_per_floor":[213,388,403,421,97,125,19,19,19,49,49,2,56,73,73,169,169,189,205,65,165,165,230,230,246,297,297],"floor_reached":27,"playtime":1702,"items_purged":["Doubt","Writhe"],"score":239,"play_id":"161889c3-0981-432b-a71c-35646e161044","local_time":"20180703165414","is_ascension_mode":false,"campfire_choices":[{"data":"Zap","floor":8,"key":"SMITH"},{"data":"Recycle","floor":11,"key":"SMITH"},{"data":"Thunder Strike","floor":15,"key":"SMITH"}],"neow_cost":"NONE","seed_source_timestamp":553249348045932,"circlet_count":0,"master_deck":["Strike_B","Strike_B","Strike_B","Strike_B","Defend_B","Defend_B","Defend_B","Defend_B","Zap+1","Dualcast","Ball Lightning","Ball Lightning","Doom and Gloom","Finesse","Thunder Strike+1","Finesse","Recycle+1","Ball Lightning","Storm","Creative AI","Self Repair","Hello World","White Noise","Writhe","Capacitor"],"relics":["Cracked Core","Omamori","Letter Opener","Mummified Hand","Juzu Bracelet","Strawberry","Calling Bell","Blood Vial","Kunai","Thread and Needle","Toolbox","Tiny Chest","Art of War"],"potions_floor_usage":[18,25],"damage_taken":[{"damage":2,"enemies":"2 Louse","floor":1,"turns":2},{"damage":1,"enemies":"Cultist","floor":3,"turns":3},{"damage":1,"enemies":"Jaw Worm","floor":4,"turns":3},{"damage":16,"enemies":"Gremlin Nob","floor":6,"turns":3},{"damage":14,"enemies":"3 Sentries","floor":10,"turns":3},{"damage":14,"enemies":"3 Louse","floor":14,"turns":2},{"damage":31,"enemies":"The Guardian","floor":16,"turns":7},{"damage":16,"enemies":"2 Thieves","floor":18,"turns":3},{"damage":33,"enemies":"Chosen","floor":19,"turns":5},{"damage":22,"enemies":"Gremlin Leader","floor":23,"turns":5},{"damage":14,"enemies":"Slaver and Parasite","floor":25,"turns":4},{"damage":26,"enemies":"Chosen and Byrds","floor":27,"turns":3}],"seed_played":"-3259686653596405687","potions_obtained":[{"floor":1,"key":"Strength Potion"},{"floor":3,"key":"Ancient Potion"},{"floor":6,"key":"Fire Potion"},{"floor":18,"key":"GamblersBrew"},{"floor":23,"key":"GamblersBrew"},{"floor":24,"key":"Fire Potion"}],"is_trial":false,"path_per_floor":["M","?","M","M","$","E","$","R","T","E","R","$","T","M","R","B",null,"M","M","$","?","?","E","?","M","T"],"character_chosen":"DEFECT","items_purchased":["Omamori","Finesse","Finesse","Ball Lightning","White Noise"],"campfire_rested":0,"item_purchase_floors":[5,5,7,12,20],"current_hp_per_floor":[73,73,72,71,71,55,55,55,55,41,41,41,48,34,34,3,82,66,42,42,42,42,29,29,24,24,0],"gold":297,"neow_bonus":"HUNDRED_GOLD","is_prod":false,"is_daily":false,"chose_seed":false,"campfire_upgraded":3,"win_rate":0,"timestamp":1530600854,"path_taken":["M","?","?","M","$","E","?","R","T","E","R","$","?","M","R","BOSS","M","M","$","?","?","E","?","M","T","M"],"build_version":"2018-06-28","purchased_purges":2,"victory":false,"max_hp_per_floor":[75,75,75,75,75,75,75,75,75,75,75,75,82,82,82,82,82,82,82,82,82,82,82,82,82,82,82],"card_choices":[{"not_picked":["Blizzard","Beam Cell"],"picked":"Ball Lightning","floor":1},{"not_picked":["Consume","Barrage"],"picked":"Ball Lightning","floor":3},{"not_picked":["Recycle","Rebound"],"picked":"Doom and Gloom","floor":4},{"not_picked":["Streamline","Lockon"],"picked":"Thunder Strike","floor":6},{"not_picked":["Darkness","BootSequence"],"picked":"Recycle","floor":10},{"not_picked":["Compile Driver","Genetic Algorithm"],"picked":"Storm","floor":14},{"not_picked":["Meteor Strike","Hyperbeam"],"picked":"Creative AI","floor":16},{"not_picked":["Compile Driver","Go for the Eyes+1"],"picked":"Self Repair","floor":18},{"not_picked":["Stack","Redo+1"],"picked":"Hello World","floor":19},{"not_picked":["Undo","Redo","Barrage"],"picked":"SKIP","floor":23},{"not_picked":["Go for the Eyes","Hologram+1"],"picked":"Capacitor","floor":25}],"player_experience":456317,"relics_obtained":[{"floor":6,"key":"Letter Opener"},{"floor":9,"key":"Mummified Hand"},{"floor":10,"key":"Juzu Bracelet"},{"floor":13,"key":"Strawberry"},{"floor":17,"key":"Blood Vial"},{"floor":17,"key":"Kunai"},{"floor":17,"key":"Thread and Needle"},{"floor":23,"key":"Tiny Chest"},{"floor":26,"key":"Art of War"}],"event_choices":[{"event_name":"Liars Game","player_choice":"agreed","floor":2,"damage_taken":0},{"event_name":"Golden Shrine","player_choice":"Pray","floor":21,"damage_taken":0},{"event_name":"The Mausoleum","player_choice":"Yes","floor":22,"damage_taken":0},{"event_name":"The Lab","player_choice":"Got Potions","floor":24,"damage_taken":0}],"boss_relics":[{"not_picked":["Ectoplasm","Coffee Dripper"],"picked":"Calling Bell"}],"items_purged_floors":[5,20],"is_endless":false,"potions_floor_spawned":[1,3,6,18,23],"killed_by":"Chosen and Byrds","ascension_level":0}