{"path_per_floor":["M","?","M","M","?","E","M","M","T","M","M","R","?","?","R","B",null,"M","?","$","?","$"],"character_chosen":"DEFECT","items_purchased":["Frozen Egg 2","Capacitor","Defragment+1"],"gold_per_floor":[117,117,136,149,149,182,196,208,208,227,246,246,246,321,321,416,416,434,434,107,107,47,47],"floor_reached":23,"campfire_rested":2,"playtime":1108,"item_purchase_floors":[20,20,20],"current_hp_per_floor":[62,62,62,57,43,43,28,26,26,9,2,22,22,11,31,2,68,62,62,62,62,62,0],"items_purged":["Strike_B"],"gold":47,"score":216,"play_id":"ea3bd280-2474-4991-9db6-a76005b70156","local_time":"20180603234507","is_prod":false,"is_daily":false,"chose_seed":false,"is_ascension_mode":false,"campfire_upgraded":0,"win_rate":0.0,"timestamp":1528033507,"campfire_choices":[{"floor":12,"key":"REST"},{"floor":15,"key":"REST"}],"path_taken":["M","?","M","M","?","E","M","M","T","M","?","R","?","?","R","BOSS","M","?","$","?","$","E"],"build_version":"2018-05-31","seed_source_timestamp":41628038929496,"purchased_purges":1,"victory":false,"master_deck":["Strike_B","Strike_B","Strike_B","Defend_B","Defend_B+1","Defend_B","Defend_B","Zap","Dualcast","Gash+1","Rip and Tear","Darkness+1","Rebound","Amplify","Buffer","Rebound+1","Self Repair","Capacitor+1","Defragment+1"],"max_hp_per_floor":[68,68,68,68,68,68,68,68,68,68,68,68,68,68,68,68,68,68,68,68,68,68,68],"relics":["Cracked Core","Turnip","Matryoshka","Pen Nib","The Courier","Sozu","Frozen Egg 2","Blood Vial"],"card_choices":[{"not_picked":["Undo","Rebound"],"picked":"Gash","floor":1},{"not_picked":["Reprogram","Undo"],"picked":"Rip and Tear","floor":3},{"not_picked":["Turbo","Skim"],"picked":"Darkness","floor":4},{"not_picked":["Steam","Chill"],"picked":"Rebound","floor":6},{"not_picked":["Auto Shields","Chaos","Steam"],"picked":"SKIP","floor":7},{"not_picked":["Doom and Gloom","Leap","Go for the Eyes"],"picked":"SKIP","floor":8},{"not_picked":["Leap","Aggregate","Steam"],"picked":"SKIP","floor":10},{"not_picked":["BootSequence","Conserve Battery"],"picked":"Amplify","floor":11},{"not_picked":["Core Surge","Multi-Cast"],"picked":"Buffer","floor":16},{"not_picked":["Tempest+1","Conserve Battery"],"picked":"Rebound+1","floor":18}],"player_experience":305523,"potions_floor_usage":[6,6,10,10,10,11,16],"damage_taken":[{"damage":6,"enemies":"Jaw Worm","floor":1,"turns":3},{"damage":0,"enemies":"Cultist","floor":3,"turns":3},{"damage":5,"enemies":"2 Louse","floor":4,"turns":2},{"damage":0,"enemies":"3 Sentries","floor":6,"turns":4},{"damage":15,"enemies":"2 Fungi Beasts","floor":7,"turns":3},{"damage":2,"enemies":"Looter","floor":8,"turns":2},{"damage":17,"enemies":"Exordium Wildlife","floor":10,"turns":4},{"damage":7,"enemies":"Large Slime","floor":11,"turns":4},{"damage":29,"enemies":"The Guardian","floor":16,"turns":9},{"damage":6,"enemies":"Shell Parasite","floor":18,"turns":5},{"damage":73,"enemies":"Slavers","floor":23,"turns":3}],"relics_obtained":[{"floor":6,"key":"Matryoshka"},{"floor":9,"key":"Pen Nib"},{"floor":9,"key":"The Courier"}],"event_choices":[{"event_name":"Upgrade Shrine","player_choice":"Upgraded","floor":2,"damage_taken":0},{"event_name":"Shining Light","player_choice":"Entered Light","floor":5,"damage_taken":0},{"event_name":"Golden Idol","player_choice":"Ignored","floor":13,"damage_taken":0},{"event_name":"World of Goop","player_choice":"Gather Gold","floor":14,"damage_taken":0},{"event_name":"The Library","player_choice":"Read","floor":19,"damage_taken":0},{"event_name":"The Mausoleum","player_choice":"Yes","floor":21,"damage_taken":0}],"boss_relics":[{"not_picked":["Calling Bell","Orrery"],"picked":"Sozu"}],"items_purged_floors":[22],"potions_floor_spawned":[1,4,6,10,18],"seed_played":"6860525409674218327","killed_by":"Slavers","ascension_level":0,"potions_obtained":[{"floor":1,"key":"EssenceOfSteel"},{"floor":4,"key":"Fire Potion"},{"floor":6,"key":"EntropicBrew"},{"floor":10,"key":"Strength Potion"}],"is_trial":false}