{"gold_per_floor":[116,116,145,157,169,181,193,225,305,351,363,375,387,434,446,529,541,572,596,608,637,574,586,169,169,169,444,463,163,191,204,204,283,283,301,301,313,116,133,133,160,160,160,63,63,83,94,0,0,0,0],"floor_reached":52,"playtime":2733,"items_purged":["Regret","Stack"],"score":1937,"play_id":"11545d64-f780-4860-8c5c-e37d5311d8b3","local_time":"20190107161116","is_ascension_mode":true,"campfire_choices":[{"data":"Deep Breath","floor":7,"key":"SMITH"},{"floor":11,"key":"REST"},{"data":"Defragment","floor":13,"key":"SMITH"},{"data":"Zap","floor":15,"key":"SMITH"},{"data":"Dualcast","floor":23,"key":"SMITH"},{"data":"Scrape","floor":25,"key":"SMITH"},{"floor":32,"key":"REST"},{"floor":40,"key":"REST"},{"data":"Madness","floor":42,"key":"SMITH"},{"floor":49,"key":"REST"}],"neow_cost":"NONE","seed_source_timestamp":16619569591927,"circlet_count":0,"master_deck":["AscendersBane","Zap+1","Dualcast+1","Deep Breath+1","Go for the Eyes","Go for the Eyes","Core Surge","Defragment+1","FTL","Electrodynamics","Static Discharge","Scrape+1","Steam","Go for the Eyes","Beam Cell","Cold Snap","Defragment","Madness+1","Flash of Steel","FTL","Go for the Eyes+1","Steam","All For One","Hologram+1","Finesse","Buffer","Blind","Gash+1"],"relics":["FrozenCore","MawBank","Symbiotic Virus","Dodecahedron","Mercury Hourglass","Bag of Marbles","Pandora\u0027s Box","Unceasing Top","Ornamental Fan","Letter Opener","FossilizedHelix","Pantograph","Red Mask"],"potions_floor_usage":[16,16,30,31,33,50],"damage_taken":[{"damage":1,"enemies":"2 Louse","floor":1,"turns":4},{"damage":0,"enemies":"Small Slimes","floor":3,"turns":3},{"damage":5,"enemies":"Jaw Worm","floor":8,"turns":3},{"damage":17,"enemies":"Gremlin Nob","floor":10,"turns":4},{"damage":22,"enemies":"3 Sentries","floor":14,"turns":5},{"damage":29,"enemies":"The Guardian","floor":16,"turns":10},{"damage":0,"enemies":"Chosen","floor":18,"turns":3},{"damage":11,"enemies":"Spheric Guardian","floor":19,"turns":3},{"damage":4,"enemies":"Snake Plant","floor":21,"turns":3},{"damage":1,"enemies":"Chosen and Byrds","floor":28,"turns":4},{"damage":21,"enemies":"Book of Stabbing","floor":30,"turns":3},{"damage":0,"enemies":"Snecko","floor":31,"turns":3},{"damage":0,"enemies":"Collector","floor":33,"turns":5},{"damage":23,"enemies":"3 Darklings","floor":35,"turns":3},{"damage":8,"enemies":"3 Shapes","floor":37,"turns":3},{"damage":0,"enemies":"Maw","floor":39,"turns":5},{"damage":1,"enemies":"Giant Head","floor":41,"turns":6},{"damage":21,"enemies":"4 Shapes","floor":46,"turns":2},{"damage":0,"enemies":"Spire Growth","floor":47,"turns":4},{"damage":15,"enemies":"Awakened One","floor":50,"turns":6},{"damage":65,"enemies":"Time Eater","floor":51,"turns":9}],"seed_played":"-1211098281361378561","potions_obtained":[{"floor":1,"key":"Dexterity Potion"},{"floor":14,"key":"Weak Potion"},{"floor":19,"key":"Ancient Potion"},{"floor":30,"key":"Poison Potion"},{"floor":31,"key":"FearPotion"},{"floor":35,"key":"FocusPotion"}],"is_trial":false,"path_per_floor":["M","?","M","?","$","?","R","M","T","E","R","?","R","E","R","B",null,"M","M","?","M","?","R","$","R","T","?","M","$","E","M","R","B",null,"M","?","M","$","M","R","E","R","T","$","?","M","M","?","R","B","B",null],"character_chosen":"DEFECT","items_purchased":["Unceasing Top","Madness","Flash of Steel","FTL","PowerPotion","Finesse","Blind"],"campfire_rested":4,"item_purchase_floors":[24,24,29,29,29,38,44],"current_hp_per_floor":[63,63,63,45,45,38,38,33,33,16,37,54,54,32,32,3,54,54,43,43,39,39,39,39,39,39,39,38,38,17,17,37,37,60,37,37,29,29,29,49,48,48,48,48,48,27,27,27,47,53,3],"gold":0,"neow_bonus":"RANDOM_COLORLESS","is_prod":false,"is_daily":false,"chose_seed":false,"campfire_upgraded":6,"win_rate":0,"timestamp":1546837876,"path_taken":["M","?","M","?","$","?","R","M","T","E","R","?","R","E","R","BOSS","M","M","?","?","?","R","?","R","T","?","M","$","E","?","R","BOSS","M","?","M","$","M","R","E","R","T","$","?","M","M","?","R","BOSS","BOSS"],"build_version":"2018-11-15","purchased_purges":2,"victory":true,"max_hp_per_floor":[71,71,71,71,71,71,71,71,71,71,71,71,71,71,71,71,71,71,71,68,68,68,68,68,68,68,68,68,68,68,68,68,68,68,68,68,68,68,68,68,68,68,68,68,68,68,68,68,68,68,68],"card_choices":[{"not_picked":["Conserve Battery","Melter"],"picked":"Go for the Eyes","floor":1},{"not_picked":["Conserve Battery","Leap"],"picked":"Go for the Eyes","floor":3},{"not_picked":["Melter","Sweeping Beam"],"picked":"Core Surge","floor":8},{"not_picked":["Beam Cell","Redo"],"picked":"Defragment","floor":10},{"not_picked":["Conserve Battery","Sweeping Beam"],"picked":"FTL","floor":14},{"not_picked":["Biased Cognition","Amplify"],"picked":"Electrodynamics","floor":16},{"not_picked":["Hologram","Aggregate","Gash"],"picked":"SKIP","floor":18},{"not_picked":["Go for the Eyes","Hologram"],"picked":"Cold Snap","floor":19},{"not_picked":["Doom and Gloom","Sweeping Beam+1"],"picked":"Defragment","floor":21},{"not_picked":["Redo","Glacier","Stack+1"],"picked":"SKIP","floor":28},{"not_picked":["Heatsinks+1","Capacitor"],"picked":"Go for the Eyes+1","floor":30},{"not_picked":["Barrage","FTL"],"picked":"Steam","floor":31},{"not_picked":["Seek","Fission"],"picked":"All For One","floor":33},{"not_picked":["Compile Driver","Ball Lightning","Leap"],"picked":"SKIP","floor":35},{"not_picked":["Leap","Streamline"],"picked":"Hologram+1","floor":37},{"not_picked":["Conserve Battery","Ball Lightning","Hologram"],"picked":"SKIP","floor":39},{"not_picked":["Conserve Battery","Beam Cell"],"picked":"Buffer","floor":41},{"not_picked":["Barrage+1","Sweeping Beam","Conserve Battery"],"picked":"SKIP","floor":46},{"not_picked":["Beam Cell","Ball Lightning"],"picked":"Gash+1","floor":47}],"player_experience":1016980,"relics_obtained":[{"floor":9,"key":"Dodecahedron"},{"floor":10,"key":"Mercury Hourglass"},{"floor":14,"key":"Bag of Marbles"},{"floor":26,"key":"Ornamental Fan"},{"floor":30,"key":"Letter Opener"},{"floor":41,"key":"FossilizedHelix"},{"floor":43,"key":"Pantograph"}],"event_choices":[{"damage_healed":0,"gold_gain":0,"player_choice":"Box","damage_taken":0,"relics_obtained":["MawBank"],"max_hp_gain":0,"max_hp_loss":0,"event_name":"Big Fish","floor":2,"gold_loss":0,"cards_obtained":["Regret"]},{"damage_healed":0,"gold_gain":0,"player_choice":"Success","damage_taken":18,"relics_obtained":["Symbiotic Virus"],"max_hp_gain":0,"max_hp_loss":0,"event_name":"Scrap Ooze","floor":4,"gold_loss":0},{"cards_removed":["Regret"],"damage_healed":0,"gold_gain":0,"player_choice":"Card Removal","damage_taken":7,"max_hp_gain":0,"max_hp_loss":0,"event_name":"Golden Wing","floor":6,"gold_loss":0},{"damage_healed":17,"gold_gain":0,"player_choice":"Healed and dodged fight","damage_taken":0,"max_hp_gain":0,"max_hp_loss":0,"event_name":"Mushrooms","floor":12,"gold_loss":0,"cards_obtained":["Parasite"]},{"cards_removed":["Parasite"],"damage_healed":0,"gold_gain":0,"player_choice":"Removed Curses","damage_taken":0,"max_hp_gain":0,"max_hp_loss":0,"event_name":"Fountain of Cleansing","floor":20,"gold_loss":0},{"cards_removed":["Blizzard"],"damage_healed":0,"gold_gain":0,"player_choice":"Gave Gold","damage_taken":0,"max_hp_gain":0,"max_hp_loss":0,"event_name":"Beggar","floor":22,"gold_loss":75},{"damage_healed":0,"gold_gain":275,"player_choice":"Desecrate","damage_taken":0,"max_hp_gain":0,"max_hp_loss":0,"event_name":"Golden Shrine","floor":27,"gold_loss":0,"cards_obtained":["Regret"]},{"damage_healed":0,"gold_gain":0,"player_choice":"Ignored","damage_taken":0,"max_hp_gain":0,"max_hp_loss":0,"event_name":"Mysterious Sphere","floor":36,"gold_loss":0},{"cards_removed":["Conserve Battery"],"damage_healed":0,"gold_gain":0,"player_choice":"Removed Skill","damage_taken":0,"max_hp_gain":0,"max_hp_loss":0,"event_name":"Falling","floor":45,"gold_loss":0},{"damage_healed":0,"gold_gain":0,"player_choice":"Paid","damage_taken":0,"relics_obtained":["Red Mask"],"max_hp_gain":0,"max_hp_loss":0,"event_name":"Tomb of Lord Red Mask","floor":48,"gold_loss":94}],"is_beta":true,"boss_relics":[{"not_picked":["Runic Pyramid","Lizard Tail"],"picked":"Pandora\u0027s Box"},{"not_picked":["Black Star","Runic Dome"],"picked":"FrozenCore"}],"items_purged_floors":[29,38],"is_endless":false,"potions_floor_spawned":[1,14,19,30,31,35,39,41],"ascension_level":20}