{"gold_per_floor":[114,39,50,50,50,50,83,137,137,152,166,41,57,68,68,68],"floor_reached":16,"playtime":1918,"items_purged":[],"score":248,"play_id":"d7ea8fec-6169-44a5-8100-d9b64758ca3c","local_time":"20190125144402","is_ascension_mode":true,"campfire_choices":[{"data":"Neutralize","floor":6,"key":"SMITH"},{"data":"Catalyst","floor":15,"key":"SMITH"}],"neow_cost":"NONE","seed_source_timestamp":770826765529994,"circlet_count":0,"master_deck":["AscendersBane","Defend_G","Defend_G","Defend_G","Defend_G","Defend_G","Strike_G","Strike_G","Strike_G+1","Strike_G","Survivor","Neutralize+1","Dagger Throw+1","Deadly Poison+1","Backflip","Crippling Poison","Noxious Fumes","Catalyst+1","Deflect"],"relics":["Ring of the Snake","NeowsBlessing","Blood Vial","Letter Opener"],"potions_floor_usage":[],"damage_taken":[{"damage":0,"enemies":"Jaw Worm","floor":1,"turns":1},{"damage":0,"enemies":"2 Louse","floor":3,"turns":1},{"damage":0,"enemies":"Lagavulin","floor":7,"turns":1},{"damage":0,"enemies":"Small Slimes","floor":10,"turns":4},{"damage":3,"enemies":"Looter","floor":11,"turns":3},{"damage":3,"enemies":"2 Fungi Beasts","floor":13,"turns":4},{"damage":5,"enemies":"Red Slaver","floor":14,"turns":4},{"damage":50,"enemies":"Slime Boss","floor":16,"turns":6}],"seed_played":"-9180702904712406902","potions_obtained":[{"floor":7,"key":"GamblersBrew"},{"floor":10,"key":"Dexterity Potion"},{"floor":13,"key":"Ancient Potion"}],"is_trial":false,"path_per_floor":["M","?","M","?","?","R","E","?","T","M","M","$","M","M","R","B"],"character_chosen":"THE_SILENT","items_purchased":["Noxious Fumes","Catalyst"],"campfire_rested":0,"item_purchase_floors":[12,12],"current_hp_per_floor":[59,59,59,39,39,39,39,39,39,41,40,40,39,36,36,0],"gold":68,"neow_bonus":"THREE_ENEMY_KILL","is_prod":false,"is_daily":false,"chose_seed":false,"campfire_upgraded":2,"win_rate":0,"timestamp":1548456242,"path_taken":["M","?","M","?","?","R","E","?","T","M","M","?","M","M","R","BOSS"],"build_version":"2019-01-23","purchased_purges":0,"victory":false,"max_hp_per_floor":[66,66,66,66,66,66,66,66,66,66,66,66,66,66,66,66],"card_choices":[{"not_picked":["Dodge and Roll","Bane"],"picked":"Dagger Throw","floor":1},{"not_picked":["Underhanded Strike","Dagger Spray"],"picked":"Deadly Poison","floor":3},{"not_picked":["Underhanded Strike","Cloak And Dagger"],"picked":"Backflip","floor":7},{"not_picked":["Quick Slash","Outmaneuver"],"picked":"Crippling Poison","floor":10},{"not_picked":["Deflect","Sucker Punch","Cloak And Dagger"],"picked":"SKIP","floor":11},{"not_picked":["Wraith Form v2","Dagger Spray"],"picked":"Deflect","floor":13},{"not_picked":["Quick Slash","Acrobatics","Sucker Punch"],"picked":"SKIP","floor":14}],"player_experience":1767209,"relics_obtained":[{"floor":7,"key":"Blood Vial"},{"floor":9,"key":"Letter Opener"}],"event_choices":[{"cards_removed":["Strike_G"],"damage_healed":0,"gold_gain":0,"player_choice":"Card Removal","damage_taken":0,"max_hp_gain":0,"max_hp_loss":0,"event_name":"The Cleric","floor":2,"gold_loss":75},{"damage_healed":0,"gold_gain":0,"player_choice":"Entered Light","damage_taken":20,"max_hp_gain":0,"max_hp_loss":0,"event_name":"Shining Light","floor":4,"gold_loss":0,"cards_upgraded":["Strike_G","Dagger Throw"]},{"damage_healed":0,"gold_gain":0,"player_choice":"Grow","damage_taken":0,"max_hp_gain":0,"max_hp_loss":0,"event_name":"Living Wall","floor":5,"gold_loss":0,"cards_upgraded":["Deadly Poison"]},{"damage_healed":0,"gold_gain":54,"player_choice":"Gained Gold","damage_taken":0,"max_hp_gain":0,"max_hp_loss":0,"event_name":"Golden Wing","floor":8,"gold_loss":0}],"is_beta":false,"boss_relics":[],"items_purged_floors":[],"is_endless":false,"potions_floor_spawned":[7,10,13,14],"killed_by":"Slime Boss","ascension_level":19}