{"gold_per_floor":[366,380,91,91,16,44,44,74,74,74,102,122,150,160,160,261,261,271,271,346,346,362,362,375,375,446,456,456,486,536,97,97,192,192,211,226,126,137,154,154,170,185,185,185,203,203,203,203,203,203,203,203,78,104,104],"floor_reached":55,"playtime":2538,"items_purged":["Regret","Strike_R","Magnetism"],"score":878,"play_id":"a859f3da-ee30-4b93-8ebd-b7caecbab049","local_time":"20190201193719","is_ascension_mode":true,"campfire_choices":[{"floor":7,"key":"REST"},{"data":"Shockwave","floor":10,"key":"SMITH"},{"floor":15,"key":"REST"},{"data":"Body Slam","floor":23,"key":"SMITH"},{"data":"Juggernaut","floor":25,"key":"SMITH"},{"data":"Spot Weakness","floor":28,"key":"SMITH"},{"floor":32,"key":"REST"},{"data":"Barricade","floor":40,"key":"SMITH"},{"floor":44,"key":"REST"},{"floor":49,"key":"RECALL"},{"data":"Juggernaut","floor":52,"key":"SMITH"}],"neow_cost":"PERCENT_DAMAGE","seed_source_timestamp":1902408715828940,"circlet_count":0,"master_deck":["Strike_R","Strike_R","Defend_R","Defend_R","Defend_R","Defend_R","Bash","Pommel Strike","Shrug It Off","Metallicize","Shockwave+1","Spot Weakness+1","Body Slam+1","Ghostly Armor","Juggernaut+1","Evolve","Metallicize","Juggernaut+1","Barricade+1","Battle Trance","Doubt","Madness","Madness","Sentinel+1"],"relics":["Burning Blood","Sundial","Ice Cream","Boot","Mango","StoneCalendar","Bag of Preparation","Self Forming Clay","Empty Cage","Blue Candle","Ornamental Fan","Shovel","Bag of Marbles","Torii","Runic Dome","Ginger","Lantern"],"potions_floor_usage":[6,8,13,24,27,33,39,42,50,50],"damage_taken":[{"damage":4,"enemies":"2 Louse","floor":1,"turns":3},{"damage":8,"enemies":"Jaw Worm","floor":2,"turns":4},{"damage":38,"enemies":"Gremlin Nob","floor":6,"turns":6},{"damage":18,"enemies":"Lagavulin","floor":8,"turns":6},{"damage":18,"enemies":"3 Sentries","floor":11,"turns":7},{"damage":3,"enemies":"Small Slimes","floor":12,"turns":4},{"damage":20,"enemies":"Gremlin Nob","floor":13,"turns":4},{"damage":12,"enemies":"3 Louse","floor":14,"turns":4},{"damage":29,"enemies":"Hexaghost","floor":16,"turns":11},{"damage":4,"enemies":"Chosen","floor":18,"turns":6},{"damage":11,"enemies":"Shell Parasite","floor":22,"turns":6},{"damage":14,"enemies":"Cultist and Chosen","floor":24,"turns":6},{"damage":12,"enemies":"3 Cultists","floor":27,"turns":6},{"damage":23,"enemies":"Book of Stabbing","floor":29,"turns":7},{"damage":63,"enemies":"Collector","floor":33,"turns":11},{"damage":9,"enemies":"Orb Walker","floor":35,"turns":6},{"damage":6,"enemies":"3 Shapes","floor":36,"turns":6},{"damage":10,"enemies":"Maw","floor":38,"turns":6},{"damage":33,"enemies":"Spire Growth","floor":39,"turns":5},{"damage":41,"enemies":"Jaw Worm Horde","floor":41,"turns":5},{"damage":21,"enemies":"Transient","floor":42,"turns":5},{"damage":26,"enemies":"Spire Growth","floor":45,"turns":5},{"damage":81,"enemies":"Time Eater","floor":50,"turns":8},{"damage":90,"enemies":"Shield and Spear","floor":54,"turns":7},{"damage":32,"enemies":"The Heart","floor":55,"turns":3}],"seed_played":"-2015296815949727009","potions_obtained":[{"floor":2,"key":"SkillPotion"},{"floor":6,"key":"Explosive Potion"},{"floor":11,"key":"PowerPotion"},{"floor":16,"key":"Fire Potion"},{"floor":18,"key":"BloodPotion"},{"floor":24,"key":"Energy Potion"},{"floor":33,"key":"GamblersBrew"},{"floor":35,"key":"SkillPotion"},{"floor":41,"key":"SkillPotion"},{"floor":42,"key":"EssenceOfSteel"}],"is_trial":false,"path_per_floor":["M","M","$","?","$","E","R","E","T","R","E","M","E","M","R","B",null,"M","?","T","?","M","R","M","R","T","M","R","E","?","$","R","B",null,"M","M","$","M","M","R","M","M","T","R","M","?","?","?","R","B",null,"R","$","E","B"],"character_chosen":"IRONCLAD","items_purchased":["Metallicize","Sundial","Bag of Marbles","Torii"],"campfire_rested":4,"item_purchase_floors":[3,3,31,31],"current_hp_per_floor":[58,56,56,56,56,24,48,50,50,50,38,41,27,21,49,26,94,94,94,94,75,70,70,62,62,62,56,56,39,39,39,68,20,99,96,96,96,92,65,65,30,15,15,44,24,99,87,82,82,7,99,99,99,15,0],"gold":104,"neow_bonus":"TWO_FIFTY_GOLD","is_prod":false,"is_daily":false,"chose_seed":false,"campfire_upgraded":6,"win_rate":0,"timestamp":1549017439,"path_taken":["M","M","$","?","$","E","R","E","T","R","E","M","E","M","R","BOSS","M","?","?","?","M","R","M","R","T","M","R","E","?","$","R","BOSS","M","M","?","M","M","R","?","M","T","R","M","?","?","?","R","BOSS","R","$","E","BOSS"],"build_version":"2019-01-23","purchased_purges":3,"victory":false,"max_hp_per_floor":[80,80,80,80,80,80,80,94,94,94,94,94,94,94,94,94,94,94,94,94,99,99,99,99,99,99,99,99,99,99,99,99,99,99,99,99,99,99,99,99,99,99,99,99,99,99,99,99,99,99,99,99,99,99,99],"card_choices":[{"not_picked":["Battle Trance","Perfected Strike"],"picked":"Pommel Strike","floor":1},{"not_picked":["Sword Boomerang","Havoc"],"picked":"Shrug It Off","floor":2},{"not_picked":["Shrug It Off","Heavy Blade"],"picked":"Shockwave","floor":6},{"not_picked":["Wild Strike","Clash","Pommel Strike"],"picked":"SKIP","floor":8},{"not_picked":["Cleave","Iron Wave","Shrug It Off"],"picked":"SKIP","floor":11},{"not_picked":["Carnage","Power Through"],"picked":"Spot Weakness","floor":12},{"not_picked":["Iron Wave","Anger"],"picked":"Body Slam","floor":13},{"not_picked":["Fiend Fire","Blood for Blood"],"picked":"Ghostly Armor","floor":14},{"not_picked":["Berserk","Exhume"],"picked":"Juggernaut","floor":16},{"not_picked":["Wild Strike","Clash+1"],"picked":"Evolve","floor":18},{"not_picked":["Armaments","True Grit"],"picked":"Metallicize","floor":22},{"not_picked":["Warcry","Cleave","Uppercut"],"picked":"SKIP","floor":24},{"not_picked":["Havoc","Metallicize","Burning Pact"],"picked":"SKIP","floor":27},{"not_picked":["Metallicize","Thunderclap+1"],"picked":"Juggernaut","floor":29},{"not_picked":["Feed","Brutality"],"picked":"Barricade","floor":33},{"not_picked":["Cleave+1","Clothesline","Pommel Strike+1"],"picked":"SKIP","floor":35},{"not_picked":["Carnage","Rupture+1"],"picked":"Battle Trance","floor":36},{"not_picked":["Twin Strike+1","Blood for Blood+1","Feed"],"picked":"SKIP","floor":38},{"not_picked":["Heavy Blade+1","Sword Boomerang+1","Reckless Charge"],"picked":"SKIP","floor":39},{"not_picked":["Body Slam+1","Sword Boomerang+1","Shrug It Off+1"],"picked":"SKIP","floor":41},{"not_picked":["Perfected Strike","Seeing Red","Clothesline"],"picked":"SKIP","floor":42},{"not_picked":["Cleave+1","Hemokinesis+1","Iron Wave"],"picked":"SKIP","floor":45},{"not_picked":["Secret Technique","Panache"],"picked":"Magnetism","floor":48},{"not_picked":["Warcry","Shockwave"],"picked":"Sentinel+1","floor":54}],"player_experience":764616,"relics_obtained":[{"floor":6,"key":"Boot"},{"floor":8,"key":"Mango"},{"floor":9,"key":"StoneCalendar"},{"floor":11,"key":"Bag of Preparation"},{"floor":13,"key":"Self Forming Clay"},{"floor":20,"key":"Ornamental Fan"},{"floor":29,"key":"Shovel"},{"floor":43,"key":"Ginger"},{"floor":54,"key":"Lantern"}],"event_choices":[{"damage_healed":0,"gold_gain":0,"player_choice":"Box","damage_taken":0,"relics_obtained":["Ice Cream"],"max_hp_gain":0,"max_hp_loss":0,"event_name":"Big Fish","floor":4,"gold_loss":0,"cards_obtained":["Regret"]},{"damage_healed":0,"gold_gain":0,"player_choice":"Opened","damage_taken":0,"relics_obtained":["Blue Candle"],"max_hp_gain":0,"max_hp_loss":0,"event_name":"The Mausoleum","floor":19,"gold_loss":0},{"damage_healed":0,"gold_gain":0,"player_choice":"Shed Blood","damage_taken":24,"max_hp_gain":5,"max_hp_loss":0,"event_name":"Forgotten Altar","floor":21,"gold_loss":0},{"damage_healed":0,"gold_gain":100,"player_choice":"Bet on Murderer","damage_taken":0,"max_hp_gain":0,"max_hp_loss":0,"event_name":"The Joust","floor":30,"gold_loss":50},{"damage_healed":75,"gold_gain":0,"player_choice":"Heal","damage_taken":0,"max_hp_gain":0,"max_hp_loss":0,"event_name":"MindBloom","floor":46,"gold_loss":0,"cards_obtained":["Doubt"]},{"damage_healed":0,"gold_gain":0,"player_choice":"Embrace Madness","damage_taken":12,"max_hp_gain":0,"max_hp_loss":0,"event_name":"Winding Halls","floor":47,"gold_loss":0,"cards_obtained":["Madness","Madness"]},{"damage_healed":0,"gold_gain":0,"player_choice":"Memory 2","damage_taken":5,"max_hp_gain":0,"max_hp_loss":0,"event_name":"SensoryStone","floor":48,"gold_loss":0}],"is_beta":false,"boss_relics":[{"not_picked":["Sozu","Ectoplasm"],"picked":"Empty Cage"},{"not_picked":["Coffee Dripper","Fusion Hammer"],"picked":"Runic Dome"}],"items_purged_floors":[5,37,53],"is_endless":false,"potions_floor_spawned":[2,6,11,16,18,24,33,35,41,42],"killed_by":"The Heart","ascension_level":4}