{"gold_per_floor":[117,192,210,135,146,179,179,144,144,54,54,84,151,161,161,266,266,283,283,283,44,64,64],"floor_reached":23,"playtime":863,"items_purged":["Strike_B"],"score":266,"play_id":"bad2a41b-8d20-4913-980d-47ce2fbca2f3","local_time":"20190105121034","is_ascension_mode":true,"campfire_choices":[{"data":"Zap","floor":7,"key":"SMITH"},{"data":"Dualcast","floor":11,"key":"SMITH"},{"floor":15,"key":"REST"}],"neow_cost":"NONE","seed_source_timestamp":1316604973333355,"circlet_count":0,"master_deck":["Strike_B+1","Strike_B+1","Strike_B+1","Defend_B+1","Defend_B+1","Defend_B+1","Defend_B+1","Zap+1","Dualcast+1","Reinforced Body","Gash","Cold Snap","All For One","Flash of Steel","Go for the Eyes","Go for the Eyes","Echo Form","Defragment","Swift Strike","Finesse","Turbo+1"],"relics":["Cracked Core","NeowsBlessing","Shuriken","Cables","Regal Pillow","Eternal Feather","Bag of Preparation"],"potions_floor_usage":[12,16,23,23],"damage_taken":[{"damage":0,"enemies":"2 Louse","floor":1,"turns":1},{"damage":0,"enemies":"Small Slimes","floor":3,"turns":1},{"damage":0,"enemies":"Jaw Worm","floor":5,"turns":1},{"damage":35,"enemies":"Lagavulin","floor":6,"turns":8},{"damage":20,"enemies":"Gremlin Nob","floor":12,"turns":3},{"damage":6,"enemies":"Looter","floor":14,"turns":2},{"damage":22,"enemies":"The Guardian","floor":16,"turns":7},{"damage":16,"enemies":"3 Byrds","floor":18,"turns":5},{"damage":16,"enemies":"2 Thieves","floor":22,"turns":3},{"damage":22,"enemies":"Gremlin Leader","floor":23,"turns":4}],"seed_played":"4660008993595135612","potions_obtained":[{"floor":1,"key":"AttackPotion"},{"floor":6,"key":"SneckoOil"},{"floor":14,"key":"FocusPotion"},{"floor":16,"key":"SpeedPotion"},{"floor":22,"key":"Poison Potion"}],"is_trial":false,"path_per_floor":["M","?","M","$","M","E","R","?","T","$","R","E","?","M","R","B",null,"M","?","?","$","M","E"],"character_chosen":"DEFECT","items_purchased":["Flash of Steel","Finesse","Bag of Preparation"],"campfire_rested":1,"item_purchase_floors":[10,21,21],"current_hp_per_floor":[68,57,57,57,57,22,22,40,40,40,40,20,20,14,51,29,64,48,48,34,34,18,0],"gold":64,"neow_bonus":"THREE_ENEMY_KILL","is_prod":false,"is_daily":false,"chose_seed":false,"campfire_upgraded":2,"win_rate":0,"timestamp":1546711834,"path_taken":["M","?","M","$","M","E","R","?","T","?","R","E","?","M","R","BOSS","M","?","?","$","?","E"],"build_version":"2019-01-03v4","purchased_purges":1,"victory":false,"max_hp_per_floor":[75,75,75,75,75,75,75,75,75,75,75,75,75,75,75,75,75,75,75,75,75,75,75],"card_choices":[{"not_picked":["Loop","Redo"],"picked":"Reinforced Body","floor":1},{"not_picked":["Beam Cell","Go for the Eyes"],"picked":"Gash","floor":3},{"not_picked":["Scrape","Fusion"],"picked":"Cold Snap","floor":5},{"not_picked":["Sweeping Beam","Ball Lightning"],"picked":"All For One","floor":6},{"not_picked":["Streamline","Static Discharge"],"picked":"Go for the Eyes","floor":12},{"not_picked":["Rebound","Cold Snap"],"picked":"Go for the Eyes","floor":14},{"not_picked":["Reboot","Thunder Strike"],"picked":"Echo Form","floor":16},{"not_picked":["Static Discharge","Stack+1"],"picked":"Defragment","floor":18},{"not_picked":["Skim","Cold Snap"],"picked":"Turbo+1","floor":22}],"player_experience":377508,"relics_obtained":[{"floor":6,"key":"Shuriken"},{"floor":9,"key":"Cables"},{"floor":12,"key":"Regal Pillow"}],"event_choices":[{"damage_healed":0,"gold_gain":75,"player_choice":"Gather Gold","damage_taken":11,"max_hp_gain":0,"max_hp_loss":0,"event_name":"World of Goop","floor":2,"gold_loss":0},{"damage_healed":18,"gold_gain":0,"player_choice":"Healed","damage_taken":0,"max_hp_gain":0,"max_hp_loss":0,"event_name":"The Cleric","floor":8,"gold_loss":35},{"damage_healed":0,"gold_gain":67,"player_choice":"Gained Gold","damage_taken":0,"max_hp_gain":0,"max_hp_loss":0,"event_name":"Golden Wing","floor":13,"gold_loss":0},{"damage_healed":0,"gold_gain":0,"player_choice":"Simplicity","damage_taken":0,"max_hp_gain":0,"max_hp_loss":0,"event_name":"Back to Basics","floor":19,"gold_loss":0,"cards_upgraded":["Strike_B","Strike_B","Strike_B","Defend_B","Defend_B","Defend_B","Defend_B"]},{"damage_healed":0,"gold_gain":0,"player_choice":"CARD ","damage_taken":14,"max_hp_gain":0,"max_hp_loss":0,"event_name":"Knowing Skull","floor":20,"potions_obtained":[],"gold_loss":0,"cards_obtained":["Swift Strike"]}],"is_beta":false,"boss_relics":[{"not_picked":["Lizard Tail","FrozenCore"],"picked":"Eternal Feather"}],"items_purged_floors":[4],"is_endless":false,"potions_floor_spawned":[1,6,14,16,22],"killed_by":"Gremlin Leader","ascension_level":7}