{"gold_per_floor":[118,118,45,56,131,192,207,242,266,277,312,331,506,506,506,506],"floor_reached":16,"playtime":1273,"items_purged":[],"score":152,"play_id":"536fc6a4-9b86-47dd-8695-72345e43ac29","local_time":"20181208015628","is_ascension_mode":true,"campfire_choices":[{"floor":15,"key":"REST"}],"neow_cost":"NONE","seed_source_timestamp":10590990200774,"circlet_count":0,"master_deck":["Defend_G","Defend_G","Defend_G","Defend_G","Defend_G","Strike_G","Strike_G","Strike_G","Strike_G","Strike_G","Survivor","Neutralize","Leg Sweep","Regret","Noxious Fumes","Footwork","Backflip","Dagger Throw","Blade Dance","Underhanded Strike","Accuracy","Footwork","Doubt"],"relics":["Ring of the Snake","NeowsBlessing","Smiling Mask","Tiny Chest","Ninja Scroll","Strawberry"],"potions_floor_usage":[16,16,16],"damage_taken":[{"damage":0,"enemies":"Small Slimes","floor":1,"turns":1},{"damage":0,"enemies":"Jaw Worm","floor":4,"turns":1},{"damage":0,"enemies":"Gremlin Nob","floor":6,"turns":1},{"damage":2,"enemies":"2 Louse","floor":7,"turns":5},{"damage":14,"enemies":"Lagavulin","floor":8,"turns":9},{"damage":5,"enemies":"Exordium Wildlife","floor":10,"turns":3},{"damage":25,"enemies":"3 Sentries","floor":11,"turns":7},{"damage":7,"enemies":"2 Fungi Beasts","floor":12,"turns":3},{"damage":36,"enemies":"Slime Boss","floor":16,"turns":13}],"seed_played":"-1557873610185349322","potions_obtained":[{"floor":1,"key":"GhostInAJar"},{"floor":6,"key":"PowerPotion"},{"floor":11,"key":"Fire Potion"}],"is_trial":false,"path_per_floor":["M","?","$","M","?","E","M","E","T","M","E","M","?","?","R","B"],"character_chosen":"THE_SILENT","items_purchased":["Noxious Fumes"],"campfire_rested":1,"item_purchase_floors":[3],"current_hp_per_floor":[70,70,70,70,59,59,57,43,43,38,20,13,13,13,36,0],"gold":506,"neow_bonus":"THREE_ENEMY_KILL","is_prod":false,"is_daily":false,"chose_seed":false,"campfire_upgraded":0,"win_rate":0,"timestamp":1544252188,"path_taken":["M","?","$","M","?","E","M","E","T","M","E","M","?","?","R","BOSS"],"build_version":"2018-12-06","purchased_purges":0,"victory":false,"max_hp_per_floor":[70,70,70,70,70,70,70,70,70,70,77,77,77,77,77,77],"card_choices":[{"not_picked":["Sucker Punch","PiercingWail"],"picked":"Leg Sweep","floor":1},{"not_picked":["Bane","Dagger Throw"],"picked":"Footwork","floor":4},{"not_picked":["Dodge and Roll","Setup"],"picked":"Backflip","floor":6},{"not_picked":["Masterful Stab","Slice"],"picked":"Dagger Throw","floor":7},{"not_picked":["PiercingWail","Riddle With Holes"],"picked":"Blade Dance","floor":8},{"not_picked":["Poisoned Stab","Leg Sweep"],"picked":"Underhanded Strike","floor":10},{"not_picked":["Terror","Outmaneuver"],"picked":"Accuracy","floor":11},{"not_picked":["Slice","Well Laid Plans"],"picked":"Footwork","floor":12}],"player_experience":165551,"relics_obtained":[{"floor":6,"key":"Tiny Chest"},{"floor":8,"key":"Ninja Scroll"},{"floor":11,"key":"Strawberry"}],"event_choices":[{"damage_healed":0,"gold_gain":0,"player_choice":"Box","damage_taken":0,"relics_obtained":["Smiling Mask"],"max_hp_gain":0,"max_hp_loss":0,"event_name":"Big Fish","floor":2,"gold_loss":0,"cards_obtained":["Regret"]},{"damage_healed":0,"gold_gain":75,"player_choice":"Gather Gold","damage_taken":11,"max_hp_gain":0,"max_hp_loss":0,"event_name":"World of Goop","floor":5,"gold_loss":0},{"damage_healed":0,"gold_gain":175,"player_choice":"AGREE","damage_taken":0,"max_hp_gain":0,"max_hp_loss":0,"event_name":"Liars Game","floor":13,"gold_loss":0,"cards_obtained":["Doubt"]},{"damage_healed":0,"gold_gain":0,"player_choice":"Ignored","damage_taken":0,"max_hp_gain":0,"max_hp_loss":0,"event_name":"Shining Light","floor":14,"gold_loss":0}],"is_beta":false,"boss_relics":[],"items_purged_floors":[],"is_endless":false,"potions_floor_spawned":[1,6,11],"killed_by":"Slime Boss","ascension_level":1}