{"gold_per_floor":[110,123,141,160,160,160,174,209,235,235,235,205,237,248,248,345,345,362,373,392,392],"floor_reached":21,"playtime":857,"items_purged":[],"score":241,"play_id":"c3713db1-7ccc-4b6b-be5a-4b7c86cfe824","local_time":"20190130235609","is_ascension_mode":true,"campfire_choices":[{"data":"Darkness","floor":6,"key":"SMITH"},{"floor":11,"key":"REST"},{"floor":15,"key":"REST"}],"neow_cost":"NONE","seed_source_timestamp":7698152686635,"circlet_count":0,"master_deck":["Defend_B","Defend_B","Defend_B+1","Defend_B+1","Zap+1","Dualcast","Beam Cell","Darkness","Compile Driver","Darkness+1","Loop","FTL","Undo","Buffer","Self Repair+1","Auto Shields+1","Leap"],"relics":["Cracked Core","Happy Flower","Centennial Puzzle","War Paint","Empty Cage"],"potions_floor_usage":[7,13,13,13,21],"damage_taken":[{"damage":8,"enemies":"Small Slimes","floor":1,"turns":3},{"damage":0,"enemies":"Cultist","floor":2,"turns":3},{"damage":0,"enemies":"2 Louse","floor":3,"turns":2},{"damage":0,"enemies":"Exordium Wildlife","floor":4,"turns":2},{"damage":6,"enemies":"3 Louse","floor":7,"turns":2},{"damage":35,"enemies":"3 Sentries","floor":8,"turns":6},{"damage":20,"enemies":"Gremlin Nob","floor":13,"turns":3},{"damage":5,"enemies":"Large Slime","floor":14,"turns":4},{"damage":8,"enemies":"Hexaghost","floor":16,"turns":9},{"damage":40,"enemies":"3 Byrds","floor":18,"turns":4},{"damage":0,"enemies":"Spheric Guardian","floor":19,"turns":3},{"damage":33,"enemies":"Chosen and Byrds","floor":20,"turns":6},{"damage":20,"enemies":"3 Cultists","floor":21,"turns":3}],"seed_played":"6219665294228683120","potions_obtained":[{"floor":2,"key":"Explosive Potion"},{"floor":3,"key":"FearPotion"},{"floor":4,"key":"Swift Potion"},{"floor":8,"key":"GamblersBrew"},{"floor":12,"key":"Regen Potion"},{"floor":18,"key":"LiquidBronze"}],"is_trial":false,"path_per_floor":["M","M","M","M","?","R","M","E","T","?","R","?","E","M","R","B",null,"M","M","M","M"],"character_chosen":"DEFECT","items_purchased":[],"campfire_rested":2,"item_purchase_floors":[],"current_hp_per_floor":[67,67,67,67,67,67,61,26,26,19,41,41,30,25,47,39,66,26,36,13,0],"gold":392,"neow_bonus":"UPGRADE_CARD","is_prod":false,"is_daily":false,"chose_seed":false,"campfire_upgraded":1,"win_rate":0,"timestamp":1548888969,"path_taken":["M","M","M","M","?","R","?","E","T","?","R","?","E","M","R","BOSS","M","M","M","?"],"build_version":"2019-01-23","purchased_purges":0,"victory":false,"max_hp_per_floor":[75,75,75,75,75,75,75,75,75,75,75,75,75,75,75,75,75,75,75,75,75],"card_choices":[{"not_picked":["Turbo","Double Energy"],"picked":"Beam Cell","floor":1},{"not_picked":["Streamline","Blizzard"],"picked":"Darkness","floor":2},{"not_picked":["Reinforced Body","Genetic Algorithm"],"picked":"Compile Driver","floor":3},{"not_picked":["Compile Driver","Sweeping Beam","Streamline"],"picked":"SKIP","floor":4},{"not_picked":["Steam","Cold Snap"],"picked":"Loop","floor":7},{"not_picked":["Turbo","Streamline","All For One"],"picked":"SKIP","floor":8},{"not_picked":["Steam","Streamline"],"picked":"FTL","floor":13},{"not_picked":["Reinforced Body","Gash"],"picked":"Undo","floor":14},{"not_picked":["Amplify","Biased Cognition"],"picked":"Buffer","floor":16},{"not_picked":["Sweeping Beam","Doom and Gloom"],"picked":"Self Repair+1","floor":18},{"not_picked":["Go for the Eyes","Coolheaded"],"picked":"Auto Shields+1","floor":19},{"not_picked":["Redo","Gash"],"picked":"Leap","floor":20}],"player_experience":222147,"relics_obtained":[{"floor":8,"key":"Happy Flower"},{"floor":9,"key":"Centennial Puzzle"},{"floor":13,"key":"War Paint"}],"event_choices":[{"damage_healed":0,"gold_gain":0,"cards_transformed":["Strike_B"],"player_choice":"Transformed","damage_taken":0,"max_hp_gain":0,"max_hp_loss":0,"event_name":"Transmorgrifier","floor":5,"gold_loss":0,"cards_obtained":["Darkness"]},{"cards_removed":["Strike_B"],"damage_healed":0,"gold_gain":0,"player_choice":"Card Removal","damage_taken":7,"max_hp_gain":0,"max_hp_loss":0,"event_name":"Golden Wing","floor":10,"gold_loss":0},{"damage_healed":0,"gold_gain":0,"player_choice":"Bought 2 Potions","damage_taken":0,"max_hp_gain":0,"max_hp_loss":0,"event_name":"The Woman in Blue","floor":12,"gold_loss":0}],"is_beta":true,"boss_relics":[{"not_picked":["Busted Crown","Ectoplasm"],"picked":"Empty Cage"}],"items_purged_floors":[],"is_endless":false,"potions_floor_spawned":[2,3,4,8,18],"killed_by":"3 Cultists","ascension_level":5}