{"path_per_floor":["M","?","?","M","M","R","E","R","T","?","R","E","R","M","R","B",null,"M","$","?","M"],"character_chosen":"DEFECT","items_purchased":["Regal Pillow"],"gold_per_floor":[109,109,109,120,136,136,165,165,191,191,191,226,226,238,238,338,338,348,116,150,166,166],"floor_reached":22,"campfire_rested":2,"playtime":705,"current_hp_per_floor":[75,60,60,60,60,60,45,67,67,67,67,49,71,68,68,63,75,53,53,23,8,0],"items_purged":["Strike_B"],"gold":166,"score":192,"play_id":"a77f909b-3767-4d74-b2df-19ba96c2c4fb","local_time":"20180506114211","is_prod":false,"is_daily":false,"chose_seed":false,"is_ascension_mode":false,"campfire_upgraded":3,"timestamp":1525599731,"path_taken":["M","?","?","M","M","R","E","R","T","?","R","E","R","M","R","BOSS","M","$","?","?","M"],"build_version":"2018-05-03","seed_source_timestamp":9967524692799,"purchased_purges":1,"victory":false,"master_deck":["Strike_B","Strike_B+1","Defend_B","Defend_B","Defend_B","Defend_B","Zap+1","Dualcast+1","Ball Lightning+1","Regret","Cold Snap","Rebound","Ball Lightning","Redo+1","Capacitor","Rainbow","Ball Lightning+1","BootSequence"],"max_hp_per_floor":[75,75,75,75,75,75,75,75,75,75,75,75,75,75,75,75,75,75,75,75,75,75],"relics":["Cracked Core","NeowsBlessing","Bronze Scales","Oddly Smooth Stone","Happy Flower","Pen Nib","Inserter","Regal Pillow","Red Mask"],"card_choices":[{"not_picked":["Hologram","Conserve Battery"],"picked":"Ball Lightning","floor":1},{"not_picked":["Barrage","Go for the Eyes"],"picked":"Cold Snap","floor":4},{"not_picked":["Rip and Tear","Impulse"],"picked":"Rebound","floor":5},{"not_picked":["Turbo","FTL"],"picked":"Ball Lightning","floor":7},{"not_picked":["Sunder","FTL"],"picked":"Redo","floor":12},{"not_picked":["Coolheaded","Reprogram"],"picked":"Capacitor","floor":14},{"not_picked":["Echo Form","Fusion"],"picked":"Rainbow","floor":16},{"not_picked":["Double Energy","Consume"],"picked":"Ball Lightning","floor":18},{"not_picked":["Beam Cell","Axe Kick"],"picked":"BootSequence","floor":21}],"player_experience":26836,"potions_floor_usage":[],"damage_taken":[{"damage":0,"enemies":"2 Louse","floor":1,"turns":1},{"damage":0,"enemies":"Jaw Worm","floor":4,"turns":1},{"damage":0,"enemies":"Small Slimes","floor":5,"turns":1},{"damage":15,"enemies":"Gremlin Nob","floor":7,"turns":4},{"damage":18,"enemies":"Lagavulin","floor":12,"turns":4},{"damage":3,"enemies":"2 Fungi Beasts","floor":14,"turns":2},{"damage":5,"enemies":"Slime Boss","floor":16,"turns":6},{"damage":22,"enemies":"2 Thieves","floor":18,"turns":3},{"damage":30,"enemies":"Masked Bandits","floor":20,"turns":4},{"damage":15,"enemies":"Chosen","floor":21,"turns":4},{"damage":9,"enemies":"Centurion and Healer","floor":22,"turns":2}],"event_choices":[{"event_name":"Shining Light","player_choice":"Entered Light","floor":2,"damage_taken":0},{"event_name":"Big Fish","player_choice":"Box","floor":3,"damage_taken":0},{"event_name":"Living Wall","player_choice":"Forget","floor":10,"damage_taken":0},{"event_name":"Masked Bandits","player_choice":"Fought over 116 gold","floor":20,"damage_taken":0}],"boss_relics":[{"not_picked":["Snecko Eye","Eternal Feather"],"picked":"Inserter"}],"potions_floor_spawned":[5,7,12,18,21],"seed_played":"4789444301280132314","killed_by":"Centurion and Healer","ascension_level":0,"is_trial":false}