{"path_per_floor":["M","?","?","?","M","E","R","M","T","$","M","R","M","M","R","B",null,"M","$","?","?","M"],"character_chosen":"THE_SILENT","items_purchased":["Dagger Throw","Quick Slash","After Image"],"gold_per_floor":[115,115,115,115,134,168,168,185,185,14,30,30,47,65,65,167,167,183,7,7,7,20,20],"floor_reached":23,"campfire_rested":3,"playtime":2573,"current_hp_per_floor":[70,70,67,53,52,9,30,30,30,30,30,51,33,33,54,16,70,56,56,56,40,40,0],"items_purged":["Defend_G","Defend_G"],"gold":20,"score":216,"play_id":"595b2be3-d5db-4a3e-ac50-baedc3a4d7a6","local_time":"20180501235415","is_prod":false,"is_daily":false,"chose_seed":false,"is_ascension_mode":false,"campfire_upgraded":0,"timestamp":1525211655,"path_taken":["M","?","?","?","M","E","R","M","T","$","M","R","M","M","R","BOSS","M","$","?","?","M","E"],"build_version":"2018-04-28v2","seed_source_timestamp":0,"purchased_purges":2,"victory":false,"master_deck":["Defend_G","Defend_G+1","Defend_G","Strike_G","Strike_G+1","Strike_G","Strike_G","Strike_G","Survivor","Neutralize","Heel Hook","Dash","Backflip","Sucker Punch","Dagger Throw","Quick Slash","Blur","Dagger Throw","Dagger Throw","Adrenaline","Blur","Prepared","Endless Agony","Dagger Throw","Sucker Punch","Sucker Punch","After Image","Flying Knee"],"max_hp_per_floor":[70,70,70,70,70,70,70,70,70,70,70,70,70,70,70,70,70,70,70,70,70,70,70],"relics":["Ring of the Snake","Prayer Wheel","Ice Cream","Tough Bandages","Ginger","Orrery","Nilry\u0027s Codex"],"card_choices":[{"not_picked":["Poisoned Stab","Flying Knee"],"picked":"Predator","floor":1.0},{"not_picked":["Leg Sweep","Malaise"],"picked":"Heel Hook","floor":5.0},{"not_picked":["Dagger Spray","Phantasmal Killer"],"picked":"Dash","floor":6.0},{"not_picked":["Malaise","Deflect"],"picked":"Backflip","floor":8.0},{"not_picked":["Blade Dance","PiercingWail"],"picked":"Sucker Punch","floor":9.0},{"not_picked":["Deadly Poison","Crippling Poison"],"picked":"Blur","floor":11.0},{"not_picked":["All Out Attack","Expertise"],"picked":"Dagger Throw","floor":13.0},{"not_picked":["Poisoned Stab","Prepared"],"picked":"Dagger Throw","floor":14.0},{"not_picked":["Die Die Die","Phantasmal Killer"],"picked":"Adrenaline","floor":16.0},{"not_picked":["Deflect","Flechettes"],"picked":"Blur","floor":17.0},{"not_picked":["Dagger Spray","Deflect"],"picked":"Prepared","floor":17.0},{"not_picked":["Quick Slash","Eviscerate"],"picked":"Endless Agony","floor":17.0},{"not_picked":["Heel Hook","Acrobatics"],"picked":"Dagger Throw","floor":17.0},{"not_picked":["Dagger Spray","Skewer"],"picked":"Sucker Punch","floor":17.0},{"not_picked":["Slice","Malaise"],"picked":"Sucker Punch","floor":18.0},{"not_picked":["Bouncing Flask","Dodge and Roll"],"picked":"Flying Knee","floor":22}],"player_experience":28485,"potions_floor_usage":[],"damage_taken":[{"damage":0.0,"enemies":"2 Louse","floor":1.0,"turns":4.0},{"damage":1.0,"enemies":"Cultist","floor":5.0,"turns":5.0},{"damage":43.0,"enemies":"Lagavulin","floor":6.0,"turns":9.0},{"damage":0.0,"enemies":"Small Slimes","floor":8.0,"turns":4.0},{"damage":0.0,"enemies":"2 Fungi Beasts","floor":11.0,"turns":4.0},{"damage":18.0,"enemies":"Exordium Thugs","floor":13.0,"turns":7.0},{"damage":0.0,"enemies":"Large Slime","floor":14.0,"turns":5.0},{"damage":38.0,"enemies":"Hexaghost","floor":16.0,"turns":13.0},{"damage":14.0,"enemies":"Spheric Guardian","floor":18.0,"turns":4.0},{"damage":0,"enemies":"3 Byrds","floor":22,"turns":11},{"damage":46,"enemies":"Gremlin Leader","floor":23,"turns":10}],"event_choices":[{"event_name":"Bonfire Elementals","player_choice":"UNCOMMON","floor":2.0,"damage_taken":0.0},{"event_name":"Scrap Ooze","player_choice":"success","floor":3.0,"damage_taken":3.0},{"event_name":"Shining Light","player_choice":"Entered Light","floor":4.0,"damage_taken":0.0},{"event_name":"Addict","player_choice":"Ignored","floor":20,"damage_taken":0},{"event_name":"Cursed Tome","player_choice":"Obtained Book","floor":21,"damage_taken":0}],"boss_relics":[],"potions_floor_spawned":[5,11,14,16],"seed_played":"-5484284015615412173","killed_by":"Gremlin Leader","ascension_level":0,"is_trial":false}