{"gold_per_floor":[114,114,125,144,162,162,337,365,365,365,393,417,85,112,112,213,213,231,76,76,87,101,129,129,129,129,141],"floor_reached":27,"playtime":2456,"items_purged":["Doubt"],"score":404,"play_id":"4320ac62-de2c-4124-b4f8-16f24b679e91","local_time":"20190116191628","is_ascension_mode":true,"campfire_choices":[{"data":"White Noise","floor":6,"key":"SMITH"},{"floor":10,"key":"REST"},{"floor":15,"key":"REST"},{"floor":24,"key":"REST"}],"neow_cost":"NONE","seed_source_timestamp":159385477647633,"circlet_count":0,"master_deck":["AscendersBane","Strike_B","Defend_B","Defend_B","Zap","Dualcast","Aggregate","Ball Lightning","Defragment","Self Repair","FTL","White Noise+1","Streamline","Sweeping Beam","Conserve Battery","Double Energy","FTL","All For One","Reboot","Genetic Algorithm+1","Hyperbeam+1","Hologram+1","Glacier","Undo+1"],"relics":["Cracked Core","Oddly Smooth Stone","Lantern","Letter Opener","Odd Mushroom","Anchor","Shuriken","Astrolabe","Regal Pillow","StoneCalendar","MawBank"],"potions_floor_usage":[8,11,12,16,22,25],"damage_taken":[{"damage":9,"enemies":"2 Louse","floor":1,"turns":2},{"damage":5,"enemies":"Small Slimes","floor":3,"turns":3},{"damage":5,"enemies":"Cultist","floor":4,"turns":4},{"damage":11,"enemies":"Blue Slaver","floor":5,"turns":3},{"damage":25,"enemies":"3 Sentries","floor":8,"turns":5},{"damage":16,"enemies":"Lagavulin","floor":11,"turns":6},{"damage":12,"enemies":"The Mushroom Lair","floor":12,"turns":3},{"damage":25,"enemies":"Gremlin Nob","floor":14,"turns":4},{"damage":21,"enemies":"The Guardian","floor":16,"turns":8},{"damage":29,"enemies":"Shell Parasite","floor":18,"turns":4},{"damage":27,"enemies":"Spheric Guardian","floor":21,"turns":4},{"damage":7,"enemies":"Centurion and Healer","floor":22,"turns":2},{"damage":33,"enemies":"Book of Stabbing","floor":23,"turns":5},{"damage":28,"enemies":"Gremlin Leader","floor":25,"turns":6},{"damage":36,"enemies":"Snake Plant","floor":27,"turns":3}],"seed_played":"3122123512547972816","potions_obtained":[{"floor":3,"key":"FearPotion"},{"floor":4,"key":"Explosive Potion"},{"floor":11,"key":"AttackPotion"},{"floor":14,"key":"Strength Potion"},{"floor":18,"key":"Explosive Potion"},{"floor":23,"key":"SmokeBomb"}],"is_trial":false,"path_per_floor":["M","?","M","M","M","R","?","E","T","R","E","?","$","E","R","B",null,"M","$","?","M","M","E","R","E","T","M"],"character_chosen":"DEFECT","items_purchased":["Anchor","Double Energy","FTL","Regal Pillow"],"campfire_rested":3,"item_purchase_floors":[13,13,13,19],"current_hp_per_floor":[59,59,54,56,52,52,52,34,34,56,47,42,42,24,46,32,64,42,42,75,55,48,22,59,31,31,0],"gold":141,"neow_bonus":"TRANSFORM_CARD","is_prod":false,"is_daily":false,"chose_seed":false,"campfire_upgraded":1,"win_rate":0,"timestamp":1547684188,"path_taken":["M","?","M","M","M","R","?","E","T","R","E","?","$","E","R","BOSS","M","$","?","M","M","E","R","E","T","M"],"build_version":"2019-01-10","purchased_purges":1,"victory":false,"max_hp_per_floor":[75,75,75,75,75,75,75,75,75,75,75,75,75,75,75,75,75,75,75,75,75,75,75,75,75,75,75],"card_choices":[{"not_picked":["Storm","Leap"],"picked":"Ball Lightning","floor":1},{"not_picked":["Beam Cell","White Noise"],"picked":"Self Repair","floor":3},{"not_picked":["Beam Cell","Turbo"],"picked":"FTL","floor":4},{"not_picked":["Static Discharge","Beam Cell"],"picked":"White Noise","floor":5},{"not_picked":["Rebound","Redo"],"picked":"Streamline","floor":8},{"not_picked":["Barrage","Fission"],"picked":"Sweeping Beam","floor":11},{"not_picked":["Redo","Rebound"],"picked":"Conserve Battery","floor":12},{"not_picked":["Chaos","Skim"],"picked":"All For One","floor":14},{"not_picked":["Creative AI","Fission"],"picked":"Reboot","floor":16},{"not_picked":["Fusion+1","Darkness","Compile Driver+1"],"picked":"SKIP","floor":18},{"not_picked":["Hologram+1","Defragment"],"picked":"Glacier","floor":21},{"not_picked":["Heatsinks","Hologram"],"picked":"Undo+1","floor":22},{"not_picked":["Sweeping Beam","Streamline","Storm"],"picked":"SKIP","floor":23}],"player_experience":506734,"relics_obtained":[{"floor":8,"key":"Oddly Smooth Stone"},{"floor":9,"key":"Lantern"},{"floor":11,"key":"Letter Opener"},{"floor":12,"key":"Odd Mushroom"},{"floor":14,"key":"Shuriken"},{"floor":23,"key":"StoneCalendar"},{"floor":26,"key":"MawBank"}],"event_choices":[{"damage_healed":0,"gold_gain":0,"cards_transformed":["Strike_B"],"player_choice":"Change","damage_taken":0,"max_hp_gain":0,"max_hp_loss":0,"event_name":"Living Wall","floor":2,"gold_loss":0,"cards_obtained":["Defragment"]},{"damage_healed":0,"gold_gain":175,"player_choice":"AGREE","damage_taken":0,"max_hp_gain":0,"max_hp_loss":0,"event_name":"Liars Game","floor":7,"gold_loss":0,"cards_obtained":["Doubt"]},{"damage_healed":0,"gold_gain":0,"player_choice":"Fought Mushrooms","damage_taken":0,"max_hp_gain":0,"max_hp_loss":0,"event_name":"Mushrooms","floor":12,"gold_loss":0},{"damage_healed":33,"gold_gain":0,"player_choice":"Full Heal","damage_taken":0,"max_hp_gain":0,"max_hp_loss":0,"event_name":"Wheel of Change","floor":20,"gold_loss":0}],"is_beta":false,"boss_relics":[{"not_picked":["Runic Pyramid","Philosopher\u0027s Stone"],"picked":"Astrolabe"}],"items_purged_floors":[13],"is_endless":false,"potions_floor_spawned":[3,4,11,14,18,23,25],"killed_by":"Snake Plant","ascension_level":10}