{"gold_per_floor":[111,125,125,144,144,144,175,175,201,201,23,198,233,45,45,45],"floor_reached":16,"playtime":985,"items_purged":["Injury"],"score":159,"play_id":"5e81a469-8ad7-4463-b6dc-33ba7ab83849","local_time":"20181101225136","is_ascension_mode":true,"campfire_choices":[{"data":"Tempest","floor":6,"key":"SMITH"},{"floor":8,"key":"REST"},{"data":"Zap","floor":10,"key":"SMITH"},{"floor":15,"key":"REST"}],"neow_cost":"NONE","seed_source_timestamp":3132734445074,"circlet_count":0,"master_deck":["Strike_B","Strike_B","Strike_B","Strike_B","Defend_B","Defend_B","Defend_B","Defend_B","Zap+1","Dualcast","AscendersBane","Tempest+1","Conserve Battery","Recycle","Biased Cognition","Conserve Battery","Go for the Eyes","Doubt","Mayhem"],"relics":["Cracked Core","Happy Flower","Golden Idol","Blood Vial","Potion Belt","Singing Bowl"],"potions_floor_usage":[13,16],"damage_taken":[{"damage":12,"enemies":"Small Slimes","floor":1,"turns":3},{"damage":1,"enemies":"Cultist","floor":2,"turns":3},{"damage":8,"enemies":"2 Louse","floor":4,"turns":3},{"damage":30,"enemies":"Lagavulin","floor":7,"turns":4},{"damage":25,"enemies":"3 Sentries","floor":13,"turns":4},{"damage":48,"enemies":"The Guardian","floor":16,"turns":12}],"seed_played":"1422684722984157144","potions_obtained":[{"floor":2,"key":"Strength Potion"},{"floor":7,"key":"Swift Potion"},{"floor":13,"key":"Regen Potion"}],"is_trial":false,"path_per_floor":["M","M","?","M","?","R","E","R","T","R","$","?","E","$","R"],"character_chosen":"DEFECT","items_purchased":["Go for the Eyes","Poison Potion","Mayhem"],"campfire_rested":2,"item_purchase_floors":[11,11,14],"current_hp_per_floor":[56,55,55,47,47,47,17,39,39,39,39,39,18,18,41,0],"gold":45,"neow_bonus":"RANDOM_COMMON_RELIC","is_prod":false,"is_daily":false,"chose_seed":false,"campfire_upgraded":2,"win_rate":0,"timestamp":1541073096,"path_taken":["M","M","?","M","?","R","E","R","T","R","$","?","E","$","R","BOSS"],"build_version":"2018-10-25v2","purchased_purges":1,"victory":false,"max_hp_per_floor":[75,75,75,75,75,75,75,75,75,75,75,75,77,77,77,77],"card_choices":[{"not_picked":["Rebound","Streamline"],"picked":"Tempest","floor":1},{"not_picked":["Compile Driver","Recycle"],"picked":"Conserve Battery","floor":2},{"not_picked":["Leap","Static Discharge","Lockon"],"picked":"SKIP","floor":4},{"not_picked":["Cold Snap","Capacitor"],"picked":"Conserve Battery","floor":7},{"not_picked":["Gash","Redo","Compile Driver"],"picked":"Singing Bowl","floor":13}],"player_experience":713815,"relics_obtained":[{"floor":7,"key":"Blood Vial"},{"floor":9,"key":"Potion Belt"},{"floor":13,"key":"Singing Bowl"}],"event_choices":[{"damage_healed":0,"gold_gain":0,"player_choice":"2 cards matched","damage_taken":0,"max_hp_gain":0,"max_hp_loss":0,"event_name":"Match and Keep!","floor":3,"gold_loss":0,"cards_obtained":["Recycle","Biased Cognition"]},{"damage_healed":0,"gold_gain":0,"player_choice":"Take Wound","damage_taken":0,"relics_obtained":["Golden Idol"],"max_hp_gain":0,"max_hp_loss":0,"event_name":"Golden Idol","floor":5,"gold_loss":0,"cards_obtained":["Injury"]},{"damage_healed":0,"gold_gain":175,"player_choice":"AGREE","damage_taken":0,"max_hp_gain":0,"max_hp_loss":0,"event_name":"Liars Game","floor":12,"gold_loss":0,"cards_obtained":["Doubt"]}],"is_beta":false,"boss_relics":[],"items_purged_floors":[11],"is_endless":false,"potions_floor_spawned":[2,7,13],"killed_by":"The Guardian","ascension_level":10}