{"gold_per_floor":[111,122,122,142,162,162,187,187,187,207,221,241,241,255,255,350,350,367,378,378,394,394,394,394],"floor_reached":24,"playtime":1677,"items_purged":[],"score":202,"play_id":"f7d08351-30c5-4efd-b6fa-cb5946c15be4","local_time":"20181123005536","is_ascension_mode":false,"campfire_choices":[{"floor":6,"key":"REST"},{"floor":13,"key":"REST"},{"floor":15,"key":"REST"},{"floor":23,"key":"REST"}],"neow_cost":"NONE","seed_source_timestamp":99246774380887,"circlet_count":0,"master_deck":["Defend_G","Defend_G","Defend_G","Defend_G","Defend_G","Strike_G","Strike_G","Strike_G+1","Strike_G+1","Strike_G","Survivor","Neutralize","All Out Attack","Slice","Poisoned Stab","Backflip","Sucker Punch","Poisoned Stab","A Thousand Cuts","Flying Knee","Backstab","A Thousand Cuts","Dash","Quick Slash","Bouncing Flask","Writhe"],"relics":["White Beast Statue","FossilizedHelix","Bird Faced Urn","WristBlade","Unceasing Top"],"potions_floor_usage":[],"damage_taken":[{"damage":6,"enemies":"Jaw Worm","floor":1,"turns":5},{"damage":1,"enemies":"Cultist","floor":2,"turns":4},{"damage":2,"enemies":"Small Slimes","floor":4,"turns":4},{"damage":7,"enemies":"Blue Slaver","floor":5,"turns":3},{"damage":20,"enemies":"Gremlin Nob","floor":7,"turns":4},{"damage":0,"enemies":"2 Fungi Beasts","floor":10,"turns":3},{"damage":12,"enemies":"Large Slime","floor":11,"turns":7},{"damage":6,"enemies":"3 Louse","floor":12,"turns":3},{"damage":0,"enemies":"Lots of Slimes","floor":14,"turns":1},{"damage":56,"enemies":"The Guardian","floor":16,"turns":11},{"damage":24,"enemies":"Spheric Guardian","floor":18,"turns":5},{"damage":15,"enemies":"Chosen","floor":19,"turns":5},{"damage":28,"enemies":"Centurion and Healer","floor":21,"turns":7},{"damage":32,"enemies":"Slavers","floor":24,"turns":2}],"seed_played":"3541816516853524292","potions_obtained":[{"floor":1,"key":"AttackPotion"},{"floor":2,"key":"Energy Potion"},{"floor":4,"key":"GhostInAJar"},{"floor":5,"key":"Block Potion"},{"floor":7,"key":"Fire Potion"},{"floor":10,"key":"LiquidBronze"}],"is_trial":false,"path_per_floor":["M","M","?","M","M","R","E","$","T","M","M","M","R","M","R","B",null,"M","M","?","M","?","R","E"],"character_chosen":"THE_SILENT","items_purchased":[],"campfire_rested":4,"item_purchase_floors":[],"current_hp_per_floor":[64,63,49,47,40,61,41,41,41,41,29,23,44,44,65,11,70,46,33,33,9,9,30,0],"gold":394,"neow_bonus":"BOSS_RELIC","is_prod":false,"is_daily":false,"chose_seed":false,"campfire_upgraded":0,"win_rate":0.0,"timestamp":1542952536,"path_taken":["M","M","?","M","M","R","E","?","T","M","M","?","R","M","R","BOSS","M","M","?","M","?","R","E"],"build_version":"2018-11-15","purchased_purges":0,"victory":false,"max_hp_per_floor":[70,70,70,70,70,70,70,70,70,70,70,70,70,70,70,70,70,70,70,70,70,70,70,70],"card_choices":[{"not_picked":["Underhanded Strike","Deflect"],"picked":"All Out Attack","floor":1},{"not_picked":["Prepared","Bane"],"picked":"Slice","floor":2},{"not_picked":["Finisher","Slice"],"picked":"Poisoned Stab","floor":4},{"not_picked":["Prepared","Underhanded Strike"],"picked":"Backflip","floor":5},{"not_picked":["Dodge and Roll","Heel Hook"],"picked":"Sucker Punch","floor":7},{"not_picked":["Quick Slash","Prepared"],"picked":"Poisoned Stab","floor":10},{"not_picked":["Acrobatics","Prepared"],"picked":"A Thousand Cuts","floor":11},{"not_picked":["Tactician","Escape Plan"],"picked":"Flying Knee","floor":12},{"not_picked":["Heel Hook","Backflip"],"picked":"Backstab","floor":14},{"not_picked":["Bullet Time","Night Terror"],"picked":"A Thousand Cuts","floor":16},{"not_picked":["Reflex","Dodge and Roll"],"picked":"Dash","floor":18},{"not_picked":["Bane+1","Finisher"],"picked":"Quick Slash","floor":19},{"not_picked":["Poisoned Stab+1","Deadly Poison"],"picked":"Bouncing Flask","floor":21}],"player_experience":21280,"relics_obtained":[{"floor":7,"key":"FossilizedHelix"},{"floor":9,"key":"Bird Faced Urn"}],"event_choices":[{"damage_healed":0,"gold_gain":0,"player_choice":"Entered Light","damage_taken":14,"max_hp_gain":0,"max_hp_loss":0,"event_name":"Shining Light","floor":3,"gold_loss":0,"cards_upgraded":["Strike_G","Strike_G"]},{"damage_healed":0,"gold_gain":0,"player_choice":"Ignored","damage_taken":0,"max_hp_gain":0,"max_hp_loss":0,"event_name":"Vampires","floor":20,"gold_loss":0},{"damage_healed":0,"gold_gain":0,"player_choice":"Opened","damage_taken":0,"relics_obtained":["Unceasing Top"],"max_hp_gain":0,"max_hp_loss":0,"event_name":"The Mausoleum","floor":22,"gold_loss":0,"cards_obtained":["Writhe"]}],"is_beta":false,"boss_relics":[{"not_picked":["HoveringKite","Philosopher\u0027s Stone"],"picked":"WristBlade"}],"items_purged_floors":[],"is_endless":false,"potions_floor_spawned":[1,2,4,5,7,10,11,12,14,16,18,19,21],"killed_by":"Slavers","ascension_level":0}