{"gold_per_floor":[119,137,137,149,161,161,177,177,203,217,234,234,252,267,267,370,370,380,397,182,142,160,160,84,95,95,114,131,147,147],"floor_reached":30,"playtime":2248,"items_purged":[],"score":232,"play_id":"ee95eab9-d94c-4ffe-91fb-ba808be29964","local_time":"20181123043707","is_ascension_mode":false,"campfire_choices":[{"data":"All Out Attack","floor":6,"key":"SMITH"},{"floor":8,"key":"REST"},{"data":"Accuracy","floor":12,"key":"SMITH"},{"floor":15,"key":"REST"},{"floor":23,"key":"REST"}],"neow_cost":"NONE","seed_source_timestamp":111954602260228,"circlet_count":0,"master_deck":["Defend_G","Defend_G","Defend_G+1","Defend_G","Defend_G","Strike_G","Strike_G","Strike_G","Strike_G","Strike_G","Survivor+1","Neutralize","Endless Agony+1","Blade Dance","Dagger Spray","All Out Attack+1","Dagger Spray","Deflect","Accuracy+1","Escape Plan","After Image","Die Die Die","Backflip","Dodge and Roll","Riddle With Holes","Endless Agony","Finisher","Backflip","Adrenaline","Endless Agony","Slice+1"],"relics":["Ring of the Snake","Orichalcum","Snake Skull","Eternal Feather","Vajra","Matryoshka"],"potions_floor_usage":[16,28,28,30],"damage_taken":[{"damage":6,"enemies":"2 Louse","floor":1,"turns":5},{"damage":0,"enemies":"Cultist","floor":2,"turns":4},{"damage":0,"enemies":"Small Slimes","floor":4,"turns":3},{"damage":3,"enemies":"2 Fungi Beasts","floor":5,"turns":3},{"damage":5,"enemies":"Exordium Wildlife","floor":7,"turns":3},{"damage":8,"enemies":"Large Slime","floor":10,"turns":5},{"damage":10,"enemies":"Gremlin Gang","floor":11,"turns":2},{"damage":1,"enemies":"Looter","floor":13,"turns":3},{"damage":1,"enemies":"Large Slime","floor":14,"turns":6},{"damage":68,"enemies":"Hexaghost","floor":16,"turns":16},{"damage":1,"enemies":"3 Byrds","floor":18,"turns":4},{"damage":22,"enemies":"Spheric Guardian","floor":19,"turns":8},{"damage":23,"enemies":"Snecko","floor":22,"turns":6},{"damage":23,"enemies":"Centurion and Healer","floor":25,"turns":5},{"damage":24,"enemies":"Chosen and Byrds","floor":27,"turns":9},{"damage":0,"enemies":"Cultist and Chosen","floor":28,"turns":5},{"damage":8,"enemies":"Sentry and Sphere","floor":29,"turns":4},{"damage":7,"enemies":"Slavers","floor":30,"turns":1}],"seed_played":"6493948572499138733","potions_obtained":[{"floor":1,"key":"Explosive Potion"},{"floor":5,"key":"Explosive Potion"},{"floor":7,"key":"Swift Potion"},{"floor":13,"key":"SteroidPotion"},{"floor":16,"key":"Block Potion"},{"floor":29,"key":"SneckoOil"}],"is_trial":false,"path_per_floor":["M","M","?","M","M","R","M","R","T","M","M","R","M","M","R","B",null,"M","M","$","?","M","R","$","M","T","M","M","M","E"],"character_chosen":"THE_SILENT","items_purchased":["Vajra","Riddle With Holes","Finisher"],"campfire_rested":3,"item_purchase_floors":[20,20,24],"current_hp_per_floor":[64,64,64,64,61,61,56,70,70,62,52,52,51,50,70,2,70,69,47,47,47,24,60,60,37,37,13,13,5,0],"gold":147,"neow_bonus":"RANDOM_COMMON_RELIC","is_prod":false,"is_daily":false,"chose_seed":false,"campfire_upgraded":2,"win_rate":0.0,"timestamp":1542965827,"path_taken":["M","M","?","M","M","R","?","R","T","M","M","R","M","M","R","BOSS","M","M","$","?","M","R","$","?","T","M","?","M","E"],"build_version":"2018-11-15","purchased_purges":0,"victory":false,"max_hp_per_floor":[70,70,70,70,70,70,70,70,70,70,70,70,70,70,70,70,70,70,70,70,70,70,70,70,70,70,70,70,70,70],"card_choices":[{"not_picked":["Footwork","Prepared"],"picked":"Endless Agony","floor":1},{"not_picked":["Leg Sweep","Backflip"],"picked":"Blade Dance","floor":2},{"not_picked":["Eviscerate","Deadly Poison"],"picked":"Dagger Spray","floor":4},{"not_picked":["Skewer","Acrobatics"],"picked":"All Out Attack","floor":5},{"not_picked":["Deadly Poison","PiercingWail"],"picked":"Dagger Spray","floor":7},{"not_picked":["Underhanded Strike","Choke"],"picked":"Deflect","floor":10},{"not_picked":["Flying Knee","Backstab"],"picked":"Accuracy","floor":11},{"not_picked":["Leg Sweep","Choke"],"picked":"Escape Plan","floor":13},{"not_picked":["Predator","Footwork"],"picked":"After Image","floor":14},{"not_picked":["Bullet Time","Malaise"],"picked":"Die Die Die","floor":16},{"not_picked":["Tactician","Catalyst"],"picked":"Backflip","floor":18},{"not_picked":["Prepared","Escape Plan"],"picked":"Dodge and Roll","floor":19},{"not_picked":["Slice","Accuracy"],"picked":"Endless Agony","floor":22},{"not_picked":["Dagger Spray","Eviscerate+1"],"picked":"Backflip","floor":25},{"not_picked":["PiercingWail","Prepared+1"],"picked":"Adrenaline","floor":27},{"not_picked":["Escape Plan","Blade Dance"],"picked":"Endless Agony","floor":28},{"not_picked":["Flechettes+1","Backflip"],"picked":"Slice+1","floor":29}],"player_experience":32666,"relics_obtained":[{"floor":9,"key":"Snake Skull"},{"floor":26,"key":"Matryoshka"}],"event_choices":[{"damage_healed":0,"gold_gain":0,"player_choice":"Upgraded","damage_taken":0,"max_hp_gain":0,"max_hp_loss":0,"event_name":"Upgrade Shrine","floor":3,"gold_loss":0,"cards_upgraded":["Endless Agony"]},{"damage_healed":0,"gold_gain":0,"player_choice":"Upgraded Two","damage_taken":0,"max_hp_gain":0,"max_hp_loss":0,"event_name":"Designer","floor":21,"gold_loss":40,"cards_upgraded":["Survivor","Defend_G"]}],"is_beta":false,"boss_relics":[{"not_picked":["Velvet Choker","Philosopher\u0027s Stone"],"picked":"Eternal Feather"}],"items_purged_floors":[],"is_endless":false,"potions_floor_spawned":[1,5,7,13,16,18,19,27,29],"killed_by":"Slavers","ascension_level":0}