{"gold_per_floor":[115,115,134,160,9,44,44,77,77,77,88,113,113,113,113,113],"floor_reached":16,"playtime":488,"items_purged":[],"score":169,"play_id":"4653afd0-2c5e-476b-8df3-95171bff4c6f","local_time":"20181227011819","is_ascension_mode":true,"campfire_choices":[{"data":"Blade Dance","floor":7.0,"key":"SMITH"},{"floor":10.0,"key":"REST"},{"data":"Bandage Up","floor":15.0,"key":"SMITH"}],"neow_cost":"NONE","seed_source_timestamp":710452692238346,"circlet_count":0,"master_deck":["Defend_G","Defend_G+1","Defend_G","Defend_G","Defend_G+1","Strike_G","Strike_G","Strike_G","Strike_G","Strike_G","Survivor","Neutralize","Dagger Throw","Blade Dance+1","Bandage Up+1","Riddle With Holes","Heel Hook","Burst","Blade Dance","Flying Knee"],"special_seed":0,"relics":["Ring of the Snake","NeowsBlessing","Bag of Marbles","Mummified Hand","Dodecahedron","Ninja Scroll","Omamori","CultistMask"],"potions_floor_usage":[],"damage_taken":[{"damage":0.0,"enemies":"Cultist","floor":1.0,"turns":1.0},{"damage":0.0,"enemies":"Small Slimes","floor":3.0,"turns":1.0},{"damage":0.0,"enemies":"Gremlin Nob","floor":6.0,"turns":1.0},{"damage":15.0,"enemies":"3 Sentries","floor":8.0,"turns":6.0},{"damage":0.0,"enemies":"Jaw Worm","floor":11.0,"turns":1.0},{"damage":30.0,"enemies":"Lagavulin","floor":12.0,"turns":6.0},{"damage":45,"enemies":"The Guardian","floor":16,"turns":6}],"seed_played":"2812578038952731264","potions_obtained":[{"floor":2.0,"key":"Swift Potion"},{"floor":2.0,"key":"Fire Potion"},{"floor":2.0,"key":"SpeedPotion"},{"floor":11.0,"key":"SpeedPotion"}],"is_trial":false,"path_per_floor":["M","?","M","T","$","E","R","E","T","R","M","E","?","?","R","B"],"character_chosen":"THE_SILENT","items_purchased":["Bandage Up","Riddle With Holes"],"campfire_rested":1,"item_purchase_floors":[5,5],"current_hp_per_floor":[70,70,70,70,70,70,70,59,59,70,70,44,30,30,30,0],"gold":113,"neow_bonus":"THREE_ENEMY_KILL","is_prod":false,"is_daily":false,"chose_seed":false,"campfire_upgraded":2,"win_rate":0,"timestamp":1545891499,"path_taken":["M","?","?","?","$","E","R","E","T","R","M","E","?","?","R","BOSS"],"build_version":"2018-12-20","purchased_purges":0,"victory":false,"max_hp_per_floor":[70,70,70,70,70,70,70,70,70,70,70,70,70,70,70,70],"card_choices":[{"not_picked":["Finisher","Dagger Spray"],"picked":"Dagger Throw","floor":1.0},{"not_picked":["Prepared","Slice"],"picked":"Blade Dance","floor":3.0},{"not_picked":["Predator","Dagger Throw"],"picked":"Heel Hook","floor":6.0},{"not_picked":["Wraith Form v2","Noxious Fumes"],"picked":"Burst","floor":8.0},{"not_picked":["Prepared","Dagger Throw"],"picked":"Blade Dance","floor":11.0},{"not_picked":["Blade Dance","Blur"],"picked":"Flying Knee","floor":12.0}],"player_experience":259859,"relics_obtained":[{"floor":4.0,"key":"Bag of Marbles"},{"floor":6.0,"key":"Mummified Hand"},{"floor":8.0,"key":"Dodecahedron"},{"floor":9.0,"key":"Ninja Scroll"},{"floor":12.0,"key":"Omamori"}],"event_choices":[{"damage_healed":0.0,"max_hp_gain":0.0,"max_hp_loss":0.0,"gold_gain":0.0,"event_name":"Lab","player_choice":"Got Potions","floor":2.0,"gold_loss":0.0,"damage_taken":0.0},{"damage_healed":0.0,"max_hp_gain":0.0,"max_hp_loss":0.0,"gold_gain":0.0,"event_name":"Shining Light","player_choice":"Entered Light","floor":13.0,"gold_loss":0.0,"damage_taken":14.0,"cards_upgraded":["Defend_G","Defend_G"]},{"damage_healed":0.0,"max_hp_gain":0.0,"max_hp_loss":0.0,"gold_gain":0.0,"event_name":"FaceTrader","player_choice":"Trade","floor":14.0,"gold_loss":0.0,"damage_taken":0.0,"relics_obtained":["CultistMask"]}],"is_beta":false,"boss_relics":[],"items_purged_floors":[],"is_endless":false,"potions_floor_spawned":[3,6,11],"killed_by":"The Guardian","ascension_level":4}