{"gold_per_floor":[119,132,144,160,160,191,203,231,269,130,142,317,317,327,327,327],"floor_reached":16,"playtime":1502,"items_purged":["Strike_R"],"score":104,"play_id":"65f9d0ae-bb6d-4f1e-a83c-555bd68b2df1","local_time":"20190204220149","is_ascension_mode":false,"campfire_choices":[{"data":"True Grit","floor":7,"key":"SMITH"},{"data":"Whirlwind","floor":13,"key":"SMITH"},{"data":"Shockwave","floor":15,"key":"SMITH"}],"neow_cost":"NONE","seed_source_timestamp":99302135998677,"circlet_count":0,"master_deck":["Strike_R","Strike_R","Defend_R","Defend_R","Defend_R","Defend_R","Bash","Whirlwind+1","Burning Pact","Power Through","True Grit+1","Shrug It Off","Headbutt","Shockwave+1","Doubt"],"relics":["Burning Blood","MawBank","Oddly Smooth Stone"],"potions_floor_usage":[4,8,16],"damage_taken":[{"damage":4,"enemies":"Cultist","floor":1,"turns":4},{"damage":10,"enemies":"Small Slimes","floor":2,"turns":4},{"damage":2,"enemies":"2 Louse","floor":3,"turns":2},{"damage":5,"enemies":"Looter","floor":4,"turns":4},{"damage":27,"enemies":"Gremlin Nob","floor":6,"turns":5},{"damage":46,"enemies":"Exordium Thugs","floor":8,"turns":11},{"damage":2,"enemies":"Large Slime","floor":11,"turns":15},{"damage":5,"enemies":"Gremlin Gang","floor":14,"turns":3},{"damage":57,"enemies":"The Guardian","floor":16,"turns":21}],"seed_played":"8845396668372982735","potions_obtained":[{"floor":2,"key":"Swift Potion"},{"floor":3,"key":"Swift Potion"},{"floor":6,"key":"Regen Potion"}],"is_trial":false,"path_per_floor":["M","M","M","M","?","E","R","M","T","$","M","?","R","M","R","B"],"character_chosen":"IRONCLAD","items_purchased":["Shockwave"],"campfire_rested":0,"item_purchase_floors":[10],"current_hp_per_floor":[80,76,80,80,80,59,59,34,34,34,38,38,38,39,39,0],"gold":327,"neow_bonus":"REMOVE_CARD","is_prod":false,"is_daily":false,"chose_seed":false,"campfire_upgraded":3,"win_rate":0.0,"timestamp":1549314109,"path_taken":["M","M","M","?","?","E","R","M","T","$","?","?","R","M","R","BOSS"],"build_version":"2019-01-23","purchased_purges":1,"victory":false,"max_hp_per_floor":[80,80,80,80,80,80,80,80,80,80,80,80,80,80,80,80],"card_choices":[{"not_picked":["Twin Strike","Feel No Pain"],"picked":"Whirlwind","floor":1},{"not_picked":["Clothesline","Anger"],"picked":"Burning Pact","floor":2},{"not_picked":["Twin Strike","Second Wind"],"picked":"Power Through","floor":3},{"not_picked":["Dropkick","Juggernaut"],"picked":"True Grit","floor":4},{"not_picked":["Cleave","Feel No Pain"],"picked":"Shrug It Off","floor":6},{"not_picked":["Thunderclap","Body Slam"],"picked":"Headbutt","floor":8},{"not_picked":["Cleave","Shrug It Off","Iron Wave"],"picked":"SKIP","floor":11},{"not_picked":["Dual Wield","Warcry","Headbutt"],"picked":"SKIP","floor":14}],"player_experience":13594,"relics_obtained":[{"floor":6,"key":"MawBank"},{"floor":9,"key":"Oddly Smooth Stone"}],"event_choices":[{"cards_removed":["Strike_R"],"damage_healed":0,"gold_gain":0,"player_choice":"Offered Basic","damage_taken":0,"max_hp_gain":0,"max_hp_loss":0,"event_name":"Bonfire Elementals","floor":5,"gold_loss":0},{"damage_healed":0,"gold_gain":175,"player_choice":"AGREE","damage_taken":0,"max_hp_gain":0,"max_hp_loss":0,"event_name":"Liars Game","floor":12,"gold_loss":0,"cards_obtained":["Doubt"]}],"is_beta":false,"boss_relics":[],"items_purged_floors":[10],"is_endless":false,"potions_floor_spawned":[2,3,6],"killed_by":"The Guardian","ascension_level":0}