{"gold_per_floor":[112,127,127,37,37,65,129,146,194,45,62,95,370,404,404,507,507,518,528,547,560,560,560],"floor_reached":23,"playtime":1587,"items_purged":[],"score":295,"play_id":"390dfcbf-b11b-495b-8cd9-01a91130a076","local_time":"20190207115732","is_ascension_mode":true,"campfire_choices":[{"floor":15,"key":"REST"}],"neow_cost":"PERCENT_DAMAGE","seed_source_timestamp":0,"circlet_count":0,"master_deck":["Strike_R","Strike_R","Strike_R","Strike_R","Strike_R","Defend_R","Defend_R","Defend_R","Defend_R","Bash","Cleave+1","Clash","Dramatic Entrance","Rampage","Dual Wield","Uppercut","Thunderclap","Regret","Bloodletting","Offering","Rupture","Flex","Iron Wave","Shrug It Off"],"special_seed":0,"relics":["Burning Blood","Du-Vu Doll","Bronze Scales","Blood Vial","Meat on the Bone","Happy Flower","Boot","Blue Candle","Sundial","White Beast Statue","Nilry\u0027s Codex"],"potions_floor_usage":[8,14,14,19,20,21,23,23],"damage_taken":[{"damage":10,"enemies":"Small Slimes","floor":1,"turns":4},{"damage":4,"enemies":"Jaw Worm","floor":2,"turns":4},{"damage":26,"enemies":"Gremlin Nob","floor":6,"turns":4},{"damage":16,"enemies":"Gremlin Nob","floor":7,"turns":3},{"damage":0,"enemies":"2 Louse","floor":8,"turns":1},{"damage":9,"enemies":"2 Fungi Beasts","floor":11,"turns":2},{"damage":20,"enemies":"Lagavulin","floor":12,"turns":6},{"damage":12,"enemies":"3 Sentries","floor":14,"turns":4},{"damage":33,"enemies":"Slime Boss","floor":16,"turns":9},{"damage":25,"enemies":"Spheric Guardian","floor":18,"turns":3},{"damage":5,"enemies":"3 Byrds","floor":19,"turns":3},{"damage":39,"enemies":"Centurion and Healer","floor":20,"turns":5},{"damage":36,"enemies":"Snake Plant","floor":21,"turns":3},{"damage":24,"enemies":"Book of Stabbing","floor":23,"turns":1}],"seed_played":"7455323322284785995","potions_obtained":[{"floor":6,"key":"Explosive Potion"},{"floor":11,"key":"SteroidPotion"},{"floor":12,"key":"AttackPotion"},{"floor":16,"key":"Strength Potion"},{"floor":18,"key":"Ancient Potion"},{"floor":19,"key":"LiquidBronze"},{"floor":20,"key":"SpeedPotion"},{"floor":21,"key":"BloodPotion"}],"is_trial":false,"path_per_floor":["M","M","?","$","?","E","?","M","T","$","M","E","?","E","R","B",null,"M","M","M","M","?","E"],"character_chosen":"IRONCLAD","items_purchased":["Dramatic Entrance","Boot"],"campfire_rested":1,"item_purchase_floors":[4,10],"current_hp_per_floor":[47,49,49,49,42,22,14,34,34,34,45,45,45,53,77,52,73,56,59,40,24,8,0],"gold":560,"neow_bonus":"ONE_RARE_RELIC","is_prod":false,"is_daily":false,"chose_seed":false,"campfire_upgraded":0,"win_rate":0,"timestamp":1549511852,"path_taken":["M","M","?","$","?","E","?","M","T","$","M","E","?","E","R","BOSS","M","M","?","M","?","E"],"build_version":"2019-01-23","purchased_purges":0,"victory":false,"max_hp_per_floor":[80,80,80,80,80,80,80,80,80,80,80,80,80,80,80,80,80,80,80,80,80,80,80],"card_choices":[{"not_picked":["Heavy Blade","True Grit"],"picked":"Cleave","floor":1},{"not_picked":["Havoc","True Grit"],"picked":"Clash","floor":2},{"not_picked":["Body Slam","Bloodletting"],"picked":"Rampage","floor":6},{"not_picked":["Iron Wave","Warcry"],"picked":"Dual Wield","floor":7},{"not_picked":["Warcry","Rupture"],"picked":"Uppercut","floor":8},{"not_picked":["Clothesline","Exhume"],"picked":"Thunderclap","floor":11},{"not_picked":["Shockwave","Blood for Blood","Twin Strike"],"picked":"SKIP","floor":12},{"not_picked":["Thunderclap","Heavy Blade"],"picked":"Bloodletting","floor":14},{"not_picked":["Barricade","Brutality"],"picked":"Offering","floor":16},{"not_picked":["Headbutt","True Grit"],"picked":"Rupture","floor":18},{"not_picked":["Sword Boomerang","Sentinel"],"picked":"Flex","floor":19},{"not_picked":["Fire Breathing","Warcry"],"picked":"Iron Wave","floor":20},{"not_picked":["Armaments","Shockwave"],"picked":"Shrug It Off","floor":21}],"player_experience":92623,"relics_obtained":[{"floor":6,"key":"Blood Vial"},{"floor":7,"key":"Meat on the Bone"},{"floor":9,"key":"Happy Flower"},{"floor":12,"key":"Blue Candle"},{"floor":14,"key":"Sundial"},{"floor":22,"key":"Nilry\u0027s Codex"}],"event_choices":[{"damage_healed":0,"gold_gain":0,"player_choice":"Grow","damage_taken":0,"max_hp_gain":0,"max_hp_loss":0,"event_name":"Living Wall","floor":3,"gold_loss":0,"cards_upgraded":["Cleave"]},{"damage_healed":0,"gold_gain":0,"player_choice":"Success","damage_taken":7,"relics_obtained":["Bronze Scales"],"max_hp_gain":0,"max_hp_loss":0,"event_name":"Scrap Ooze","floor":5,"gold_loss":0},{"damage_healed":0,"gold_gain":0,"player_choice":"Searched \u00271\u0027 times","damage_taken":0,"max_hp_gain":0,"max_hp_loss":0,"event_name":"Dead Adventurer","floor":7,"gold_loss":0},{"damage_healed":0,"gold_gain":275,"player_choice":"Desecrate","damage_taken":0,"max_hp_gain":0,"max_hp_loss":0,"event_name":"Golden Shrine","floor":13,"gold_loss":0,"cards_obtained":["Regret"]},{"damage_healed":0,"gold_gain":0,"player_choice":"Obtained Book","damage_taken":16,"max_hp_gain":0,"max_hp_loss":0,"event_name":"Cursed Tome","floor":22,"gold_loss":0}],"is_beta":false,"boss_relics":[{"not_picked":["Empty Cage","Fusion Hammer"],"picked":"White Beast Statue"}],"items_purged_floors":[],"is_endless":false,"potions_floor_spawned":[6,11,12,16,18,19,20,21],"killed_by":"Book of Stabbing","ascension_level":8}