{"gold_per_floor":[14,29,29,40,60,60,92,92,92,92,92],"floor_reached":11,"playtime":356,"items_purged":[],"score":139,"play_id":"cd2b1bfb-1db7-442e-b228-870d23674ed2","local_time":"20181221084838","is_ascension_mode":true,"campfire_choices":[{"data":"Chill","floor":6.0,"key":"SMITH"},{"data":"Capacitor","floor":10,"key":"SMITH"}],"neow_cost":"NO_GOLD","seed_source_timestamp":0,"circlet_count":0,"master_deck":["AscendersBane","Strike_B","Strike_B","Strike_B","Strike_B","Defend_B","Defend_B","Defend_B","Defend_B","Zap","Dualcast","Rainbow","Chill+1","Streamline+1","Genetic Algorithm","Capacitor+1","Storm"],"special_seed":0,"relics":["Cracked Core","Art of War","Letter Opener"],"potions_floor_usage":[7],"damage_taken":[{"damage":8.0,"enemies":"Small Slimes","floor":1.0,"turns":3.0},{"damage":0.0,"enemies":"2 Louse","floor":2.0,"turns":2.0},{"damage":5.0,"enemies":"Jaw Worm","floor":4.0,"turns":2.0},{"damage":15.0,"enemies":"Large Slime","floor":5.0,"turns":5.0},{"damage":12,"enemies":"3 Sentries","floor":7,"turns":7},{"damage":61,"enemies":"Gremlin Nob","floor":11,"turns":4}],"seed_played":"-267382589094302979","potions_obtained":[{"floor":2.0,"key":"SteroidPotion"},{"floor":4.0,"key":"Fire Potion"}],"is_trial":false,"path_per_floor":["M","M","?","M","M","R","E","?","T","R","E"],"character_chosen":"DEFECT","items_purchased":[],"campfire_rested":0,"item_purchase_floors":[],"current_hp_per_floor":[56,56,56,51,36,36,24,47,47,47,0],"gold":92,"neow_bonus":"THREE_RARE_CARDS","is_prod":false,"is_daily":false,"chose_seed":false,"campfire_upgraded":2,"win_rate":0,"timestamp":1545410918,"path_taken":["M","M","?","M","M","R","E","?","T","R","E"],"build_version":"2018-12-20","purchased_purges":0,"victory":false,"max_hp_per_floor":[71,71,71,71,71,71,71,71,71,71,71],"card_choices":[{"not_picked":["Amplify","Thunder Strike"],"picked":"Rainbow","floor":0.0},{"not_picked":["Gash","Heatsinks"],"picked":"Chill","floor":1.0},{"not_picked":["Sweeping Beam","Static Discharge"],"picked":"Streamline","floor":2.0},{"not_picked":["Sweeping Beam","Consume"],"picked":"Genetic Algorithm","floor":4.0},{"not_picked":["Barrage","Beam Cell"],"picked":"Capacitor","floor":5.0},{"not_picked":["Auto Shields","Beam Cell"],"picked":"Storm","floor":7}],"player_experience":1596675,"relics_obtained":[{"floor":7,"key":"Art of War"},{"floor":9,"key":"Letter Opener"}],"event_choices":[{"damage_healed":0.0,"max_hp_gain":0.0,"max_hp_loss":0.0,"gold_gain":0.0,"event_name":"Living Wall","player_choice":"Grow","floor":3.0,"gold_loss":0.0,"damage_taken":0.0,"cards_upgraded":["Streamline"]},{"damage_healed":23,"gold_gain":0,"player_choice":"Banana","damage_taken":0,"max_hp_gain":0,"max_hp_loss":0,"event_name":"Big Fish","floor":8,"gold_loss":0}],"is_beta":false,"boss_relics":[],"items_purged_floors":[],"is_endless":false,"potions_floor_spawned":[2,4],"killed_by":"Gremlin Nob","ascension_level":18}