{"path_per_floor":["M","?","M","M","?","E","M","M","T"],"character_chosen":"DEFECT","items_purchased":[],"gold_per_floor":[114,114,138,158,158,189,209,228,228,228],"floor_reached":10,"campfire_rested":0,"playtime":382,"item_purchase_floors":[],"current_hp_per_floor":[64,64,58,52,52,34,34,26,26,0],"items_purged":[],"gold":228,"score":74,"play_id":"47a9d15c-e469-4554-83d1-fa6c4c51f4da","local_time":"20180602132632","is_prod":false,"is_daily":false,"chose_seed":false,"is_ascension_mode":true,"campfire_upgraded":0,"win_rate":0,"timestamp":1527963992,"campfire_choices":[],"path_taken":["M","?","M","M","?","E","M","?","T","E"],"build_version":"2018-05-31","seed_source_timestamp":1272305022696431,"purchased_purges":0,"victory":false,"master_deck":["Strike_B","Strike_B","Strike_B","Strike_B","Defend_B","Defend_B","Defend_B","Defend_B","Zap+1","Dualcast","Barrage","Injury","Sweeping Beam","Compile Driver","Decay","Compile Driver","Sweeping Beam","Doom and Gloom"],"max_hp_per_floor":[75,75,75,75,75,75,75,75,75,75],"relics":["Cracked Core","Golden Idol","Frozen Egg 2","Smiling Mask"],"card_choices":[{"not_picked":["Tempest","Streamline"],"picked":"Barrage","floor":1},{"not_picked":["Go for the Eyes","Stack"],"picked":"Sweeping Beam","floor":3},{"not_picked":["Turbo","Stack"],"picked":"Compile Driver","floor":4},{"not_picked":["Stack","Reprogram"],"picked":"Compile Driver","floor":6},{"not_picked":["Redo","Streamline"],"picked":"Sweeping Beam","floor":7},{"not_picked":["Steam","Recycle"],"picked":"Doom and Gloom","floor":8}],"player_experience":219874,"potions_floor_usage":[10,10],"damage_taken":[{"damage":11,"enemies":"Jaw Worm","floor":1,"turns":3},{"damage":6,"enemies":"2 Louse","floor":3,"turns":2},{"damage":6,"enemies":"Cultist","floor":4,"turns":3},{"damage":18,"enemies":"3 Sentries","floor":6,"turns":6},{"damage":0,"enemies":"3 Louse","floor":7,"turns":3},{"damage":8,"enemies":"Exordium Wildlife","floor":8,"turns":2},{"damage":40,"enemies":"Lagavulin","floor":10,"turns":3}],"relics_obtained":[{"floor":6,"key":"Frozen Egg 2"},{"floor":9,"key":"Smiling Mask"}],"event_choices":[{"event_name":"Golden Idol","player_choice":"Take Wound","floor":2,"damage_taken":0},{"event_name":"Wheel of Change","player_choice":"Curse","floor":5,"damage_taken":0}],"boss_relics":[],"items_purged_floors":[],"potions_floor_spawned":[4,8],"seed_played":"-6976555633872615083","killed_by":"Lagavulin","ascension_level":1,"potions_obtained":[{"floor":4,"key":"EntropicBrew"},{"floor":8,"key":"Swift Potion"}],"is_trial":false}