{"gold_per_floor":[117,117,292,307,324,350,1,20,70,70,85,100,100],"floor_reached":13,"playtime":715,"items_purged":["Strike_G"],"score":87,"play_id":"2ade3cd9-09c7-4655-ae33-2dc7e969dabf","local_time":"20180919091159","is_ascension_mode":false,"campfire_choices":[{"floor":10,"key":"REST"}],"neow_cost":"","seed_source_timestamp":356077068627882,"circlet_count":0,"master_deck":["Defend_G","Defend_G+1","Defend_G","Defend_G","Defend_G+1","Strike_G","Strike_G","Strike_G+1","Strike_G","Survivor","Neutralize","Footwork","Doubt","Noxious Fumes","Underhanded Strike+1","A Thousand Cuts","Noxious Fumes","Deadly Poison","Poisoned Stab"],"relics":["Ring of the Snake","Matryoshka","TwistedFunnel","Whetstone","Ancient Tea Set"],"potions_floor_usage":[6,13],"damage_taken":[{"damage":1,"enemies":"2 Louse","floor":1,"turns":3},{"damage":1,"enemies":"Small Slimes","floor":4,"turns":5},{"damage":14,"enemies":"Jaw Worm","floor":5,"turns":6},{"damage":24,"enemies":"3 Sentries","floor":6,"turns":10},{"damage":14,"enemies":"Large Slime","floor":8,"turns":7},{"damage":0,"enemies":"Looter","floor":11,"turns":4},{"damage":9,"enemies":"Exordium Thugs","floor":12,"turns":5},{"damage":17,"enemies":"Lagavulin Event","floor":13,"turns":5}],"seed_played":"-479006653327535479","potions_obtained":[{"floor":1,"key":"Poison Potion"},{"floor":6,"key":"LiquidBronze"},{"floor":8,"key":"SteroidPotion"},{"floor":11,"key":"Ancient Potion"}],"is_trial":false,"path_per_floor":["M","?","?","M","M","E","$","M","T","R","M","M"],"character_chosen":"THE_SILENT","items_purchased":["Noxious Fumes","TwistedFunnel"],"campfire_rested":1,"item_purchase_floors":[7,7],"current_hp_per_floor":[69,55,55,54,40,16,16,2,2,23,23,14,0],"gold":100,"neow_bonus":"","is_prod":false,"is_daily":false,"chose_seed":false,"campfire_upgraded":0,"win_rate":0.0,"timestamp":1537366319,"path_taken":["M","?","?","M","M","E","$","M","T","R","M","M","?"],"build_version":"2018-09-06","purchased_purges":1,"victory":false,"max_hp_per_floor":[70,70,70,70,70,70,70,70,70,70,70,70,70],"card_choices":[{"not_picked":["Dagger Spray","Bane"],"picked":"Footwork","floor":1},{"not_picked":["Calculated Gamble","Poisoned Stab"],"picked":"Noxious Fumes","floor":4},{"not_picked":["Terror","Sucker Punch"],"picked":"Underhanded Strike","floor":5},{"not_picked":["Eviscerate","Dagger Throw"],"picked":"A Thousand Cuts","floor":6},{"not_picked":["Deflect","Dagger Throw"],"picked":"Deadly Poison","floor":8},{"not_picked":["Quick Slash","Escape Plan"],"picked":"Poisoned Stab","floor":11},{"not_picked":["Quick Slash","Reflex","Infinite Blades"],"picked":"SKIP","floor":12}],"player_experience":49940,"relics_obtained":[{"floor":6,"key":"Matryoshka"},{"floor":9,"key":"Whetstone"},{"floor":9,"key":"Ancient Tea Set"}],"event_choices":[{"event_name":"Shining Light","player_choice":"Entered Light","floor":2,"damage_taken":0},{"event_name":"Liars Game","player_choice":"agreed","floor":3,"damage_taken":0},{"event_name":"Dead Adventurer","player_choice":"Searched \u00272\u0027 times","floor":13,"damage_taken":0}],"is_beta":false,"boss_relics":[],"items_purged_floors":[7],"is_endless":false,"potions_floor_spawned":[1,6,8,11],"killed_by":"Lagavulin Event","ascension_level":0}