{"gold_per_floor":[114,132,106,126,34,68,68,102,151,101,116,129,129,146,146,251,251,261,271,287,287],"floor_reached":21,"playtime":1698,"items_purged":[],"score":241,"play_id":"4960dfda-e91d-4068-9a1b-b2943ff7c5c7","local_time":"20190131224445","is_ascension_mode":true,"campfire_choices":[{"data":"Footwork","floor":7,"key":"SMITH"},{"floor":13,"key":"REST"},{"floor":15,"key":"REST"}],"neow_cost":"NONE","seed_source_timestamp":176969427818124,"circlet_count":0,"master_deck":["Defend_G","Defend_G","Defend_G","Defend_G","Defend_G","Strike_G","Strike_G","Strike_G","Strike_G","Strike_G","Survivor","Neutralize","Night Terror","Cloak And Dagger","Caltrops","Footwork+1","Flash of Steel","PiercingWail","Blade Dance","Dagger Spray","Escape Plan","Prepared","Die Die Die","Infinite Blades","Setup","Cloak And Dagger"],"relics":["Ring of the Snake","Darkstone Periapt","Strawberry","Omamori","Fusion Hammer"],"potions_floor_usage":[6,8,16,16,16,20],"damage_taken":[{"damage":1,"enemies":"Cultist","floor":1,"turns":4},{"damage":4,"enemies":"Jaw Worm","floor":2,"turns":4},{"damage":0,"enemies":"Small Slimes","floor":4,"turns":4},{"damage":9,"enemies":"3 Sentries","floor":6,"turns":12},{"damage":50,"enemies":"Gremlin Nob","floor":8,"turns":7},{"damage":0,"enemies":"Blue Slaver","floor":11,"turns":6},{"damage":4,"enemies":"2 Fungi Beasts","floor":12,"turns":4},{"damage":0,"enemies":"Looter","floor":14,"turns":4},{"damage":42,"enemies":"Hexaghost","floor":16,"turns":8},{"damage":13,"enemies":"Shell Parasite","floor":18,"turns":7},{"damage":22,"enemies":"Spheric Guardian","floor":19,"turns":5},{"damage":28,"enemies":"Snake Plant","floor":20,"turns":6},{"damage":4,"enemies":"Centurion and Healer","floor":21,"turns":3}],"seed_played":"-1599699575023205070","potions_obtained":[{"floor":1,"key":"PowerPotion"},{"floor":6,"key":"SpeedPotion"},{"floor":8,"key":"FearPotion"},{"floor":12,"key":"AttackPotion"},{"floor":19,"key":"Fruit Juice"}],"is_trial":false,"path_per_floor":["M","M","?","M","$","E","R","E","T","$","M","M","R","M","R","B",null,"M","M","M","M"],"character_chosen":"THE_SILENT","items_purchased":["Flash of Steel","Strength Potion"],"campfire_rested":2,"item_purchase_floors":[5,10],"current_hp_per_floor":[69,65,65,65,65,56,56,13,13,13,13,9,32,32,55,13,61,48,26,3,0],"gold":287,"neow_bonus":"ONE_RANDOM_RARE_CARD","is_prod":false,"is_daily":false,"chose_seed":false,"campfire_upgraded":1,"win_rate":0,"timestamp":1548971085,"path_taken":["M","?","?","M","$","E","R","E","T","$","M","M","R","M","R","BOSS","M","M","M","M"],"build_version":"2019-01-23","purchased_purges":0,"victory":false,"max_hp_per_floor":[70,70,70,70,70,70,70,77,77,77,77,77,77,77,77,77,77,77,77,82,82],"card_choices":[{"not_picked":["Setup","Dagger Throw"],"picked":"Cloak And Dagger","floor":1},{"not_picked":["Sucker Punch","Deflect"],"picked":"Caltrops","floor":2},{"not_picked":["Crippling Poison","Deadly Poison"],"picked":"Footwork","floor":4},{"not_picked":["Dagger Throw","Acrobatics"],"picked":"PiercingWail","floor":6},{"not_picked":["Dodge and Roll","Expertise"],"picked":"Blade Dance","floor":8},{"not_picked":["Concentrate","Underhanded Strike"],"picked":"Dagger Spray","floor":11},{"not_picked":["Calculated Gamble","Setup"],"picked":"Escape Plan","floor":12},{"not_picked":["Deflect","Catalyst"],"picked":"Prepared","floor":14},{"not_picked":["Burst","Grand Finale"],"picked":"Die Die Die","floor":16},{"not_picked":["Underhanded Strike","Blade Dance"],"picked":"Infinite Blades","floor":18},{"not_picked":["Underhanded Strike","Outmaneuver"],"picked":"Setup","floor":19},{"not_picked":["All Out Attack","Poisoned Stab"],"picked":"Cloak And Dagger","floor":20}],"player_experience":407695,"relics_obtained":[{"floor":6,"key":"Darkstone Periapt"},{"floor":8,"key":"Strawberry"},{"floor":9,"key":"Omamori"}],"event_choices":[{"damage_healed":0,"gold_gain":0,"player_choice":"Left Gold","damage_taken":0,"max_hp_gain":0,"max_hp_loss":0,"event_name":"World of Goop","floor":3,"gold_loss":26}],"is_beta":false,"boss_relics":[{"not_picked":["Coffee Dripper","Velvet Choker"],"picked":"Fusion Hammer"}],"items_purged_floors":[],"is_endless":false,"potions_floor_spawned":[1,6,8,12,19],"killed_by":"Centurion and Healer","ascension_level":5}