{"gold_per_floor":[114,114,129,49,64,94,20,50,50,50,80,95,95,61,61,161,161,176,191,291,306,56,56,56,86,86,101,101,116,146,161,161,261,261,276,276,276,291,306,336,36,36,86,116,116,146,146,161,161,161],"floor_reached":51,"playtime":2154,"items_purged":[],"score":1183,"play_id":"11bf056f-4f10-46e8-b79e-50b2ca2f1c7b","local_time":"20190207124440","daily_mods":["Chimera","Hoarder","Elite Swarm"],"is_ascension_mode":false,"campfire_choices":[{"floor":13,"key":"REST"},{"floor":15,"key":"REST"},{"floor":23,"key":"REST"},{"floor":28,"key":"REST"},{"floor":32,"key":"REST"},{"floor":42,"key":"REST"},{"floor":47,"key":"REST"},{"floor":49,"key":"REST"}],"neow_cost":"","seed_source_timestamp":0,"circlet_count":0,"master_deck":["Survivor","Zap","Strike_G","Strike_B","Defend_R","Defend_G","Defend_B","Anger","Anger","Anger","Bash","Bash","Bash","Second Wind","Second Wind","Second Wind+1","Ghostly Armor","Ghostly Armor","Ghostly Armor","Inflame","Inflame","Inflame","Limit Break","Limit Break","Limit Break+1","Infernal Blade","Infernal Blade","Infernal Blade","Regret","Regret","Regret","Anger","Anger","Anger","Dropkick","Dropkick","Dropkick","Feed","Feed","Feed","Rampage","Rampage","Rampage","Heavy Blade+1","Heavy Blade+1","Heavy Blade+1","Anger","Anger","Anger","Cleave+1","Cleave+1","Cleave+1","Double Tap","Double Tap","Double Tap","Flex","Flex","Flex","Offering","Offering","Offering","Inflame","Inflame","Inflame","Anger+1","Anger+1","Anger+1","Brutality","Brutality","Brutality","Limit Break","Limit Break","Limit Break","Offering","Offering","Offering","Searing Blow+1","Searing Blow+1","Searing Blow+1","Flex+1","Flex+1","Flex+1"],"special_seed":17934,"relics":["Burning Blood","Gremlin Horn","Self Forming Clay","Red Skull","Tiny Chest","Black Star","FossilizedHelix","Singing Bowl","Matryoshka","Lantern","Pen Nib","Bottled Lightning","War Paint","Bottled Flame","Art of War","Dream Catcher","White Beast Statue","Vajra","Letter Opener","Centennial Puzzle","Strawberry","Calipers","Boot","Bottled Tornado","Happy Flower","Bag of Marbles","Mercury Hourglass"],"potions_floor_usage":[8,19,20,25,25,33,33,39,40,40,40,44,50,50,50],"damage_taken":[{"damage":0.0,"enemies":"Small Slimes","floor":1.0,"turns":4.0},{"damage":0.0,"enemies":"Cultist","floor":3.0,"turns":3.0},{"damage":0.0,"enemies":"2 Louse","floor":5.0,"turns":3.0},{"damage":24.0,"enemies":"Gremlin Nob","floor":6.0,"turns":4.0},{"damage":21,"enemies":"3 Sentries","floor":8,"turns":6},{"damage":2,"enemies":"2 Fungi Beasts","floor":12,"turns":3},{"damage":3,"enemies":"Slime Boss","floor":16,"turns":8},{"damage":34,"enemies":"Spheric Guardian","floor":18,"turns":7},{"damage":10,"enemies":"3 Byrds","floor":19,"turns":4},{"damage":15,"enemies":"Colosseum Slavers","floor":20,"turns":3},{"damage":8,"enemies":"Colosseum Nobs","floor":20,"turns":4},{"damage":13,"enemies":"Cultist and Chosen","floor":21,"turns":5},{"damage":21,"enemies":"Slavers","floor":25,"turns":5},{"damage":20,"enemies":"Snake Plant","floor":27,"turns":4},{"damage":17,"enemies":"Snecko","floor":29,"turns":6},{"damage":28,"enemies":"Book of Stabbing","floor":30,"turns":4},{"damage":0,"enemies":"Chosen and Byrds","floor":31,"turns":3},{"damage":31,"enemies":"Collector","floor":33,"turns":4},{"damage":15,"enemies":"3 Darklings","floor":35,"turns":4},{"damage":0,"enemies":"Orb Walker","floor":38,"turns":3},{"damage":20,"enemies":"Jaw Worm Horde","floor":39,"turns":4},{"damage":42,"enemies":"Giant Head","floor":40,"turns":6},{"damage":50,"enemies":"Nemesis","floor":44,"turns":5},{"damage":13,"enemies":"Giant Head","floor":46,"turns":2},{"damage":56,"enemies":"Maw","floor":48,"turns":4},{"damage":25,"enemies":"Awakened One","floor":50,"turns":4}],"seed_played":"-7067944116089753152","potions_obtained":[{"floor":5.0,"key":"Swift Potion"},{"floor":6.0,"key":"Weak Potion"},{"floor":8,"key":"SpeedPotion"},{"floor":16,"key":"PowerPotion"},{"floor":20,"key":"PowerPotion"},{"floor":21,"key":"FearPotion"},{"floor":30,"key":"SteroidPotion"},{"floor":31,"key":"Dexterity Potion"},{"floor":35,"key":"Explosive Potion"},{"floor":38,"key":"EssenceOfSteel"},{"floor":39,"key":"Block Potion"},{"floor":40,"key":"Regen Potion"},{"floor":44,"key":"Explosive Potion"},{"floor":46,"key":"Ancient Potion"},{"floor":48,"key":"Swift Potion"}],"is_trial":false,"path_per_floor":["M","?","M","$","M","E","$","E","T","?","?","M","R","$","R","B",null,"M","M","?","M","$","R","?","E","T","M","R","M","E","M","R","B",null,"M","T","?","M","M","E","$","R","T","E","?","E","R","M","R","B",null],"character_chosen":"IRONCLAD","items_purchased":["Inflame","Infernal Blade","Dropkick","Matryoshka","Calipers"],"campfire_rested":8,"item_purchase_floors":[4,7,14,22,41],"current_hp_per_floor":[80,80,80,80,80,62,62,47,47,40,40,44,68,68,80,80,80,52,48,40,38,38,64,64,54,54,42,70,59,37,46,77,55,103,94,94,94,100,91,62,62,98,98,66,66,59,92,45,81,62],"gold":161,"neow_bonus":"","is_prod":false,"is_daily":true,"chose_seed":false,"campfire_upgraded":0,"win_rate":0,"timestamp":1549514680,"path_taken":["M","?","?","$","M","E","?","E","T","?","?","M","R","?","R","BOSS","M","?","?","M","$","R","?","E","T","?","R","?","E","M","R","BOSS","M","?","?","M","?","E","$","R","T","E","?","E","R","M","R","BOSS"],"build_version":"2019-01-23","purchased_purges":0,"victory":true,"max_hp_per_floor":[80,80,80,80,80,80,80,80,80,80,80,80,80,80,80,80,80,80,80,83,88,88,88,88,93,93,95,95,95,95,98,100,103,103,103,103,103,103,108,115,115,117,117,117,111,111,111,114,116,116],"card_choices":[{"not_picked":["Headbutt","Cleave"],"picked":"Anger","floor":1.0},{"not_picked":["Clothesline","Entrench"],"picked":"Ghostly Armor","floor":3.0},{"not_picked":["Second Wind","Metallicize","Hemokinesis"],"picked":"SKIP","floor":5.0},{"not_picked":["Exhume","Barricade"],"picked":"Limit Break","floor":6.0},{"not_picked":["Demon Form","Impervious","Brutality"],"picked":"SKIP","floor":8},{"not_picked":["Headbutt","Twin Strike"],"picked":"Anger","floor":12},{"not_picked":["Double Tap","Reaper"],"picked":"Feed","floor":16},{"not_picked":["Armaments","Havoc"],"picked":"Rampage","floor":18},{"not_picked":["Body Slam","Shrug It Off"],"picked":"Heavy Blade+1","floor":19},{"not_picked":["Clash","Wild Strike"],"picked":"Anger","floor":20},{"not_picked":["Twin Strike","Searing Blow","Headbutt"],"picked":"Singing Bowl","floor":21},{"not_picked":["Dark Embrace","Barricade","Berserk"],"picked":"Singing Bowl","floor":25},{"not_picked":["Reckless Charge","Twin Strike+1","Sword Boomerang+1"],"picked":"Singing Bowl","floor":27},{"not_picked":["Thunderclap","Second Wind"],"picked":"Cleave+1","floor":29},{"not_picked":["Feed","Reaper"],"picked":"Double Tap","floor":30},{"not_picked":["Headbutt","Seeing Red"],"picked":"Flex","floor":31},{"not_picked":["True Grit","Shrug It Off","Thunderclap"],"picked":"Singing Bowl","floor":32},{"not_picked":["Dark Embrace","Limit Break"],"picked":"Offering","floor":33},{"not_picked":["Body Slam+1","Clothesline"],"picked":"Inflame","floor":35},{"not_picked":["Dropkick+1","Uppercut+1"],"picked":"Anger+1","floor":38},{"not_picked":["True Grit+1","Disarm+1","Metallicize+1"],"picked":"Singing Bowl","floor":39},{"not_picked":["Demon Form","Barricade"],"picked":"Brutality","floor":40},{"not_picked":["Shrug It Off","Reckless Charge","True Grit"],"picked":"Singing Bowl","floor":42},{"not_picked":["Brutality","Barricade"],"picked":"Limit Break","floor":44},{"not_picked":["Reaper","Limit Break"],"picked":"Offering","floor":46},{"not_picked":["Fire Breathing+1","Feel No Pain+1"],"picked":"Searing Blow+1","floor":47},{"not_picked":["Combust+1","True Grit"],"picked":"Flex+1","floor":48},{"not_picked":["Flame Barrier","True Grit+1","Barricade"],"picked":"Singing Bowl","floor":49}],"player_experience":94695,"relics_obtained":[{"floor":6.0,"key":"Gremlin Horn"},{"floor":8,"key":"Self Forming Clay"},{"floor":9,"key":"Red Skull"},{"floor":20,"key":"FossilizedHelix"},{"floor":20,"key":"Singing Bowl"},{"floor":25,"key":"Pen Nib"},{"floor":25,"key":"Bottled Lightning"},{"floor":26,"key":"War Paint"},{"floor":26,"key":"Bottled Flame"},{"floor":30,"key":"Art of War"},{"floor":30,"key":"Dream Catcher"},{"floor":36,"key":"Vajra"},{"floor":36,"key":"Letter Opener"},{"floor":40,"key":"Centennial Puzzle"},{"floor":40,"key":"Strawberry"},{"floor":43,"key":"Boot"},{"floor":44,"key":"Bottled Tornado"},{"floor":44,"key":"Happy Flower"},{"floor":46,"key":"Bag of Marbles"},{"floor":46,"key":"Mercury Hourglass"}],"event_choices":[{"damage_healed":0.0,"max_hp_gain":0.0,"max_hp_loss":0.0,"gold_gain":0.0,"event_name":"Match and Keep!","player_choice":"2 cards matched","floor":2.0,"gold_loss":0.0,"damage_taken":0.0,"cards_obtained":["Bash","Second Wind"]},{"cards_removed":["Bash"],"damage_healed":0,"gold_gain":0,"player_choice":"Card Removal","damage_taken":7,"max_hp_gain":0,"max_hp_loss":0,"event_name":"Golden Wing","floor":10,"gold_loss":0},{"damage_healed":0,"gold_gain":0,"player_choice":"Box","damage_taken":0,"relics_obtained":["Tiny Chest"],"max_hp_gain":0,"max_hp_loss":0,"event_name":"Big Fish","floor":11,"gold_loss":0,"cards_obtained":["Regret"]},{"damage_healed":0,"gold_gain":0,"player_choice":"Fight","damage_taken":0,"max_hp_gain":0,"max_hp_loss":0,"event_name":"Colosseum","floor":20,"gold_loss":0},{"damage_healed":0,"gold_gain":0,"player_choice":"Fought Nobs","damage_taken":0,"max_hp_gain":0,"max_hp_loss":0,"event_name":"Colosseum","floor":20,"gold_loss":0},{"damage_healed":0,"gold_gain":0,"player_choice":"Opened","damage_taken":0,"relics_obtained":["Lantern"],"max_hp_gain":0,"max_hp_loss":0,"event_name":"The Mausoleum","floor":24,"gold_loss":0},{"cards_removed":["Strike_R"],"damage_healed":0,"gold_gain":0,"player_choice":"Purged","damage_taken":0,"max_hp_gain":0,"max_hp_loss":0,"event_name":"Purifier","floor":37,"gold_loss":0},{"damage_healed":0,"gold_gain":0,"player_choice":"Max HP","damage_taken":0,"max_hp_gain":0,"max_hp_loss":6,"event_name":"Winding Halls","floor":45,"gold_loss":0}],"is_beta":false,"boss_relics":[{"not_picked":["Lizard Tail","Snecko Eye"],"picked":"Black Star"},{"not_picked":["Sozu","Astrolabe"],"picked":"White Beast Statue"}],"items_purged_floors":[],"is_endless":false,"potions_floor_spawned":[5,6,8,16,20,20,21,30,31,35,38,39,40,44,46,48],"ascension_level":0}