{"gold_per_floor":[119,132,132,149,47,47,79,79,79,109,127,127,127,127,127,205,205,215,215,215,175],"floor_reached":21,"playtime":406,"items_purged":[],"score":470,"play_id":"dcac61dd-1a33-4072-a159-bab0124478c9","local_time":"20181212184545","is_ascension_mode":true,"campfire_choices":[{"data":"Rampage","floor":6.0,"key":"SMITH"},{"data":"Havoc","floor":8.0,"key":"SMITH"},{"data":"Inflame","floor":12.0,"key":"SMITH"},{"floor":15.0,"key":"REST"}],"neow_cost":"NONE","seed_source_timestamp":0,"circlet_count":0,"master_deck":["AscendersBane","Strike_R+1","Strike_R","Strike_R","Strike_R+1","Strike_R","Defend_R","Defend_R","Defend_R","Bash","Cleave","Inflame+1","Havoc+1","Sword Boomerang","Rampage+1","Inflame","Fiend Fire","Pommel Strike","Demon Form","Pain","Clumsy","Writhe","True Grit","Writhe"],"special_seed":0,"relics":["Burning Blood","NeowsBlessing","Ornamental Fan","Mercury Hourglass","Dodecahedron","Calling Bell","Juzu Bracelet","Frozen Egg 2","Thread and Needle","PreservedInsect"],"potions_floor_usage":[21],"damage_taken":[{"damage":0.0,"enemies":"Jaw Worm","floor":1.0,"turns":1.0},{"damage":0.0,"enemies":"Cultist","floor":2.0,"turns":1.0},{"damage":0.0,"enemies":"Small Slimes","floor":4.0,"turns":1.0},{"damage":11.0,"enemies":"Gremlin Nob","floor":7.0,"turns":3.0},{"damage":20.0,"enemies":"Lagavulin","floor":10.0,"turns":5.0},{"damage":11.0,"enemies":"Looter","floor":11.0,"turns":2.0},{"damage":33.0,"enemies":"Hexaghost","floor":16.0,"turns":7.0},{"damage":10.0,"enemies":"Spheric Guardian","floor":18.0,"turns":3.0},{"damage":50,"enemies":"Colosseum Slavers","floor":19,"turns":4},{"damage":8,"enemies":"2 Thieves","floor":21,"turns":2}],"seed_played":"-2408217785403700382","potions_obtained":[{"floor":1.0,"key":"Fire Potion"},{"floor":2.0,"key":"AttackPotion"},{"floor":3.0,"key":"Strength Potion"},{"floor":10.0,"key":"Fire Potion"},{"floor":18.0,"key":"SpeedPotion"}],"is_trial":false,"path_per_floor":["M","M","?","M","$","R","E","R","T","E","M","R","?","?","R","B",null,"M","?","?","M"],"character_chosen":"IRONCLAD","items_purchased":["Sword Boomerang","Rampage"],"campfire_rested":1,"item_purchase_floors":[5,5],"current_hp_per_floor":[74,75,75,75,75,75,70,70,70,56,51,51,44,21,43,16,60,56,12,12,4],"gold":175,"neow_bonus":"THREE_ENEMY_KILL","is_prod":false,"is_daily":false,"chose_seed":false,"campfire_upgraded":3,"win_rate":0,"timestamp":1544665545,"path_taken":["M","M","?","M","$","R","E","R","T","E","?","R","?","?","R","BOSS","M","?","?","M"],"build_version":"2018-12-06","purchased_purges":0,"victory":false,"max_hp_per_floor":[75,75,75,75,75,75,75,75,75,75,75,75,75,75,75,75,75,75,75,75,75],"card_choices":[{"not_picked":["Corruption","Burning Pact"],"picked":"Cleave","floor":1.0},{"not_picked":["Cleave","Clothesline"],"picked":"Inflame","floor":2.0},{"not_picked":["Perfected Strike","Flex"],"picked":"Havoc","floor":4.0},{"not_picked":["Dropkick","Iron Wave"],"picked":"Inflame","floor":7.0},{"not_picked":["Rage","Infernal Blade"],"picked":"Fiend Fire","floor":10.0},{"not_picked":["Fire Breathing","Combust"],"picked":"Pommel Strike","floor":11.0},{"not_picked":["Bludgeon","Brutality"],"picked":"Demon Form","floor":16.0},{"not_picked":["Clothesline","Headbutt"],"picked":"True Grit","floor":18.0}],"player_experience":629861,"relics_obtained":[{"floor":7.0,"key":"Ornamental Fan"},{"floor":9.0,"key":"Mercury Hourglass"},{"floor":10.0,"key":"Dodecahedron"},{"floor":17.0,"key":"Juzu Bracelet"},{"floor":17.0,"key":"Frozen Egg 2"},{"floor":17.0,"key":"Thread and Needle"}],"event_choices":[{"damage_healed":0.0,"max_hp_gain":0.0,"max_hp_loss":0.0,"gold_gain":0.0,"event_name":"Lab","player_choice":"Got Potions","floor":3.0,"gold_loss":0.0,"damage_taken":0.0},{"cards_removed":["Defend_R"],"damage_healed":0.0,"max_hp_gain":0.0,"max_hp_loss":0.0,"gold_gain":0.0,"event_name":"Golden Wing","player_choice":"Card Removal","floor":13.0,"gold_loss":0.0,"damage_taken":7.0},{"damage_healed":0.0,"max_hp_gain":0.0,"max_hp_loss":0.0,"gold_gain":0.0,"event_name":"Shining Light","player_choice":"Entered Light","floor":14.0,"gold_loss":0.0,"damage_taken":23.0,"cards_upgraded":["Strike_R","Strike_R"]},{"damage_healed":0,"gold_gain":0,"player_choice":"Fight","damage_taken":0,"max_hp_gain":0,"max_hp_loss":0,"event_name":"Colosseum","floor":19,"gold_loss":0},{"damage_healed":0,"gold_gain":0,"player_choice":"Fled From Nobs","damage_taken":0,"max_hp_gain":0,"max_hp_loss":0,"event_name":"Colosseum","floor":19,"gold_loss":0},{"damage_healed":0,"gold_gain":0,"player_choice":"Opened","damage_taken":0,"relics_obtained":["PreservedInsect"],"max_hp_gain":0,"max_hp_loss":0,"event_name":"The Mausoleum","floor":20,"gold_loss":0,"cards_obtained":["Writhe"]}],"is_beta":false,"boss_relics":[{"not_picked":["Runic Pyramid","Orrery"],"picked":"Calling Bell"}],"items_purged_floors":[],"is_endless":false,"potions_floor_spawned":[1,2,4,10,18,19],"killed_by":"2 Thieves","ascension_level":20}