{"gold_per_floor":[113,128,128,139,155,155,171,185,185,185,210,220,220,234,234,331,331,347,347,362,5,5,33,33,49,123,123,135,135,184,211,211,211],"floor_reached":33,"playtime":2642,"items_purged":["Strike_B"],"score":455,"play_id":"b068b7d2-3854-4955-a1f9-1930e673b887","local_time":"20190109030557","is_ascension_mode":true,"campfire_choices":[{"data":"Sunder","floor":6,"key":"SMITH"},{"data":"Zap","floor":10,"key":"SMITH"},{"data":"Go for the Eyes","floor":15,"key":"SMITH"},{"floor":24,"key":"REST"},{"data":"Gash","floor":27,"key":"SMITH"},{"floor":32,"key":"REST"}],"neow_cost":"CURSE","seed_source_timestamp":1838104079462713,"circlet_count":0,"master_deck":["Defend_B","Defend_B","Defend_B","Defend_B+1","Zap+1","Dualcast+1","All For One","Sunder+1","Coolheaded","Go for the Eyes+1","Coolheaded","Rip and Tear","Cold Snap","Beam Cell","Gash+1","Creative AI","Self Repair","Self Repair","Auto Shields","FTL","Self Repair","White Noise+1","Gash","Beam Cell","Seek","Loop","Echo Form","Turbo+1","Redo+1","Chill","Bite","Bite","Bite","Bite","Bite","Loop+1"],"relics":["Cracked Core","Pear","Pantograph","Orrery","Membership Card","Omamori","War Paint","Nunchaku"],"potions_floor_usage":[11,12,16,18,23,23,31,31],"damage_taken":[{"damage":0,"enemies":"Small Slimes","floor":1,"turns":3},{"damage":0,"enemies":"Cultist","floor":2,"turns":4},{"damage":5,"enemies":"Jaw Worm","floor":4,"turns":3},{"damage":0,"enemies":"Large Slime","floor":5,"turns":5},{"damage":5,"enemies":"Exordium Thugs","floor":7,"turns":4},{"damage":0,"enemies":"2 Fungi Beasts","floor":8,"turns":2},{"damage":32,"enemies":"3 Sentries","floor":11,"turns":6},{"damage":0,"enemies":"Looter","floor":12,"turns":1},{"damage":3,"enemies":"Red Slaver","floor":14,"turns":2},{"damage":1,"enemies":"Slime Boss","floor":16,"turns":9},{"damage":21,"enemies":"Shell Parasite","floor":18,"turns":9},{"damage":14,"enemies":"Spheric Guardian","floor":20,"turns":5},{"damage":77,"enemies":"Slavers","floor":23,"turns":6},{"damage":16,"enemies":"Cultist and Chosen","floor":25,"turns":6},{"damage":48,"enemies":"3 Cultists","floor":28,"turns":7},{"damage":29,"enemies":"Book of Stabbing","floor":31,"turns":4},{"damage":82,"enemies":"Collector","floor":33,"turns":6}],"seed_played":"-6423489053334868931","potions_obtained":[{"floor":5,"key":"LiquidBronze"},{"floor":8,"key":"Dexterity Potion"},{"floor":11,"key":"AttackPotion"},{"floor":14,"key":"Poison Potion"},{"floor":16,"key":"Regen Potion"},{"floor":20,"key":"Block Potion"},{"floor":25,"key":"Energy Potion"},{"floor":28,"key":"FearPotion"}],"is_trial":false,"path_per_floor":["M","M","?","M","M","R","M","M","T","R","E","M","?","M","R","B",null,"M","?","M","$","?","E","R","M","T","R","M","?","T","E","R","B"],"character_chosen":"DEFECT","items_purchased":["Membership Card","Gash","Beam Cell","Seek"],"campfire_rested":2,"item_purchase_floors":[21,21,21,21],"current_hp_per_floor":[68,68,68,63,63,63,58,58,68,68,36,36,36,33,33,57,78,78,78,78,78,78,30,55,67,67,67,40,40,40,42,59,0],"gold":211,"neow_bonus":"THREE_RARE_CARDS","is_prod":false,"is_daily":false,"chose_seed":false,"campfire_upgraded":4,"win_rate":0,"timestamp":1547021157,"path_taken":["M","M","?","?","M","R","M","M","T","R","E","M","?","M","R","BOSS","M","?","M","$","?","E","R","M","T","R","M","?","?","E","R","BOSS"],"build_version":"2019-01-03v4","purchased_purges":1,"victory":false,"max_hp_per_floor":[75,75,75,75,75,75,75,75,85,85,85,85,85,85,85,85,85,85,85,85,85,85,85,85,85,85,85,85,59,59,59,59,59],"card_choices":[{"not_picked":["Thunder Strike","Fission"],"picked":"All For One","floor":0},{"not_picked":["Stack","Compile Driver"],"picked":"Sunder","floor":1},{"not_picked":["Ball Lightning","Rebound"],"picked":"Coolheaded","floor":2},{"not_picked":["Rebound","Static Discharge"],"picked":"Go for the Eyes","floor":4},{"not_picked":["Streamline","Rebound"],"picked":"Coolheaded","floor":5},{"not_picked":["Blizzard","Consume","Reprogram"],"picked":"SKIP","floor":7},{"not_picked":["Reinforced Body","Meteor Strike"],"picked":"Rip and Tear","floor":8},{"not_picked":["Storm","Genetic Algorithm"],"picked":"Cold Snap","floor":11},{"not_picked":["Hello World","Ball Lightning"],"picked":"Beam Cell","floor":12},{"not_picked":["Barrage","Consume"],"picked":"Gash","floor":14},{"not_picked":["Rainbow","Thunder Strike"],"picked":"Creative AI","floor":16},{"not_picked":["Stack","Ball Lightning"],"picked":"Self Repair","floor":17},{"not_picked":["BootSequence","Consume"],"picked":"Self Repair","floor":17},{"not_picked":["Storm","Stack"],"picked":"Auto Shields","floor":17},{"not_picked":["Compile Driver","Rebound"],"picked":"FTL","floor":17},{"not_picked":["Hologram","Rebound"],"picked":"Self Repair","floor":17},{"not_picked":["Steam Power","Reinforced Body","Redo"],"picked":"SKIP","floor":18},{"not_picked":["Hello World","Rebound"],"picked":"White Noise+1","floor":20},{"not_picked":["Creative AI","Reprogram+1"],"picked":"Turbo+1","floor":23},{"not_picked":["Leap","Cold Snap"],"picked":"Redo+1","floor":25},{"not_picked":["Rebound","Compile Driver+1"],"picked":"Chill","floor":28},{"not_picked":["Machine Learning","Ball Lightning"],"picked":"Loop+1","floor":31}],"player_experience":438510,"relics_obtained":[{"floor":9,"key":"Pear"},{"floor":11,"key":"Pantograph"},{"floor":23,"key":"Omamori"},{"floor":30,"key":"War Paint"},{"floor":31,"key":"Nunchaku"}],"event_choices":[{"cards_removed":["Shame"],"damage_healed":0,"gold_gain":0,"player_choice":"Removed Curses","damage_taken":0,"max_hp_gain":0,"max_hp_loss":0,"event_name":"Fountain of Cleansing","floor":3,"gold_loss":0},{"damage_healed":0,"gold_gain":0,"player_choice":"Ignored","damage_taken":0,"max_hp_gain":0,"max_hp_loss":0,"event_name":"Liars Game","floor":13,"gold_loss":0},{"cards_removed":["Strike_B"],"damage_healed":0,"gold_gain":0,"player_choice":"Purged","damage_taken":0,"max_hp_gain":0,"max_hp_loss":0,"event_name":"Purifier","floor":19,"gold_loss":0},{"damage_healed":0,"gold_gain":0,"cards_transformed":["Strike_B","Strike_B"],"player_choice":"Became Test Subject","damage_taken":0,"max_hp_gain":0,"max_hp_loss":0,"event_name":"Drug Dealer","floor":22,"gold_loss":0,"cards_obtained":["Loop","Echo Form"]},{"damage_healed":0,"gold_gain":0,"player_choice":"Became a vampire","damage_taken":0,"max_hp_gain":0,"max_hp_loss":26,"event_name":"Vampires","floor":29,"gold_loss":0,"cards_obtained":["Bite","Bite","Bite","Bite","Bite"]}],"is_beta":false,"boss_relics":[{"not_picked":["Lizard Tail","Coffee Dripper"],"picked":"Orrery"}],"items_purged_floors":[21],"is_endless":false,"potions_floor_spawned":[5,8,11,14,16,20,25,28],"killed_by":"Collector","ascension_level":8}