{"gold_per_floor":[112,122,82,95,95,128,140,140,210,228,253,253,279,290,290,388,388,402,414,594,605,68,68,103,103,103,122,135,60,141,169,169,270,270,288,306,202,221,121,121,156,156,205,305,315,315,0,12,12,12],"floor_reached":51,"playtime":2790,"items_purged":["Strike_B","Strike_B"],"score":761,"play_id":"7de13a4b-af31-40bb-8fb5-f149c1d1a6a3","local_time":"20190108212506","is_ascension_mode":true,"campfire_choices":[{"data":"Static Discharge","floor":12,"key":"SMITH"},{"floor":15,"key":"REST"},{"floor":23,"key":"REST"},{"data":"Tempest","floor":25,"key":"SMITH"},{"data":"Transmutation","floor":32,"key":"SMITH"},{"data":"Defragment","floor":40,"key":"SMITH"},{"data":"Zap","floor":42,"key":"SMITH"},{"data":"Loop","floor":46,"key":"SMITH"},{"floor":49,"key":"REST"}],"neow_cost":"NONE","seed_source_timestamp":84485894100421,"circlet_count":0,"master_deck":["Strike_B","Strike_B","Defend_B","Defend_B","Defend_B","Defend_B","Zap+1","Dualcast","Ball Lightning","Loop+1","Tempest+1","Static Discharge+1","Undo","Thunder Strike","Transmutation+1","Ball Lightning+1","Electrodynamics","Redo+1","Glacier+1","Defragment+1","Chaos+1"],"relics":["Cracked Core","NeowsBlessing","Gambling Chip","Shuriken","Strawberry","Vajra","Sozu","Chemical X","Bag of Preparation","Letter Opener","Meat on the Bone","Matryoshka","Toxic Egg 2","Velvet Choker","Art of War","Gremlin Horn","Ancient Tea Set","Dead Branch","Red Mask"],"potions_floor_usage":[6,7,14,24],"damage_taken":[{"damage":0,"enemies":"2 Louse","floor":1,"turns":1},{"damage":0,"enemies":"Cultist","floor":2,"turns":1},{"damage":0,"enemies":"Small Slimes","floor":4,"turns":1},{"damage":13,"enemies":"Lagavulin","floor":6,"turns":5},{"damage":20,"enemies":"Exordium Thugs","floor":7,"turns":3},{"damage":6,"enemies":"Red Slaver","floor":10,"turns":3},{"damage":36,"enemies":"Gremlin Nob","floor":13,"turns":3},{"damage":6,"enemies":"Lots of Slimes","floor":14,"turns":5},{"damage":22,"enemies":"Hexaghost","floor":16,"turns":7},{"damage":0,"enemies":"Chosen","floor":18,"turns":3},{"damage":5,"enemies":"3 Byrds","floor":19,"turns":1},{"damage":23,"enemies":"Centurion and Healer","floor":21,"turns":3},{"damage":10,"enemies":"Gremlin Leader","floor":24,"turns":4},{"damage":8,"enemies":"Snake Plant","floor":27,"turns":2},{"damage":7,"enemies":"3 Cultists","floor":28,"turns":3},{"damage":13,"enemies":"Book of Stabbing","floor":31,"turns":4},{"damage":35,"enemies":"Automaton","floor":33,"turns":6},{"damage":6,"enemies":"Orb Walker","floor":35,"turns":2},{"damage":9,"enemies":"3 Shapes","floor":36,"turns":2},{"damage":7,"enemies":"Maw","floor":38,"turns":5},{"damage":21,"enemies":"Giant Head","floor":41,"turns":7},{"damage":0,"enemies":"Mind Bloom Boss Battle","floor":44,"turns":2},{"damage":13,"enemies":"Jaw Worm Horde","floor":45,"turns":3},{"damage":0,"enemies":"3 Darklings","floor":48,"turns":2},{"damage":29,"enemies":"Donu and Deca","floor":50,"turns":5}],"seed_played":"-3790757688347651216","potions_obtained":[{"floor":3,"key":"SkillPotion"},{"floor":3,"key":"Ancient Potion"},{"floor":3,"key":"SkillPotion"},{"floor":10,"key":"Strength Potion"},{"floor":13,"key":"LiquidBronze"}],"is_trial":false,"path_per_floor":["M","M","?","M","$","E","M","$","T","M","T","R","E","M","R","B",null,"M","M","?","M","$","R","E","R","T","M","M","$","T","E","R","B",null,"M","M","$","M","$","R","E","R","T","?","M","R","?","M","R","B",null],"character_chosen":"DEFECT","items_purchased":["Chemical X","Transmutation","Bag of Preparation","Defragment","Chaos+1"],"campfire_rested":3,"item_purchase_floors":[22,22,22,37,37],"current_hp_per_floor":[75,75,75,75,75,62,42,42,42,36,43,43,7,1,25,3,82,82,77,53,30,30,54,44,44,44,48,53,53,53,52,52,29,82,76,67,67,60,60,60,51,51,51,51,50,50,50,50,74,45],"gold":12,"neow_bonus":"THREE_ENEMY_KILL","is_prod":false,"is_daily":false,"chose_seed":false,"campfire_upgraded":6,"win_rate":0,"timestamp":1546943106,"path_taken":["M","M","?","?","$","E","M","$","T","M","?","R","E","M","R","BOSS","M","?","?","?","?","R","E","R","T","M","?","$","?","E","R","BOSS","M","?","$","M","$","R","E","R","T","?","M","R","?","M","R","BOSS"],"build_version":"2018-11-15","purchased_purges":2,"victory":true,"max_hp_per_floor":[75,75,75,75,75,75,75,75,75,75,82,82,82,82,82,82,82,82,82,82,82,82,82,82,82,82,82,82,82,82,82,82,82,82,82,82,82,82,82,82,82,82,82,82,82,82,82,82,82,82],"card_choices":[{"not_picked":["Barrage","Capacitor"],"picked":"Ball Lightning","floor":1},{"not_picked":["Stack","Melter"],"picked":"Loop","floor":2},{"not_picked":["Steam Power","Go for the Eyes"],"picked":"Tempest","floor":4},{"not_picked":["Reprogram","Blizzard","Lockon"],"picked":"SKIP","floor":6},{"not_picked":["Aggregate","White Noise","Redo"],"picked":"SKIP","floor":7},{"not_picked":["Genetic Algorithm","Force Field"],"picked":"Static Discharge","floor":10},{"not_picked":["Auto Shields","Leap"],"picked":"Undo","floor":13},{"not_picked":["Beam Cell","Cold Snap","Stack"],"picked":"SKIP","floor":14},{"not_picked":["Fission","Hyperbeam"],"picked":"Thunder Strike","floor":16},{"not_picked":["Cold Snap","Redo","Steam"],"picked":"SKIP","floor":18},{"not_picked":["Barrage","Stack+1","Gash"],"picked":"SKIP","floor":19},{"not_picked":["Streamline","Leap","Rebound+1"],"picked":"SKIP","floor":21},{"not_picked":["Amplify","Sunder","Turbo"],"picked":"SKIP","floor":24},{"not_picked":["Streamline","Cold Snap","Rebound"],"picked":"SKIP","floor":27},{"not_picked":["Sweeping Beam","Stack+1"],"picked":"Ball Lightning+1","floor":28},{"not_picked":["Rip and Tear","Hologram","Thunder Strike"],"picked":"SKIP","floor":31},{"not_picked":["Reboot+1","Thunder Strike"],"picked":"Electrodynamics","floor":33},{"not_picked":["Hologram+1","BootSequence+1"],"picked":"Redo+1","floor":35},{"not_picked":["Reprogram+1","Sweeping Beam"],"picked":"Glacier+1","floor":36},{"not_picked":["Blizzard","Cold Snap","Turbo+1"],"picked":"SKIP","floor":38},{"not_picked":["Ball Lightning","Hologram+1","Stack+1"],"picked":"SKIP","floor":41},{"not_picked":["Beam Cell","Coolheaded+1","Sweeping Beam"],"picked":"SKIP","floor":45},{"not_picked":["Cold Snap+1","Stack+1","Rip and Tear+1"],"picked":"SKIP","floor":48}],"player_experience":1054337,"relics_obtained":[{"floor":6,"key":"Gambling Chip"},{"floor":9,"key":"Shuriken"},{"floor":11,"key":"Strawberry"},{"floor":13,"key":"Vajra"},{"floor":24,"key":"Letter Opener"},{"floor":26,"key":"Meat on the Bone"},{"floor":30,"key":"Matryoshka"},{"floor":31,"key":"Toxic Egg 2"},{"floor":41,"key":"Art of War"},{"floor":43,"key":"Gremlin Horn"},{"floor":43,"key":"Ancient Tea Set"},{"floor":44,"key":"Dead Branch"}],"event_choices":[{"damage_healed":0,"gold_gain":0,"player_choice":"Bought 3 Potions","damage_taken":0,"max_hp_gain":0,"max_hp_loss":0,"event_name":"The Woman in Blue","floor":3,"gold_loss":0},{"damage_healed":0,"gold_gain":180,"player_choice":"GOLD GOLD ","damage_taken":24,"max_hp_gain":0,"max_hp_loss":0,"event_name":"Knowing Skull","floor":20,"potions_obtained":[],"gold_loss":0,"cards_obtained":[]},{"damage_healed":0,"gold_gain":0,"player_choice":"Fight","damage_taken":0,"max_hp_gain":0,"max_hp_loss":0,"event_name":"MindBloom","floor":44,"gold_loss":0},{"damage_healed":0,"gold_gain":0,"player_choice":"Paid","damage_taken":0,"relics_obtained":["Red Mask"],"max_hp_gain":0,"max_hp_loss":0,"event_name":"Tomb of Lord Red Mask","floor":47,"gold_loss":315}],"is_beta":true,"boss_relics":[{"not_picked":["Runic Pyramid","Nuclear Battery"],"picked":"Sozu"},{"not_picked":["Orrery","Astrolabe"],"picked":"Velvet Choker"}],"items_purged_floors":[29,39],"is_endless":false,"potions_floor_spawned":[10,13,19,27,28,33,41,44,45],"ascension_level":1}