{"path_per_floor":["M","M","?","M","?","E","?","R","T","E","M","?","M","$","R","B",null,"M","?","M","?","M"],"character_chosen":"THE_SILENT","items_purchased":["Bottled Tornado"],"gold_per_floor":[111,129,129,148,248,279,279,279,279,312,325,325,336,9,9,105,105,70,70,84,84,98,98],"floor_reached":23,"campfire_rested":2,"playtime":1220,"current_hp_per_floor":[64,62,67,66,66,21,21,43,43,34,34,52,33,33,54,45,72,29,16,38,38,13,0],"items_purged":["Parasite"],"gold":98,"score":257,"play_id":"50ae7a7b-b763-4c80-953e-4e0a353b65f5","local_time":"20180330230908","is_prod":false,"is_daily":false,"is_ascension_mode":true,"campfire_upgraded":0,"timestamp":1522469348,"path_taken":["M","?","?","M","?","E","?","R","T","E","M","?","M","$","R","BOSS","M","?","M","?","?","E"],"build_version":"2018-03-29v2","purchased_purges":2,"victory":false,"master_deck":["Defend_G","Defend_G","Defend_G","Defend_G","Defend_G","Strike_G","Strike_G","Strike_G","Strike_G","Strike_G","Survivor","Neutralize","Wraith Form+1","Cloak And Dagger","Cloak And Dagger","Cloak And Dagger","Burst","Acrobatics","Cloak And Dagger","Accuracy","Tools of the Trade","Reflex+1","Caltrops+1","Deflect+1"],"max_hp_per_floor":[70,70,75,75,75,75,75,75,75,75,75,75,75,72,72,72,72,72,77,77,77,77,77],"relics":["Ring of the Snake","Happy Flower","Calipers","Ornamental Fan","Bottled Tornado","Lizard Tail"],"card_choices":[{"not_picked":["Backflip","PiercingWail"],"picked":"Cloak And Dagger","floor":1},{"not_picked":["Dagger Throw","Underhanded Strike"],"picked":"Cloak And Dagger","floor":2},{"not_picked":["PiercingWail","Dagger Spray"],"picked":"Cloak And Dagger","floor":4},{"not_picked":["Slice","Expertise"],"picked":"Burst","floor":6},{"not_picked":["Reflex","Endless Agony"],"picked":"Acrobatics","floor":10},{"not_picked":["Blade Dance","Dagger Spray"],"picked":"Cloak And Dagger","floor":11},{"not_picked":["Poisoned Stab","PiercingWail"],"picked":"Accuracy","floor":13},{"not_picked":["Doppelganger","Phantasmal Killer"],"picked":"Tools of the Trade","floor":16},{"not_picked":["Prepared","Quick Slash"],"picked":"Reflex","floor":18},{"not_picked":["Flying Knee","Dodge and Roll"],"picked":"Caltrops","floor":20},{"not_picked":["Dodge and Roll","Bane"],"picked":"Deflect","floor":22}],"player_experience":100936,"potions_floor_usage":[16,16,16,22],"damage_taken":[{"damage":6,"enemies":"Cultist","floor":1,"turns":4},{"damage":2,"enemies":"2 Louse","floor":2,"turns":3},{"damage":1,"enemies":"Jaw Worm","floor":4,"turns":4},{"damage":45,"enemies":"Lagavulin","floor":6,"turns":9},{"damage":9,"enemies":"3 Sentries","floor":10,"turns":6},{"damage":0,"enemies":"Looter","floor":11,"turns":4},{"damage":19,"enemies":"Large Slime","floor":13,"turns":6},{"damage":9,"enemies":"Slime Boss","floor":16,"turns":8},{"damage":43,"enemies":"2 Thieves","floor":18,"turns":5},{"damage":19,"enemies":"Spheric Guardian","floor":20,"turns":5},{"damage":40,"enemies":"3 Cultists","floor":22,"turns":6},{"damage":14,"enemies":"Book of Stabbing","floor":23,"turns":4}],"event_choices":[{"event_name":"Big Fish","player_choice":"Donut","floor":3,"damage_taken":0},{"event_name":"Golden Shrine","player_choice":"Pray","floor":5,"damage_taken":0},{"event_name":"Upgrade Shrine","player_choice":"Upgraded","floor":7,"damage_taken":0},{"event_name":"Mushrooms","player_choice":"Healed and dodged fight","floor":12,"damage_taken":0},{"event_name":"Forgotten Altar","player_choice":"Shed Blood","floor":19,"damage_taken":0},{"event_name":"Drug Dealer","player_choice":"Ignored","floor":21,"damage_taken":0}],"boss_relics":[{"not_picked":["Runic Pyramid","Orrery"],"picked":"Lizard Tail"}],"potions_floor_spawned":[4,10,13,20],"seed_played":"-8483853174583673048","killed_by":"Book of Stabbing","ascension_level":3,"is_trial":false}