{"path_per_floor":["M","?","?","M","?","R","M","M","T","E","$","M","M","E","R","B"],"character_chosen":"IRONCLAD","items_purchased":["Strange Spoon"],"gold_per_floor":[116,116,66,79,254,254,269,285,285,314,112,125,145,178,178,275,275],"floor_reached":17,"campfire_rested":1,"playtime":778,"current_hp_per_floor":[66,59,59,60,60,60,64,62,62,53,53,53,56,50,74,69,80],"items_purged":[],"gold":275,"score":175,"play_id":"8a0139bc-2da9-436c-a2b8-4e08623264ff","local_time":"20180407005556","is_prod":false,"is_daily":false,"is_ascension_mode":true,"campfire_upgraded":1,"timestamp":1523026556,"path_taken":["M","?","?","M","?","R","M","M","T","E","$","M","M","E","R","BOSS"],"build_version":"2018-04-05v2","purchased_purges":0,"victory":false,"master_deck":["Strike_R+1","Strike_R","Strike_R+1","Defend_R","Defend_R","Defend_R","Bash+1","Corruption","Shrug It Off","Headbutt","Doubt","Ghostly Armor","Infernal Blade","Armaments","Warcry","Warcry","Double Tap","Feed"],"max_hp_per_floor":[80,80,80,80,80,80,80,80,80,80,80,80,80,80,80,80,80],"relics":["Burning Blood","Dead Branch","Centennial Puzzle","Strange Spoon","Whetstone","Ectoplasm"],"card_choices":[{"not_picked":["Armaments","Cleave"],"picked":"Shrug It Off","floor":1.0},{"not_picked":["Anger","Infernal Blade"],"picked":"Headbutt","floor":4.0},{"not_picked":["Body Slam","Headbutt"],"picked":"Ghostly Armor","floor":7.0},{"not_picked":["True Grit","Sever Soul"],"picked":"Infernal Blade","floor":8.0},{"not_picked":["Battle Trance","Dark Embrace"],"picked":"Armaments","floor":10.0},{"not_picked":["Pommel Strike","Sword Boomerang"],"picked":"Warcry","floor":12},{"not_picked":["Twin Strike","Carnage"],"picked":"Warcry","floor":13},{"not_picked":["Clothesline","Havoc"],"picked":"Double Tap","floor":14},{"not_picked":["Reaper","Dark Embrace"],"picked":"Feed","floor":16}],"player_experience":270884,"potions_floor_usage":[16,16],"damage_taken":[{"damage":20.0,"enemies":"Jaw Worm","floor":1.0,"turns":4.0},{"damage":5.0,"enemies":"2 Louse","floor":4.0,"turns":4.0},{"damage":2.0,"enemies":"Small Slimes","floor":7.0,"turns":4.0},{"damage":8.0,"enemies":"2 Fungi Beasts","floor":8.0,"turns":4.0},{"damage":15.0,"enemies":"Gremlin Nob","floor":10.0,"turns":4.0},{"damage":6,"enemies":"3 Louse","floor":12,"turns":3},{"damage":3,"enemies":"Red Slaver","floor":13,"turns":2},{"damage":12,"enemies":"3 Sentries","floor":14,"turns":5},{"damage":20,"enemies":"Slime Boss","floor":16,"turns":9}],"event_choices":[{"event_name":"Golden Wing","player_choice":"Card Removal","floor":2.0,"damage_taken":0.0},{"event_name":"The Cleric","player_choice":"Card Removal","floor":3.0,"damage_taken":0.0},{"event_name":"Liars Game","player_choice":"agreed","floor":5.0,"damage_taken":0.0}],"boss_relics":[{"not_picked":["Runic Dome","Tiny House"],"picked":"Ectoplasm"}],"potions_floor_spawned":[12,13],"seed_played":"-1739892582333228490","ascension_level":1,"is_trial":false}