{"path_per_floor":["M","?","M","?","M","E","M","E","T","$","M","E","M","M","R","B",null,"M","?","M"],"character_chosen":"IRONCLAD","items_purchased":["War Paint"],"gold_per_floor":[111,186,204,204,217,242,259,291,291,70,87,118,137,156,156,255,255,265,265,285],"floor_reached":21,"campfire_rested":1,"playtime":2052,"current_hp_per_floor":[80,69,72,69,70,35,35,11,11,11,16,22,30,22,46,18,80,60,60,39],"items_purged":["Defend_R"],"gold":285,"score":203,"play_id":"ad4a8e41-e2fe-4bca-b2aa-076a2830ccb6","is_prod":false,"is_daily":false,"is_ascension_mode":false,"campfire_upgraded":0,"path_taken":["M","?","M","?","M","E","M","E","T","?","?","E","M","M","R","BOSS","M","?","M","M"],"build_version":"2018-02-22-PROD2","purchased_purges":1,"victory":false,"master_deck":["Strike_R","Strike_R","Strike_R","Strike_R","Strike_R","Defend_R","Defend_R","Defend_R+1","Bash","Evolve","Armaments+1","Dropkick","Perfected Strike","Power Through","Bloodletting","Burning Pact","Blood for Blood","Wild Strike","Demon Form","Pommel Strike","Intimidate"],"max_hp_per_floor":[80,80,80,80,80,80,80,80,80,80,80,80,80,80,80,80,80,80,80,80],"relics":["Burning Blood","Dodecahedron","Dream Catcher","Orichalcum","Magic Flower","War Paint","Matryoshka","Black Star"],"card_choices":[{"not_picked":["Rampage","Intimidate"],"picked":"Evolve"},{"not_picked":["Iron Wave","Feel No Pain"],"picked":"Armaments"},{"not_picked":["Flex","Sword Boomerang"],"picked":"Dropkick"},{"not_picked":["Fiend Fire","Body Slam"],"picked":"Perfected Strike"},{"not_picked":["Corruption","Sword Boomerang"],"picked":"Power Through"},{"not_picked":["Anger","Reckless Charge"],"picked":"Bloodletting"},{"not_picked":["Headbutt","Combust"],"picked":"Burning Pact"},{"not_picked":["Perfected Strike","Cleave"],"picked":"Blood for Blood"},{"not_picked":["Sword Boomerang","Perfected Strike"],"picked":"Wild Strike"},{"not_picked":["Dark Embrace","Offering"],"picked":"Demon Form"},{"not_picked":["Shrug It Off","Rage"],"picked":"Pommel Strike"},{"not_picked":["Combust","Headbutt"],"picked":"Intimidate"}],"player_experience":25375,"potions_floor_usage":[6,6,8,16,16,16],"damage_taken":[{"damage":6,"enemies":"Small Slimes","floor":1,"turns":4},{"damage":3,"enemies":"Jaw Worm","floor":3,"turns":4},{"damage":5,"enemies":"Cultist","floor":5,"turns":4},{"damage":41,"enemies":"3 Sentries","floor":6,"turns":13},{"damage":6,"enemies":"2 Fungi Beasts","floor":7,"turns":4},{"damage":30,"enemies":"Lagavulin","floor":8,"turns":9},{"damage":4,"enemies":"Blue Slaver","floor":11,"turns":3},{"damage":3,"enemies":"Gremlin Nob","floor":12,"turns":4},{"damage":1,"enemies":"Exordium Thugs","floor":13,"turns":3},{"damage":17,"enemies":"Exordium Wildlife","floor":14,"turns":5},{"damage":37,"enemies":"Slime Boss","floor":16,"turns":9},{"damage":29,"enemies":"2 Thieves","floor":18,"turns":4},{"damage":30,"enemies":"Shell Parasite","floor":20,"turns":7},{"damage":52,"enemies":"3 Cultists","floor":21,"turns":5}],"event_choices":[{"event_name":"World of Goop","player_choice":"Gather Gold","floor":2,"damage_taken":0},{"event_name":"Scrap Ooze","player_choice":"success","floor":4,"damage_taken":3},{"event_name":"Vampires","player_choice":"Ignored","floor":19,"damage_taken":0}],"boss_relics":[{"not_picked":["Calling Bell","Philosopher\u0027s Stone"],"picked":"Black Star"}],"potions_floor_spawned":[1,3,5,7,11,14],"seed_played":"-6700399881852811462","killed_by":"3 Cultists","ascension_level":0,"is_trial":false}