{"path_per_floor":["M","?","$","M","?","R","M","M","T","T","R","E","$","M","R","B",null,"M","M"],"character_chosen":"IRONCLAD","items_purchased":["Shuriken","Cleave","Rupture","Shrug It Off"],"gold_per_floor":[364,539,177,193,193,193,203,223,248,248,248,279,88,102,102,207,207,227,238,238],"floor_reached":20,"campfire_rested":0,"playtime":2629,"item_purchase_floors":[],"current_hp_per_floor":[77,77,77,71,55,55,61,56,56,56,56,27,27,29,29,10,63,54,24,0],"items_purged":["Doubt","Normality"],"gold":238,"score":270,"play_id":"c7b0e8ec-ba58-43e1-87bd-bec3723023ef","local_time":"20180622083640","is_prod":false,"is_daily":false,"chose_seed":false,"is_ascension_mode":true,"campfire_upgraded":3,"win_rate":0,"timestamp":1529681800,"campfire_choices":[{"data":"Sword Boomerang","floor":6.0,"key":"SMITH"},{"data":"Limit Break","floor":11.0,"key":"SMITH"},{"data":"Rupture","floor":15.0,"key":"SMITH"}],"path_taken":["M","?","$","M","?","R","M","M","T","?","R","E","$","M","R","BOSS","M","M","M"],"build_version":"2018-06-21","seed_source_timestamp":0,"purchased_purges":2,"circlet_count":0,"victory":false,"master_deck":["Strike_R","Strike_R","Strike_R","Strike_R","Strike_R","Defend_R","Defend_R","Defend_R","Defend_R+1","Bash","AscendersBane","Clothesline+1","Cleave","Sword Boomerang+1","Feel No Pain","Limit Break+1","Brutality","Rupture+1","Shrug It Off","Anger","Double Tap","Warcry+1","Burning Pact"],"max_hp_per_floor":[80,80,80,80,80,80,80,80,80,80,80,80,80,80,80,80,80,80,80,80],"special_seed":0,"relics":["Burning Blood","Shuriken","Orichalcum","Ice Cream","Anchor","Mark of Pain"],"card_choices":[{"not_picked":["Flex","Wild Strike"],"picked":"Clothesline","floor":1.0},{"not_picked":["Feel No Pain","Cleave"],"picked":"Sword Boomerang","floor":4.0},{"not_picked":["Dropkick","Wild Strike"],"picked":"Feel No Pain","floor":7.0},{"not_picked":["Cleave","Headbutt"],"picked":"Limit Break","floor":8.0},{"not_picked":["Sever Soul","Dual Wield"],"picked":"Brutality","floor":12.0},{"not_picked":["Perfected Strike","Battle Trance"],"picked":"Anger","floor":14.0},{"not_picked":["Brutality","Impervious"],"picked":"Double Tap","floor":16},{"not_picked":["Searing Blow","Pommel Strike"],"picked":"Warcry+1","floor":18},{"not_picked":["Cleave+1","Twin Strike"],"picked":"Burning Pact","floor":19}],"player_experience":913578,"potions_floor_usage":[16,16],"damage_taken":[{"damage":1.0,"enemies":"Cultist","floor":1.0,"turns":4.0},{"damage":12.0,"enemies":"Small Slimes","floor":4.0,"turns":3.0},{"damage":0.0,"enemies":"2 Louse","floor":7.0,"turns":2.0},{"damage":11.0,"enemies":"Red Slaver","floor":8.0,"turns":3.0},{"damage":35.0,"enemies":"Lagavulin","floor":12.0,"turns":6.0},{"damage":4.0,"enemies":"Blue Slaver","floor":14.0,"turns":5.0},{"damage":25,"enemies":"Slime Boss","floor":16,"turns":9},{"damage":15,"enemies":"Chosen","floor":18,"turns":4},{"damage":36,"enemies":"2 Thieves","floor":19,"turns":5},{"damage":28,"enemies":"Snake Plant","floor":20,"turns":4}],"relics_obtained":[{"floor":9.0,"key":"Orichalcum"},{"floor":10.0,"key":"Ice Cream"},{"floor":12.0,"key":"Anchor"}],"event_choices":[{"event_name":"Liars Game","player_choice":"agreed","floor":2.0,"damage_taken":0.0},{"event_name":"Shining Light","player_choice":"Entered Light","floor":5.0,"damage_taken":0.0}],"boss_relics":[{"not_picked":["Black Star","Pandora\u0027s Box"],"picked":"Mark of Pain"}],"items_purged_floors":[],"is_endless":false,"potions_floor_spawned":[4,8,12,16],"seed_played":"-6652005948873105287","killed_by":"Snake Plant","ascension_level":11,"potions_obtained":[{"floor":4.0,"key":"Explosive Potion"},{"floor":8.0,"key":"Dexterity Potion"},{"floor":16,"key":"FearPotion"}],"is_trial":false}