{"gold_per_floor":[118,40,115,115,131,131,96,96,96,96,108,108,125,50,50,148,148,159,159,159,172,82,82,101,101,101,101],"floor_reached":27,"playtime":919,"items_purged":["Defend_G"],"score":239,"play_id":"8a0f84c7-a30e-4ad1-b63b-b00bf0f9abf3","local_time":"20190131221445","is_ascension_mode":true,"campfire_choices":[{"data":"Sucker Punch","floor":6,"key":"SMITH"},{"data":"Well Laid Plans","floor":8,"key":"SMITH"},{"data":"Survivor","floor":10,"key":"SMITH"},{"data":"All Out Attack","floor":12,"key":"SMITH"},{"data":"PiercingWail","floor":15,"key":"SMITH"},{"floor":23,"key":"REST"},{"floor":25,"key":"REST"}],"neow_cost":"NONE","seed_source_timestamp":7518387963867,"circlet_count":0,"master_deck":["Defend_G","Defend_G","Defend_G","Defend_G","Strike_G+1","Strike_G","Strike_G","Strike_G","Survivor+1","Neutralize+1","Well Laid Plans+1","PiercingWail+1","Sucker Punch+1","All Out Attack+1","Backstab","Envenom","Caltrops","Necronomicurse","Riddle With Holes","Deadly Poison"],"relics":["Ring of the Snake","Bag of Marbles","White Beast Statue","Necronomicon","Toxic Egg 2"],"potions_floor_usage":[16,16,27,27],"damage_taken":[{"damage":0,"enemies":"Jaw Worm","floor":1,"turns":5},{"damage":0,"enemies":"Small Slimes","floor":5,"turns":3},{"damage":1,"enemies":"2 Louse","floor":11,"turns":3},{"damage":4,"enemies":"Blue Slaver","floor":13,"turns":4},{"damage":12,"enemies":"The Guardian","floor":16,"turns":14},{"damage":22,"enemies":"2 Thieves","floor":18,"turns":3},{"damage":14,"enemies":"Chosen","floor":21,"turns":4},{"damage":15,"enemies":"Snake Plant","floor":24,"turns":5},{"damage":53,"enemies":"Slavers","floor":27,"turns":4}],"seed_played":"1901271882569258489","potions_obtained":[{"floor":11,"key":"Energy Potion"},{"floor":13,"key":"Dexterity Potion"},{"floor":18,"key":"FearPotion"},{"floor":21,"key":"Explosive Potion"},{"floor":24,"key":"FairyPotion"}],"is_trial":false,"path_per_floor":["M","$","?","?","M","R","?","R","T","R","M","R","M","$","R","B",null,"M","?","?","M","?","R","M","R","T","E"],"character_chosen":"THE_SILENT","items_purchased":["PiercingWail","Sucker Punch"],"campfire_rested":2,"item_purchase_floors":[2,2],"current_hp_per_floor":[70,70,59,41,41,41,58,58,58,58,57,57,53,53,53,41,70,48,32,32,18,18,39,24,45,45,0],"gold":101,"neow_bonus":"UPGRADE_CARD","is_prod":false,"is_daily":false,"chose_seed":false,"campfire_upgraded":5,"win_rate":0,"timestamp":1548969285,"path_taken":["M","$","?","?","M","R","?","R","T","R","M","R","?","?","R","BOSS","M","?","?","M","?","R","M","R","T","E"],"build_version":"2019-01-23","purchased_purges":1,"victory":false,"max_hp_per_floor":[70,70,70,70,70,70,70,70,70,70,70,70,70,70,70,70,70,70,70,70,70,70,70,70,70,70,70],"card_choices":[{"not_picked":["Sucker Punch","Flying Knee"],"picked":"Well Laid Plans","floor":1},{"not_picked":["Predator","Expertise","Deflect"],"picked":"SKIP","floor":5},{"not_picked":["Bane","PiercingWail"],"picked":"All Out Attack","floor":11},{"not_picked":["Sucker Punch","Slice"],"picked":"Backstab","floor":13},{"not_picked":["Burst","Night Terror"],"picked":"Envenom","floor":16},{"not_picked":["Sucker Punch","Dagger Throw+1"],"picked":"Caltrops","floor":18},{"not_picked":["Outmaneuver","Blade Dance"],"picked":"Riddle With Holes","floor":21},{"not_picked":["Outmaneuver","Catalyst"],"picked":"Deadly Poison","floor":24}],"player_experience":229434,"relics_obtained":[{"floor":19,"key":"Necronomicon"},{"floor":26,"key":"Toxic Egg 2"}],"event_choices":[{"damage_healed":0,"gold_gain":75,"player_choice":"Gather Gold","damage_taken":11,"max_hp_gain":0,"max_hp_loss":0,"event_name":"World of Goop","floor":3,"gold_loss":0},{"damage_healed":0,"gold_gain":0,"player_choice":"Success","damage_taken":18,"relics_obtained":["Bag of Marbles"],"max_hp_gain":0,"max_hp_loss":0,"event_name":"Scrap Ooze","floor":4,"gold_loss":0},{"damage_healed":17,"gold_gain":0,"player_choice":"Healed","damage_taken":0,"max_hp_gain":0,"max_hp_loss":0,"event_name":"The Cleric","floor":7,"gold_loss":35},{"damage_healed":0,"gold_gain":0,"player_choice":"Obtained Book","damage_taken":16,"max_hp_gain":0,"max_hp_loss":0,"event_name":"Cursed Tome","floor":19,"gold_loss":0},{"damage_healed":0,"gold_gain":0,"player_choice":"Ignored","damage_taken":0,"max_hp_gain":0,"max_hp_loss":0,"event_name":"Vampires","floor":20,"gold_loss":0},{"cards_removed":["Strike_G"],"damage_healed":0,"gold_gain":0,"player_choice":"Upgrade and Remove","damage_taken":0,"max_hp_gain":0,"max_hp_loss":0,"event_name":"Designer","floor":22,"gold_loss":90,"cards_upgraded":["Strike_G"]}],"is_beta":true,"boss_relics":[{"not_picked":["Black Star","Coffee Dripper"],"picked":"White Beast Statue"}],"items_purged_floors":[14],"is_endless":false,"potions_floor_spawned":[11,13,18,21,24],"killed_by":"Slavers","ascension_level":4}