{"gold_per_floor":[114,124,124,199,199,234,250,250,250,262,292,307,307,342,342,342],"floor_reached":16,"playtime":1035,"items_purged":[],"score":145,"play_id":"0a9a955d-2e01-4652-bd2e-36f0a3857361","local_time":"20181124115921","is_ascension_mode":false,"campfire_choices":[{"data":"Endless Agony","floor":8,"key":"SMITH"},{"floor":13,"key":"REST"},{"floor":15,"key":"REST"}],"neow_cost":"NONE","seed_source_timestamp":13381713500540,"circlet_count":0,"master_deck":["Defend_G","Defend_G","Defend_G","Defend_G","Defend_G","Strike_G","Strike_G","Strike_G","Strike_G","Strike_G","Survivor","Neutralize","Crippling Poison+1","Endless Agony+1","Deflect","Dash","Quick Slash","Slice","Quick Slash","PiercingWail"],"relics":["Ring of the Snake","NeowsBlessing","NlothsMask","Matryoshka","Mercury Hourglass","Tingsha","Mango"],"potions_floor_usage":[],"damage_taken":[{"damage":0,"enemies":"Jaw Worm","floor":1,"turns":1},{"damage":0,"enemies":"Small Slimes","floor":2,"turns":1},{"damage":0,"enemies":"Gremlin Nob","floor":6,"turns":1},{"damage":0,"enemies":"Cultist","floor":7,"turns":3},{"damage":5,"enemies":"Large Slime","floor":10,"turns":5},{"damage":13,"enemies":"Lagavulin","floor":11,"turns":5},{"damage":9,"enemies":"Blue Slaver","floor":12,"turns":2},{"damage":5,"enemies":"3 Sentries","floor":14,"turns":5},{"damage":92,"enemies":"Hexaghost","floor":16,"turns":14}],"seed_played":"6052203570692796637","potions_obtained":[{"floor":1,"key":"Regen Potion"},{"floor":14,"key":"EntropicBrew"}],"is_trial":false,"path_per_floor":["M","M","?","?","?","E","M","R","T","M","E","M","R","E","R","B"],"character_chosen":"THE_SILENT","items_purchased":[],"campfire_rested":2,"item_purchase_floors":[],"current_hp_per_floor":[70,70,70,59,59,59,59,59,59,54,41,32,53,62,84,0],"gold":342,"neow_bonus":"THREE_ENEMY_KILL","is_prod":false,"is_daily":false,"chose_seed":false,"campfire_upgraded":1,"win_rate":0.0,"timestamp":1543078761,"path_taken":["M","M","?","?","?","E","M","R","T","?","E","M","R","E","R","BOSS"],"build_version":"2018-11-15","purchased_purges":0,"victory":false,"max_hp_per_floor":[70,70,70,70,70,70,70,70,70,70,70,70,70,84,84,84],"card_choices":[{"not_picked":["Accuracy","Quick Slash"],"picked":"Crippling Poison","floor":1},{"not_picked":["Choke","Bane"],"picked":"Endless Agony","floor":2},{"not_picked":["Expertise","Bane"],"picked":"Deflect","floor":6},{"not_picked":["Outmaneuver","Dagger Throw"],"picked":"Dash","floor":7},{"not_picked":["Storm of Steel","Blade Dance"],"picked":"Quick Slash","floor":10},{"not_picked":["Accuracy","Calculated Gamble"],"picked":"Slice","floor":11},{"not_picked":["Tactician","Terror"],"picked":"Quick Slash","floor":12},{"not_picked":["Footwork","Eviscerate"],"picked":"PiercingWail","floor":14}],"player_experience":89605,"relics_obtained":[{"floor":6,"key":"Matryoshka"},{"floor":9,"key":"Mercury Hourglass"},{"floor":11,"key":"Tingsha"},{"floor":14,"key":"Mango"}],"event_choices":[{"damage_healed":0,"gold_gain":0,"player_choice":"Grow","damage_taken":0,"max_hp_gain":0,"max_hp_loss":0,"event_name":"Living Wall","floor":3,"gold_loss":0,"cards_upgraded":["Crippling Poison"]},{"damage_healed":0,"gold_gain":75,"player_choice":"Gather Gold","damage_taken":11,"max_hp_gain":0,"max_hp_loss":0,"event_name":"World of Goop","floor":4,"gold_loss":0},{"damage_healed":0,"gold_gain":0,"player_choice":"Trade","damage_taken":0,"relics_obtained":["NlothsMask"],"max_hp_gain":0,"max_hp_loss":0,"event_name":"FaceTrader","floor":5,"gold_loss":0}],"is_beta":false,"boss_relics":[],"items_purged_floors":[],"is_endless":false,"potions_floor_spawned":[1,14],"killed_by":"Hexaghost","ascension_level":0}