{"gold_per_floor":[117,87,87,87,87,87,12,43,43,43,43,43,43,8,8,112,112,96,43,43,43,43,43,76,76,99,116,116,136,149,167,167,266,266,278,278,210,210,226,254,254,254,254,154,154,35,35,49,49,49],"floor_reached":51,"playtime":3788,"items_purged":["Strike_B","Writhe"],"score":632,"play_id":"7e83cfed-eb88-4e79-86ef-a28451f27ad2","local_time":"20180813140946","is_ascension_mode":false,"campfire_choices":[{"data":"Zap","floor":6,"key":"SMITH"},{"data":"Dualcast","floor":10,"key":"SMITH"},{"data":"Strike_B","floor":13,"key":"SMITH"},{"floor":15,"key":"REST"},{"data":"Creative AI","floor":23,"key":"SMITH"},{"data":"Coolheaded","floor":25,"key":"SMITH"},{"data":"Defragment","floor":28,"key":"SMITH"},{"floor":32,"key":"REST"},{"data":"Zap","floor":41,"key":"SMITH"},{"floor":49,"key":"REST"}],"neow_cost":"NONE","seed_source_timestamp":72348586882039,"circlet_count":0,"master_deck":["Strike_B+1","Defend_B+1","Defend_B","Defend_B+1","Defend_B+1","Zap+1","Dualcast+1","Coolheaded+1","Creative AI+1","Hologram","Conserve Battery","Coolheaded+1","Defragment+1","Cold Snap+1","Force Field+1","Electrodynamics","FTL+1","Zap+1","Storm","Undo","Go for the Eyes+1","Loop","Skim","White Noise"],"relics":["FrozenCore","Strawberry","War Paint","Spirit Poop","Juzu Bracelet","Letter Opener","Boot","DataDisk","Sozu","Emotion Chip","Mercury Hourglass","Kunai"],"potions_floor_usage":[16,18,24,24,31,33],"damage_taken":[{"damage":4,"enemies":"2 Louse","floor":1,"turns":3},{"damage":31,"enemies":"Gremlin Nob","floor":8,"turns":4},{"damage":15,"enemies":"Slime Boss","floor":16,"turns":11},{"damage":16,"enemies":"2 Thieves","floor":18,"turns":4},{"damage":29,"enemies":"Slavers","floor":24,"turns":4},{"damage":2,"enemies":"Spheric Guardian","floor":27,"turns":6},{"damage":5,"enemies":"Centurion and Healer","floor":29,"turns":7},{"damage":0,"enemies":"Snake Plant","floor":30,"turns":6},{"damage":12,"enemies":"Cultist and Chosen","floor":31,"turns":6},{"damage":1,"enemies":"Champ","floor":33,"turns":13},{"damage":8,"enemies":"3 Darklings","floor":35,"turns":3},{"damage":11,"floor":38,"turns":6},{"damage":2,"enemies":"Orb Walker","floor":39,"turns":4},{"damage":23,"enemies":"Nemesis","floor":40,"turns":7},{"damage":0,"enemies":"Sphere and 2 Shapes","floor":48,"turns":4},{"damage":13,"enemies":"Awakened One","floor":50,"turns":12}],"seed_played":"-1026107774139876580","potions_obtained":[{"floor":2,"key":"Dexterity Potion"},{"floor":2,"key":"Ancient Potion"},{"floor":8,"key":"Fire Potion"},{"floor":16,"key":"SkillPotion"},{"floor":20,"key":"AttackPotion"},{"floor":20,"key":"Fire Potion"},{"floor":29,"key":"LiquidBronze"},{"floor":30,"key":"Swift Potion"}],"is_trial":false,"path_per_floor":["M","?","?","?","$","R","$","E","T","R","?","?","R","?","R","B",null,"M","$","?","?","?","R","E","R","T","M","R","M","M","M","R","B",null,"M","?","$","?","M","E","R","?","T","$","?","$","?","M","R","B"],"character_chosen":"DEFECT","items_purchased":["Conserve Battery","Storm","Loop","Skim"],"campfire_rested":3,"item_purchase_floors":[19,37,46,46],"current_hp_per_floor":[78,78,78,78,78,78,78,47,47,47,40,24,24,44,68,53,82,66,66,66,66,66,66,37,37,37,35,35,30,30,18,42,41,82,74,74,74,63,61,38,38,59,59,59,59,59,59,59,82,69],"gold":49,"neow_bonus":"RANDOM_COMMON_RELIC","is_prod":false,"is_daily":false,"chose_seed":false,"campfire_upgraded":7,"win_rate":0,"timestamp":1534133386,"path_taken":["M","?","?","?","$","R","$","E","T","R","?","?","R","?","R","BOSS","M","$","?","?","?","R","E","R","T","M","R","M","M","M","R","BOSS","M","?","$","?","M","E","R","?","T","$","?","$","?","M","R","BOSS"],"build_version":"2018-08-09","purchased_purges":2,"victory":true,"max_hp_per_floor":[82,82,82,82,82,82,82,82,82,82,82,82,82,82,82,82,82,82,82,82,82,82,82,82,82,82,82,82,82,82,82,82,82,82,82,82,82,82,82,82,82,82,82,82,82,82,82,82,82,82],"card_choices":[{"not_picked":["Compile Driver","Barrage"],"picked":"Coolheaded","floor":1},{"not_picked":["Hello World","Barrage","Multi-Cast"],"picked":"SKIP","floor":8},{"not_picked":["Thunder Strike","Multi-Cast"],"picked":"Creative AI","floor":16},{"not_picked":["Doom and Gloom","Beam Cell"],"picked":"Hologram","floor":18},{"not_picked":["Reprogram","Reinforced Body"],"picked":"Coolheaded","floor":24},{"not_picked":["Rebound","Hologram"],"picked":"Defragment","floor":27},{"not_picked":["Ball Lightning","Double Energy"],"picked":"Cold Snap+1","floor":29},{"not_picked":["Melter","Redo","Fusion+1"],"picked":"SKIP","floor":30},{"not_picked":["Cold Snap+1","Genetic Algorithm+1"],"picked":"Force Field+1","floor":31},{"not_picked":["Seek","Thunder Strike"],"picked":"Electrodynamics","floor":33},{"not_picked":["Barrage+1","Leap"],"picked":"FTL+1","floor":35},{"not_picked":["Steam","Cold Snap+1"],"picked":"Undo","floor":38},{"not_picked":["Compile Driver+1","Go for the Eyes","Darkness"],"picked":"SKIP","floor":39},{"not_picked":["Meteor Strike","Steam+1"],"picked":"Go for the Eyes+1","floor":40},{"not_picked":["Gash+1","Beam Cell+1"],"picked":"White Noise","floor":48}],"player_experience":655685,"relics_obtained":[{"floor":8,"key":"Juzu Bracelet"},{"floor":9,"key":"Letter Opener"},{"floor":24,"key":"Boot"},{"floor":26,"key":"DataDisk"},{"floor":38,"key":"Emotion Chip"},{"floor":40,"key":"Mercury Hourglass"},{"floor":43,"key":"Kunai"}],"event_choices":[{"event_name":"The Woman in Blue","player_choice":"Bought 2 Potions","floor":2,"damage_taken":0},{"event_name":"Big Fish","player_choice":"Box","floor":3,"damage_taken":0},{"event_name":"Bonfire Elementals","player_choice":"CURSE","floor":4,"damage_taken":0},{"event_name":"Golden Wing","player_choice":"Card Removal","floor":11,"damage_taken":0},{"event_name":"Shining Light","player_choice":"Entered Light","floor":12,"damage_taken":0},{"event_name":"The Cleric","player_choice":"Healed","floor":14,"damage_taken":0},{"event_name":"The Lab","player_choice":"Got Potions","floor":20,"damage_taken":0},{"event_name":"Addict","player_choice":"Ignored","floor":21,"damage_taken":0},{"event_name":"Vampires","player_choice":"Ignored","floor":22,"damage_taken":0},{"event_name":"Match and Keep!","player_choice":"1 cards matched","floor":36,"damage_taken":0},{"event_name":"MindBloom","player_choice":"Fight","floor":38,"damage_taken":0},{"event_name":"Winding Halls","player_choice":"Writhe","floor":42,"damage_taken":0},{"event_name":"Tomb of Lord Red Mask","player_choice":"Ignored","floor":45,"damage_taken":0},{"event_name":"Purifier","player_choice":"One Purge","floor":47,"damage_taken":0}],"is_beta":false,"boss_relics":[{"not_picked":["Inserter","Cursed Key"],"picked":"FrozenCore"},{"not_picked":["Coffee Dripper","Runic Dome"],"picked":"Sozu"}],"items_purged_floors":[7,44],"is_endless":false,"potions_floor_spawned":[8,16,29,30,39,48],"ascension_level":0}