{"gold_per_floor":[114,114,114,125,140,168,168,182,182,213,231,231,331,360,360,360],"floor_reached":16,"playtime":606,"items_purged":[],"score":192,"play_id":"38b98fe2-98a7-454b-a42b-41cd02420760","local_time":"20190127230208","is_ascension_mode":true,"campfire_choices":[{"floor":7,"key":"REST"},{"floor":12,"key":"REST"},{"floor":15,"key":"REST"}],"neow_cost":"NONE","seed_source_timestamp":1227885108986489,"circlet_count":0,"master_deck":["AscendersBane","Strike_R","Strike_R+1","Strike_R","Strike_R","Strike_R+1","Defend_R","Defend_R","Defend_R","Defend_R","Bash","Sword Boomerang","Armaments","Flame Barrier","Pommel Strike","Pummel","Sword Boomerang+1","Rage+1","Dropkick+1"],"relics":["Burning Blood","Vajra","Toxic Egg 2","Darkstone Periapt","Molten Egg 2","Calipers"],"potions_floor_usage":[10],"damage_taken":[{"damage":9,"enemies":"Jaw Worm","floor":1,"turns":3},{"damage":2,"enemies":"2 Louse","floor":4,"turns":2},{"damage":6,"enemies":"Cultist","floor":5,"turns":3},{"damage":55,"enemies":"Lagavulin","floor":6,"turns":7},{"damage":9,"enemies":"Blue Slaver","floor":8,"turns":3},{"damage":15,"enemies":"3 Sentries","floor":10,"turns":8},{"damage":14,"enemies":"Exordium Wildlife","floor":11,"turns":3},{"damage":32,"enemies":"Gremlin Nob","floor":14,"turns":4},{"damage":46,"enemies":"Slime Boss","floor":16,"turns":7}],"seed_played":"-8515868959356611203","potions_obtained":[{"floor":1,"key":"LiquidBronze"},{"floor":6,"key":"SkillPotion"}],"is_trial":false,"path_per_floor":["M","?","?","M","M","E","R","M","T","E","M","R","?","E","R","B"],"character_chosen":"IRONCLAD","items_purchased":[],"campfire_rested":3,"item_purchase_floors":[],"current_hp_per_floor":[69,74,57,61,61,12,37,34,34,25,17,42,42,16,41,0],"gold":360,"neow_bonus":"RANDOM_COMMON_RELIC","is_prod":false,"is_daily":false,"chose_seed":false,"campfire_upgraded":0,"win_rate":0,"timestamp":1548651728,"path_taken":["M","?","?","M","M","E","R","M","T","E","M","R","?","E","R","BOSS"],"build_version":"2019-01-23","purchased_purges":0,"victory":false,"max_hp_per_floor":[80,85,85,85,85,85,85,85,85,85,85,85,85,85,85,85],"card_choices":[{"not_picked":["Pummel","Cleave"],"picked":"Sword Boomerang","floor":1},{"not_picked":["Rupture","Dual Wield"],"picked":"Armaments","floor":4},{"not_picked":["Pommel Strike","Perfected Strike"],"picked":"Flame Barrier","floor":5},{"not_picked":["Wild Strike","Havoc"],"picked":"Pommel Strike","floor":6},{"not_picked":["Anger","Clash"],"picked":"Pummel","floor":8},{"not_picked":["Pommel Strike","Reckless Charge"],"picked":"Sword Boomerang","floor":10},{"not_picked":["Juggernaut","Clash+1"],"picked":"Rage+1","floor":11},{"not_picked":["Evolve","Havoc+1"],"picked":"Dropkick+1","floor":14}],"player_experience":492153,"relics_obtained":[{"floor":6,"key":"Toxic Egg 2"},{"floor":9,"key":"Darkstone Periapt"},{"floor":10,"key":"Molten Egg 2"},{"floor":14,"key":"Calipers"}],"event_choices":[{"damage_healed":0,"gold_gain":0,"player_choice":"Donut","damage_taken":0,"max_hp_gain":5,"max_hp_loss":0,"event_name":"Big Fish","floor":2,"gold_loss":0},{"damage_healed":0,"gold_gain":0,"player_choice":"Entered Light","damage_taken":17,"max_hp_gain":0,"max_hp_loss":0,"event_name":"Shining Light","floor":3,"gold_loss":0,"cards_upgraded":["Strike_R","Strike_R"]},{"damage_healed":0,"gold_gain":100,"player_choice":"Gold","damage_taken":0,"max_hp_gain":0,"max_hp_loss":0,"event_name":"Wheel of Change","floor":13,"gold_loss":0}],"is_beta":false,"boss_relics":[],"items_purged_floors":[],"is_endless":false,"potions_floor_spawned":[1,6,8],"killed_by":"Slime Boss","ascension_level":12}