{"gold_per_floor":[112,71,71,90,15,15,27,54,126,146,146,61,61,89,89,89],"floor_reached":16,"playtime":449,"items_purged":[],"score":315,"play_id":"e6b3b2b8-e0c8-4936-9434-2788540f4032","local_time":"20181209220636","is_ascension_mode":true,"campfire_choices":[{"data":"True Grit","floor":6,"key":"SMITH"},{"floor":11,"key":"REST"},{"floor":15,"key":"REST"}],"neow_cost":"CURSE","seed_source_timestamp":0,"circlet_count":0,"master_deck":["AscendersBane","Strike_R","Strike_R","Strike_R","Defend_R","Defend_R","Bash","True Grit+1","Sentinel","Hemokinesis","Pommel Strike","Uppercut","Carnage","Feel No Pain","Exhume"],"special_seed":0,"relics":["Burning Blood","Spirit Poop","Art of War","Gremlin Horn","Bottled Tornado"],"potions_floor_usage":[4,8,16],"damage_taken":[{"damage":1,"enemies":"Cultist","floor":1,"turns":3},{"damage":0,"enemies":"Small Slimes","floor":4,"turns":2},{"damage":11,"enemies":"2 Louse","floor":7,"turns":2},{"damage":49,"enemies":"3 Sentries","floor":8,"turns":11},{"damage":4,"enemies":"Lots of Slimes","floor":10,"turns":3},{"damage":34,"enemies":"Gremlin Nob","floor":14,"turns":4},{"damage":48,"enemies":"Slime Boss","floor":16,"turns":9}],"seed_played":"4415492330019023552","potions_obtained":[{"floor":1,"key":"Explosive Potion"},{"floor":7,"key":"Energy Potion"},{"floor":14,"key":"SteroidPotion"}],"is_trial":false,"path_per_floor":["M","$","?","M","?","R","M","E","T","M","R","$","?","E","R","B"],"character_chosen":"IRONCLAD","items_purchased":["Sentinel","Feel No Pain"],"campfire_rested":2,"item_purchase_floors":[2,12],"current_hp_per_floor":[73,73,73,75,75,75,70,27,27,29,51,51,51,23,45,0],"gold":89,"neow_bonus":"TRANSFORM_TWO_CARDS","is_prod":false,"is_daily":false,"chose_seed":false,"campfire_upgraded":1,"win_rate":0,"timestamp":1544418396,"path_taken":["M","$","?","?","?","R","M","E","T","M","R","$","?","E","R","BOSS"],"build_version":"2018-12-06","purchased_purges":0,"victory":false,"max_hp_per_floor":[75,75,75,75,75,75,75,75,75,75,75,75,75,75,75,75],"card_choices":[{"not_picked":["Anger","Flex"],"picked":"True Grit","floor":1},{"not_picked":["Thunderclap","Twin Strike"],"picked":"Hemokinesis","floor":4},{"not_picked":["Body Slam","Thunderclap"],"picked":"Pommel Strike","floor":7},{"not_picked":["Cleave","Seeing Red"],"picked":"Uppercut","floor":8},{"not_picked":["Sword Boomerang","Heavy Blade"],"picked":"Carnage","floor":10},{"not_picked":["Burning Pact","Warcry"],"picked":"Exhume","floor":14}],"player_experience":569050,"relics_obtained":[{"floor":8,"key":"Art of War"},{"floor":9,"key":"Gremlin Horn"},{"floor":14,"key":"Bottled Tornado"}],"event_choices":[{"cards_removed":["Clumsy"],"damage_healed":0,"gold_gain":0,"player_choice":"Offered Curse","damage_taken":0,"relics_obtained":["Spirit Poop"],"max_hp_gain":0,"max_hp_loss":0,"event_name":"Bonfire Elementals","floor":3,"gold_loss":0},{"cards_removed":["Strike_R"],"damage_healed":0,"gold_gain":0,"player_choice":"Card Removal","damage_taken":0,"max_hp_gain":0,"max_hp_loss":0,"event_name":"The Cleric","floor":5,"gold_loss":75},{"cards_removed":["Strike_R"],"damage_healed":0,"gold_gain":0,"player_choice":"Purged","damage_taken":0,"max_hp_gain":0,"max_hp_loss":0,"event_name":"Purifier","floor":13,"gold_loss":0}],"is_beta":false,"boss_relics":[],"items_purged_floors":[],"is_endless":false,"potions_floor_spawned":[1,7,14],"killed_by":"Slime Boss","ascension_level":20}