{"gold_per_floor":[112,132,41,41,57,82,82,99,145,145,174,187,187,187,187,282,282,298,314,332,342,3,3,33,33,33,33,49,82,82,97,97,97],"floor_reached":33,"playtime":1586,"items_purged":[],"score":381,"play_id":"1b9c089c-a91b-40c0-8bd9-e0fceef6faa4","local_time":"20190129205311","is_ascension_mode":true,"campfire_choices":[{"floor":7,"key":"REST"},{"floor":10,"key":"REST"},{"data":"Coolheaded","floor":13,"key":"SMITH"},{"floor":15,"key":"REST"},{"floor":23,"key":"REST"},{"data":"Dualcast","floor":25,"key":"SMITH"},{"data":"Beam Cell","floor":30,"key":"SMITH"},{"floor":32,"key":"REST"}],"neow_cost":"PERCENT_DAMAGE","seed_source_timestamp":21554434485643,"circlet_count":0,"master_deck":["Strike_B","Strike_B+1","Strike_B","Strike_B+1","Defend_B","Defend_B","Defend_B","Defend_B","Zap+1","Dualcast+1","Beam Cell+1","Coolheaded+1","Go for the Eyes","Steam","Leap+1","Compile Driver","Ball Lightning","Coolheaded+1","Biased Cognition","Cold Snap","Capacitor","Hologram+1","Conserve Battery+1","Steam"],"relics":["Cracked Core","Torii","Letter Opener","Whetstone","Oddly Smooth Stone","FaceOfCleric","Nuclear Battery","Membership Card","War Paint","Bag of Marbles","Ancient Tea Set","DataDisk"],"potions_floor_usage":[11,18,21,24,24,29,31,33,33,33,33],"damage_taken":[{"damage":0,"enemies":"Small Slimes","floor":1,"turns":3},{"damage":1,"enemies":"Cultist","floor":2,"turns":3},{"damage":1,"enemies":"Jaw Worm","floor":5,"turns":3},{"damage":47,"enemies":"Gremlin Nob","floor":6,"turns":5},{"damage":1,"enemies":"Red Slaver","floor":8,"turns":3},{"damage":23,"enemies":"Lagavulin","floor":11,"turns":7},{"damage":0,"enemies":"Blue Slaver","floor":12,"turns":3},{"damage":13,"enemies":"The Guardian","floor":16,"turns":12},{"damage":23,"enemies":"Chosen","floor":18,"turns":7},{"damage":0,"enemies":"Spheric Guardian","floor":19,"turns":3},{"damage":0,"enemies":"Shelled Parasite and Fungi","floor":20,"turns":4},{"damage":8,"enemies":"Chosen and Byrds","floor":21,"turns":9},{"damage":1,"enemies":"Book of Stabbing","floor":24,"turns":7},{"damage":0,"enemies":"Snecko","floor":28,"turns":4},{"damage":32,"enemies":"Slavers","floor":29,"turns":5},{"damage":7,"enemies":"Shelled Parasite and Fungi","floor":31,"turns":4},{"damage":100,"enemies":"Automaton","floor":33,"turns":12}],"seed_played":"662996074266419860","potions_obtained":[{"floor":1,"key":"GamblersBrew"},{"floor":8,"key":"Weak Potion"},{"floor":11,"key":"Weak Potion"},{"floor":12,"key":"GamblersBrew"},{"floor":18,"key":"Block Potion"},{"floor":21,"key":"Weak Potion"},{"floor":28,"key":"FearPotion"},{"floor":31,"key":"EntropicBrew"}],"is_trial":false,"path_per_floor":["M","M","$","?","M","E","R","M","T","R","E","M","R","?","R","B",null,"M","M","M","M","$","R","E","R","T","?","M","E","R","M","R","B"],"character_chosen":"DEFECT","items_purchased":["Go for the Eyes","Steam","Membership Card","War Paint","Bag of Marbles"],"campfire_rested":5,"item_purchase_floors":[3,3,22,22,22],"current_hp_per_floor":[54,53,53,53,52,5,27,26,26,48,25,25,25,25,47,35,76,54,55,56,49,49,73,73,73,73,91,92,61,61,55,83,0],"gold":97,"neow_bonus":"ONE_RARE_RELIC","is_prod":false,"is_daily":false,"chose_seed":false,"campfire_upgraded":3,"win_rate":0,"timestamp":1548791591,"path_taken":["M","M","$","?","M","E","R","?","T","R","E","M","R","?","R","BOSS","M","M","?","M","$","R","E","R","T","?","M","E","R","M","R","BOSS"],"build_version":"2019-01-23","purchased_purges":0,"victory":false,"max_hp_per_floor":[75,75,75,75,75,75,75,75,75,75,75,75,75,75,75,76,76,77,78,79,80,80,80,81,81,81,91,92,93,93,94,94,94],"card_choices":[{"not_picked":["Genetic Algorithm","Leap"],"picked":"Beam Cell","floor":1},{"not_picked":["Redo","Double Energy"],"picked":"Coolheaded","floor":2},{"not_picked":["Fusion","Gash"],"picked":"Leap","floor":5},{"not_picked":["Tempest","Double Energy"],"picked":"Creative AI","floor":6},{"not_picked":["Coolheaded","Gash"],"picked":"Compile Driver","floor":8},{"not_picked":["Blizzard","Barrage"],"picked":"Ball Lightning","floor":11},{"not_picked":["Leap","Streamline"],"picked":"Coolheaded","floor":12},{"not_picked":["Hyperbeam","Creative AI"],"picked":"Biased Cognition","floor":16},{"not_picked":["Compile Driver","Darkness+1"],"picked":"Cold Snap","floor":18},{"not_picked":["Stack","Streamline","Chill"],"picked":"SKIP","floor":19},{"not_picked":["Aggregate","Streamline"],"picked":"Capacitor","floor":20},{"not_picked":["Steam+1","Turbo"],"picked":"Hologram+1","floor":21},{"not_picked":["Go for the Eyes","Blizzard"],"picked":"Conserve Battery+1","floor":24},{"not_picked":["Barrage","Creative AI","Tempest"],"picked":"SKIP","floor":28},{"not_picked":["Hello World","Genetic Algorithm+1","Meteor Strike"],"picked":"SKIP","floor":29},{"not_picked":["Steam Power","Barrage"],"picked":"Steam","floor":31}],"player_experience":213779,"relics_obtained":[{"floor":6,"key":"Letter Opener"},{"floor":9,"key":"Whetstone"},{"floor":11,"key":"Oddly Smooth Stone"},{"floor":24,"key":"Ancient Tea Set"},{"floor":29,"key":"DataDisk"}],"event_choices":[{"damage_healed":0,"gold_gain":0,"player_choice":"Forge","damage_taken":0,"max_hp_gain":0,"max_hp_loss":0,"event_name":"Accursed Blacksmith","floor":4,"gold_loss":0,"cards_upgraded":["Zap"]},{"damage_healed":0,"gold_gain":0,"player_choice":"Trade","damage_taken":0,"relics_obtained":["FaceOfCleric"],"max_hp_gain":0,"max_hp_loss":0,"event_name":"FaceTrader","floor":14,"gold_loss":0},{"cards_removed":["Creative AI"],"damage_healed":8,"gold_gain":0,"player_choice":"Offered Rare","damage_taken":0,"max_hp_gain":10,"max_hp_loss":0,"event_name":"Bonfire Elementals","floor":27,"gold_loss":0}],"is_beta":true,"boss_relics":[{"not_picked":["Ectoplasm","Astrolabe"],"picked":"Nuclear Battery"}],"items_purged_floors":[],"is_endless":false,"potions_floor_spawned":[1,8,11,12,18,21,28,31],"killed_by":"Automaton","ascension_level":4}