{"gold_per_floor":[116,116,116,130,150,150,179,179,179,189,219,219,68,18,18,114,114,125,141,152,52,152,210,210,243,243,243,263,280,110,123,123,225,225,241,241,251,81,97,130,230,230,230,246,256,269,269,284,284,284,284,284,42,67,67],"floor_reached":56,"playtime":2405,"items_purged":["Regret","Strike_R","Strike_R"],"score":1595,"play_id":"8542a3c1-a519-42f5-a74a-554c03d24cef","local_time":"20190202123541","is_ascension_mode":true,"campfire_choices":[{"data":"Whirlwind","floor":6,"key":"SMITH"},{"data":"Shockwave","floor":8,"key":"SMITH"},{"data":"Juggernaut","floor":12,"key":"SMITH"},{"data":"Body Slam","floor":15,"key":"SMITH"},{"data":"Barricade","floor":24,"key":"SMITH"},{"data":"Impervious","floor":27,"key":"SMITH"},{"floor":32,"key":"REST"},{"data":"Armaments","floor":42,"key":"SMITH"},{"floor":47,"key":"RECALL"},{"floor":49,"key":"REST"},{"data":"Metallicize","floor":52,"key":"SMITH"}],"neow_cost":"NONE","seed_source_timestamp":2676796483507,"circlet_count":0,"master_deck":["Strike_R","Defend_R","Defend_R","Defend_R","Defend_R","Bash","Whirlwind+1","Evolve","Metallicize+1","Shockwave+1","Juggernaut+1","Shrug It Off","Body Slam+1","Barricade+1","Battle Trance","Entrench+1","Impervious+1","Shrug It Off","Exhume+1","Seeing Red+1","Armaments+1","Writhe","Warcry+1","Power Through+1","Finesse"],"relics":["Burning Blood","NeowsBlessing","Mercury Hourglass","Lantern","Oddly Smooth Stone","Gremlin Horn","Cursed Key","Tiny Chest","Potion Belt","White Beast Statue","Art of War","Pear","Anchor","Champion Belt"],"potions_floor_usage":[11,35,39,40,45,48,50,55,55,55],"damage_taken":[{"damage":0,"enemies":"Small Slimes","floor":1,"turns":1},{"damage":0,"enemies":"Cultist","floor":4,"turns":1},{"damage":0,"enemies":"Jaw Worm","floor":5,"turns":1},{"damage":21,"enemies":"Gremlin Nob","floor":7,"turns":4},{"damage":4,"enemies":"Red Slaver","floor":10,"turns":2},{"damage":1,"enemies":"3 Sentries","floor":11,"turns":2},{"damage":0,"enemies":"Slime Boss","floor":16,"turns":6},{"damage":3,"enemies":"Chosen","floor":18,"turns":4},{"damage":17,"enemies":"2 Thieves","floor":19,"turns":3},{"damage":0,"enemies":"Snecko","floor":20,"turns":5},{"damage":0,"enemies":"Book of Stabbing","floor":23,"turns":4},{"damage":32,"enemies":"Slavers","floor":25,"turns":5},{"damage":7,"enemies":"Centurion and Healer","floor":28,"turns":4},{"damage":12,"enemies":"Snake Plant","floor":29,"turns":5},{"damage":0,"enemies":"Chosen and Byrds","floor":31,"turns":5},{"damage":8,"enemies":"Champ","floor":33,"turns":8},{"damage":6,"enemies":"Orb Walker","floor":35,"turns":4},{"damage":0,"enemies":"3 Shapes","floor":37,"turns":4},{"damage":0,"enemies":"Writhing Mass","floor":39,"turns":5},{"damage":0,"enemies":"Nemesis","floor":40,"turns":5},{"damage":0,"enemies":"3 Darklings","floor":44,"turns":3},{"damage":8,"enemies":"Jaw Worm Horde","floor":45,"turns":6},{"damage":11,"enemies":"Transient","floor":46,"turns":5},{"damage":21,"enemies":"4 Shapes","floor":48,"turns":4},{"damage":17,"enemies":"Donu and Deca","floor":50,"turns":9},{"damage":87,"enemies":"Shield and Spear","floor":54,"turns":9},{"damage":0,"enemies":"The Heart","floor":55,"turns":8}],"seed_played":"-2377860036135433187","potions_obtained":[{"floor":5,"key":"Dexterity Potion"},{"floor":7,"key":"Energy Potion"},{"floor":10,"key":"Ancient Potion"},{"floor":16,"key":"SteroidPotion"},{"floor":23,"key":"SkillPotion"},{"floor":28,"key":"SteroidPotion"},{"floor":31,"key":"SteroidPotion"},{"floor":35,"key":"Explosive Potion"},{"floor":37,"key":"Block Potion"},{"floor":39,"key":"Swift Potion"},{"floor":40,"key":"Poison Potion"},{"floor":44,"key":"SteroidPotion"},{"floor":45,"key":"Energy Potion"},{"floor":46,"key":"EssenceOfSteel"},{"floor":48,"key":"Dexterity Potion"},{"floor":54,"key":"Ancient Potion"}],"is_trial":false,"path_per_floor":["M","?","?","M","M","R","E","R","T","M","E","R","$","?","R","B",null,"M","M","M","$","?","E","R","E","T","R","M","M","$","M","R","B",null,"M","?","M","$","M","E","?","R","T","M","M","M","R","M","R","B",null,"R","$","E","B",null],"character_chosen":"IRONCLAD","items_purchased":["Shrug It Off","Body Slam","Shrug It Off","Art of War","Armaments","Anchor","Finesse"],"campfire_rested":2,"item_purchase_floors":[13,13,30,38,38,53,53],"current_hp_per_floor":[80,80,80,80,80,80,65,65,65,67,72,72,72,72,72,78,80,80,69,75,75,75,80,80,54,54,54,53,47,47,53,77,75,80,80,80,80,80,80,90,90,90,90,90,88,83,83,68,90,79,90,90,90,9,15],"gold":67,"neow_bonus":"THREE_ENEMY_KILL","is_prod":false,"is_daily":false,"chose_seed":false,"campfire_upgraded":8,"win_rate":0,"timestamp":1549078541,"path_taken":["M","?","?","M","?","R","E","R","T","M","E","R","$","?","R","BOSS","M","M","M","$","?","E","R","E","T","R","M","?","?","?","R","BOSS","M","?","?","$","M","E","?","R","T","M","M","?","R","M","R","BOSS","R","$","E","BOSS"],"build_version":"2019-01-23","purchased_purges":3,"victory":true,"max_hp_per_floor":[80,80,80,80,80,80,80,80,80,80,80,80,80,80,80,80,80,80,80,80,80,80,80,80,80,80,80,80,80,80,80,80,80,80,80,80,80,80,80,90,90,90,90,90,90,90,90,90,90,90,90,90,90,90,90],"card_choices":[{"not_picked":["Wild Strike","Thunderclap"],"picked":"Whirlwind","floor":1},{"not_picked":["Warcry","Perfected Strike"],"picked":"Evolve","floor":4},{"not_picked":["Sword Boomerang","Heavy Blade"],"picked":"Metallicize","floor":5},{"not_picked":["Feel No Pain","Rampage"],"picked":"Shockwave","floor":7},{"not_picked":["Body Slam","Sever Soul"],"picked":"Juggernaut","floor":10},{"not_picked":["Hemokinesis","Bloodletting","Warcry"],"picked":"SKIP","floor":11},{"not_picked":["Reaper","Limit Break"],"picked":"Barricade","floor":16},{"not_picked":["Thunderclap","Sever Soul","Twin Strike"],"picked":"SKIP","floor":18},{"not_picked":["Dropkick+1","Pommel Strike"],"picked":"Battle Trance","floor":19},{"not_picked":["Twin Strike","Wild Strike+1"],"picked":"Entrench+1","floor":20},{"not_picked":["Perfected Strike+1","Inflame+1","Fire Breathing"],"picked":"SKIP","floor":23},{"not_picked":["Perfected Strike+1","Armaments+1"],"picked":"Impervious","floor":25},{"not_picked":["Flex","Inflame","Clothesline"],"picked":"SKIP","floor":28},{"not_picked":["Flex","Inflame","Clothesline"],"picked":"SKIP","floor":28},{"not_picked":["Havoc+1","Headbutt+1","True Grit"],"picked":"SKIP","floor":29},{"not_picked":["Seeing Red","Blood for Blood","Thunderclap+1"],"picked":"SKIP","floor":31},{"not_picked":["Barricade","Juggernaut"],"picked":"Exhume","floor":33},{"not_picked":["Clothesline+1","Sword Boomerang","Iron Wave"],"picked":"SKIP","floor":35},{"not_picked":["Clothesline+1","Perfected Strike+1"],"picked":"Seeing Red+1","floor":37},{"not_picked":["Cleave+1","True Grit","Rampage+1"],"picked":"SKIP","floor":39},{"not_picked":["Headbutt","Anger+1","Disarm"],"picked":"SKIP","floor":40},{"not_picked":["Cleave+1","Anger+1","Twin Strike+1"],"picked":"SKIP","floor":44},{"not_picked":["Clothesline+1","Sever Soul"],"picked":"Warcry+1","floor":45},{"not_picked":["Shrug It Off+1","Wild Strike"],"picked":"Power Through+1","floor":46},{"not_picked":["Pommel Strike+1","Perfected Strike+1","Disarm"],"picked":"SKIP","floor":48},{"not_picked":["Flame Barrier","Sentinel","Juggernaut"],"picked":"SKIP","floor":54}],"player_experience":779440,"relics_obtained":[{"floor":7,"key":"Lantern"},{"floor":9,"key":"Oddly Smooth Stone"},{"floor":11,"key":"Gremlin Horn"},{"floor":23,"key":"Tiny Chest"},{"floor":25,"key":"Potion Belt"},{"floor":40,"key":"Pear"},{"floor":54,"key":"Champion Belt"}],"event_choices":[{"damage_healed":0,"gold_gain":0,"player_choice":"Box","damage_taken":0,"relics_obtained":["Mercury Hourglass"],"max_hp_gain":0,"max_hp_loss":0,"event_name":"Big Fish","floor":2,"gold_loss":0,"cards_obtained":["Regret"]},{"cards_removed":["Strike_R"],"damage_healed":0,"gold_gain":0,"player_choice":"Offered Basic","damage_taken":0,"max_hp_gain":0,"max_hp_loss":0,"event_name":"Bonfire Elementals","floor":3,"gold_loss":0},{"cards_removed":["Strike_R"],"damage_healed":0,"gold_gain":0,"player_choice":"Card Removal","damage_taken":0,"max_hp_gain":0,"max_hp_loss":0,"event_name":"The Cleric","floor":14,"gold_loss":50},{"damage_healed":0,"gold_gain":100,"player_choice":"Pray","damage_taken":0,"max_hp_gain":0,"max_hp_loss":0,"event_name":"Golden Shrine","floor":22,"gold_loss":0},{"damage_healed":0,"gold_gain":0,"player_choice":"Upgraded","damage_taken":0,"max_hp_gain":0,"max_hp_loss":0,"event_name":"Upgrade Shrine","floor":36,"gold_loss":0,"cards_upgraded":["Exhume"]},{"damage_healed":0,"gold_gain":100,"player_choice":"Pray","damage_taken":0,"max_hp_gain":0,"max_hp_loss":0,"event_name":"Golden Shrine","floor":41,"gold_loss":0}],"is_beta":false,"boss_relics":[{"not_picked":["Ectoplasm","Lizard Tail"],"picked":"Cursed Key"},{"not_picked":["Snecko Eye","Pandora\u0027s Box"],"picked":"White Beast Statue"}],"items_purged_floors":[13,21,30],"is_endless":false,"potions_floor_spawned":[5,7,10,16,19,23,28,31,35,37,39,40,44,45,46,48,54],"ascension_level":4}