{"gold_per_floor":[119,119,139,89,89,120,191,221,293,293,311,156,169,204,204,309,309,319,332,351,3,13,43,43,69,69,69,168,196,211,211,211,308,308,323,340,260,274,13,45,45,75,75,75,110,127,144,244,244,244],"floor_reached":51,"playtime":3284,"items_purged":["Pain"],"score":1110,"play_id":"e1af991f-0038-4d9f-b4ed-3f427197eb4c","local_time":"20190206015751","is_ascension_mode":true,"campfire_choices":[{"floor":10,"key":"REST"},{"floor":15,"key":"REST"},{"floor":24,"key":"REST"},{"floor":27,"key":"REST"},{"floor":32,"key":"REST"},{"data":"After Image","floor":41,"key":"SMITH"},{"floor":49,"key":"REST"}],"neow_cost":"NONE","seed_source_timestamp":2197794650826700,"circlet_count":0,"master_deck":["Defend_G+1","Defend_G+1","Defend_G+1","Defend_G+1","Strike_G+1","Strike_G+1","Strike_G+1","Survivor","Neutralize","Reflex","Quick Slash","All Out Attack","Dagger Spray","Dagger Spray","Terror","Infinite Blades","PiercingWail","Infinite Blades","Envenom","Cloak And Dagger+1","Cloak And Dagger+1","Dash+1","Well Laid Plans","Backstab","After Image+1","Accuracy+1","Regret","Acrobatics+1","Dagger Throw+1","Corpse Explosion+1","Infinite Blades+1","Catalyst+1","Blade Dance+1","Choke+1","Clumsy","Parasite","Blade Dance+1","Noxious Fumes+1"],"relics":["Ring of the Snake","WarpedTongs","Juzu Bracelet","Oddly Smooth Stone","Kunai","Centennial Puzzle","Cursed Key","Turnip","Toxic Egg 2","Singing Bowl","Frozen Egg 2","Lantern","Philosopher\u0027s Stone","Darkstone Periapt","Regal Pillow","Blue Candle","Ornamental Fan","Orichalcum","Mango"],"potions_floor_usage":[23,29,40,40,50,50,50],"damage_taken":[{"damage":0,"enemies":"Cultist","floor":1,"turns":5},{"damage":1,"enemies":"Jaw Worm","floor":3,"turns":6},{"damage":35,"enemies":"Gremlin Nob","floor":6,"turns":5},{"damage":12,"enemies":"3 Sentries","floor":8,"turns":5},{"damage":1,"enemies":"Small Slimes","floor":11,"turns":2},{"damage":2,"enemies":"Exordium Thugs","floor":13,"turns":4},{"damage":5,"enemies":"Lagavulin","floor":14,"turns":4},{"damage":28,"enemies":"Slime Boss","floor":16,"turns":7},{"damage":3,"enemies":"2 Thieves","floor":18,"turns":3},{"damage":15,"enemies":"Shell Parasite","floor":19,"turns":5},{"damage":12,"enemies":"Centurion and Healer","floor":20,"turns":5},{"damage":0,"enemies":"Shelled Parasite and Fungi","floor":22,"turns":5},{"damage":23,"enemies":"Book of Stabbing","floor":23,"turns":5},{"damage":14,"enemies":"Gremlin Leader","floor":25,"turns":7},{"damage":26,"enemies":"Slavers","floor":29,"turns":3},{"damage":0,"enemies":"Snake Plant","floor":30,"turns":5},{"damage":14,"enemies":"Champ","floor":33,"turns":8},{"damage":2,"enemies":"3 Shapes","floor":35,"turns":3},{"damage":0,"enemies":"Orb Walker","floor":36,"turns":3},{"damage":0,"enemies":"3 Darklings","floor":38,"turns":1},{"damage":14,"enemies":"Nemesis","floor":40,"turns":5},{"damage":9,"enemies":"Giant Head","floor":42,"turns":7},{"damage":0,"enemies":"Reptomancer","floor":45,"turns":5},{"damage":14,"enemies":"Writhing Mass","floor":46,"turns":5},{"damage":11,"enemies":"Maw","floor":47,"turns":6},{"damage":0,"enemies":"Mind Bloom Boss Battle","floor":48,"turns":4},{"damage":41,"enemies":"Awakened One","floor":50,"turns":9}],"seed_played":"5641027816678166287","potions_obtained":[{"floor":8,"key":"Regen Potion"},{"floor":11,"key":"Poison Potion"},{"floor":14,"key":"Ancient Potion"},{"floor":23,"key":"Ancient Potion"},{"floor":25,"key":"EssenceOfSteel"},{"floor":29,"key":"SpeedPotion"},{"floor":38,"key":"SkillPotion"},{"floor":40,"key":"SkillPotion"},{"floor":42,"key":"EssenceOfSteel"},{"floor":45,"key":"Dexterity Potion"}],"is_trial":false,"path_per_floor":["M","?","M","?","?","E","?","E","T","R","M","$","M","E","R","B",null,"M","M","M","$","M","E","R","E","T","R","?","E","M","?","R","B",null,"M","M","$","M","$","E","R","E","T","?","E","M","M","?","R","B",null],"character_chosen":"THE_SILENT","items_purchased":["Infinite Blades","Well Laid Plans","Turnip","Catalyst+1","Darkstone Periapt"],"campfire_rested":6,"item_purchase_floors":[12,21,21,37,39],"current_hp_per_floor":[70,70,69,69,69,34,34,22,22,43,42,42,40,35,56,28,60,57,42,30,30,30,21,42,28,28,49,49,23,23,23,44,30,60,60,60,60,62,62,48,48,39,45,45,47,39,28,44,89,48],"gold":244,"neow_bonus":"TRANSFORM_CARD","is_prod":false,"is_daily":false,"chose_seed":false,"campfire_upgraded":1,"win_rate":0,"timestamp":1549378671,"path_taken":["M","?","M","?","?","E","?","E","T","R","M","$","M","E","R","BOSS","M","M","M","$","M","E","R","E","T","R","?","E","M","?","R","BOSS","M","M","$","M","$","E","R","E","T","?","E","M","M","?","R","BOSS"],"build_version":"2019-01-23","purchased_purges":1,"victory":true,"max_hp_per_floor":[70,70,70,70,70,70,70,70,70,70,70,70,70,70,70,70,70,70,70,70,70,70,70,70,70,70,70,70,70,70,70,70,70,70,72,72,72,74,74,74,74,74,80,76,78,84,84,100,100,100],"card_choices":[{"not_picked":["PiercingWail","Poisoned Stab"],"picked":"Quick Slash","floor":1},{"not_picked":["Cloak And Dagger","Choke"],"picked":"All Out Attack","floor":3},{"not_picked":["Flechettes","Outmaneuver"],"picked":"Dagger Spray","floor":6},{"not_picked":["Bullet Time","Blade Dance"],"picked":"Dagger Spray","floor":8},{"not_picked":["Cloak And Dagger","Acrobatics"],"picked":"Terror","floor":11},{"not_picked":["Dodge and Roll","Terror"],"picked":"PiercingWail","floor":13},{"not_picked":["Backflip","Predator"],"picked":"Infinite Blades","floor":14},{"not_picked":["A Thousand Cuts","Unload"],"picked":"Envenom","floor":16},{"not_picked":["Acrobatics","Poisoned Stab"],"picked":"Cloak And Dagger+1","floor":18},{"not_picked":["Distraction+1","Poisoned Stab+1"],"picked":"Cloak And Dagger+1","floor":19},{"not_picked":["Underhanded Strike","Deflect"],"picked":"Dash+1","floor":20},{"not_picked":["Deflect","Bouncing Flask"],"picked":"Backstab","floor":22},{"not_picked":["Dodge and Roll","Finisher"],"picked":"After Image","floor":23},{"not_picked":["Footwork","Infinite Blades"],"picked":"Accuracy+1","floor":25},{"not_picked":["Deadly Poison+1","Bouncing Flask+1"],"picked":"Acrobatics+1","floor":29},{"not_picked":["Backflip+1","Slice"],"picked":"Dagger Throw+1","floor":30},{"not_picked":["Glass Knife","A Thousand Cuts+1"],"picked":"Corpse Explosion+1","floor":33},{"not_picked":["Setup+1","Masterful Stab","Backflip+1"],"picked":"Singing Bowl","floor":35},{"not_picked":["Dodge and Roll+1","Sucker Punch"],"picked":"Infinite Blades+1","floor":36},{"not_picked":["Quick Slash+1","Bullet Time+1","Predator"],"picked":"Singing Bowl","floor":38},{"not_picked":["Slice","Sucker Punch"],"picked":"Blade Dance+1","floor":40},{"not_picked":["Dash","Noxious Fumes+1"],"picked":"Choke+1","floor":42},{"not_picked":["Dagger Spray+1","Backflip+1","Calculated Gamble+1"],"picked":"Singing Bowl","floor":45},{"not_picked":["Finisher","PiercingWail+1"],"picked":"Blade Dance+1","floor":46},{"not_picked":["Slice","Underhanded Strike"],"picked":"Noxious Fumes+1","floor":47},{"not_picked":["Setup+1","Underhanded Strike","Bouncing Flask+1"],"picked":"Singing Bowl","floor":48}],"player_experience":267425,"relics_obtained":[{"floor":6,"key":"Juzu Bracelet"},{"floor":8,"key":"Oddly Smooth Stone"},{"floor":9,"key":"Kunai"},{"floor":14,"key":"Centennial Puzzle"},{"floor":23,"key":"Toxic Egg 2"},{"floor":25,"key":"Singing Bowl"},{"floor":26,"key":"Frozen Egg 2"},{"floor":29,"key":"Lantern"},{"floor":40,"key":"Regal Pillow"},{"floor":42,"key":"Blue Candle"},{"floor":43,"key":"Ornamental Fan"},{"floor":45,"key":"Orichalcum"},{"floor":48,"key":"Mango"}],"event_choices":[{"cards_removed":["Strike_G"],"damage_healed":0,"gold_gain":0,"player_choice":"Forget","damage_taken":0,"max_hp_gain":0,"max_hp_loss":0,"event_name":"Living Wall","floor":2,"gold_loss":0},{"cards_removed":["Defend_G"],"damage_healed":0,"gold_gain":0,"player_choice":"Card Removal","damage_taken":0,"max_hp_gain":0,"max_hp_loss":0,"event_name":"The Cleric","floor":4,"gold_loss":50},{"damage_healed":0,"gold_gain":0,"player_choice":"Rummage","damage_taken":0,"relics_obtained":["WarpedTongs"],"max_hp_gain":0,"max_hp_loss":0,"event_name":"Accursed Blacksmith","floor":5,"gold_loss":0,"cards_obtained":["Pain"]},{"damage_healed":0,"gold_gain":71,"player_choice":"Gained Gold","damage_taken":0,"max_hp_gain":0,"max_hp_loss":0,"event_name":"Golden Wing","floor":7,"gold_loss":0},{"damage_healed":0,"gold_gain":99,"player_choice":"Stole From Cult","damage_taken":0,"max_hp_gain":0,"max_hp_loss":0,"event_name":"Nest","floor":28,"gold_loss":0},{"damage_healed":0,"gold_gain":0,"player_choice":"Simplicity","damage_taken":0,"max_hp_gain":0,"max_hp_loss":0,"event_name":"Back to Basics","floor":31,"gold_loss":0,"cards_upgraded":["Defend_G","Defend_G","Defend_G","Defend_G","Strike_G","Strike_G","Strike_G"]},{"damage_healed":0,"gold_gain":0,"player_choice":"Max HP","damage_taken":0,"max_hp_gain":0,"max_hp_loss":4,"event_name":"Winding Halls","floor":44,"gold_loss":0},{"damage_healed":0,"gold_gain":0,"player_choice":"Fight","damage_taken":0,"max_hp_gain":0,"max_hp_loss":0,"event_name":"MindBloom","floor":48,"gold_loss":0}],"is_beta":false,"boss_relics":[{"not_picked":["Orrery","Eternal Feather"],"picked":"Cursed Key"},{"not_picked":["Runic Dome","Lizard Tail"],"picked":"Philosopher\u0027s Stone"}],"items_purged_floors":[12],"is_endless":false,"potions_floor_spawned":[8,11,14,23,25,29,38,40,42,45],"ascension_level":5}