{"path_per_floor":["M","?","M","M","M","E","M","E","T","?","E","T","E","M","R","B",null,"M","?","M","M","?","E","R","?","T","?","R","E","M","M","R"],"character_chosen":"IRONCLAD","items_purchased":[],"gold_per_floor":[213,213,226,245,260,295,306,341,341,306,340,340,372,383,383,485,485,504,504,522,534,449,476,476,476,476,476,476,508,527,547,547,547],"floor_reached":33,"campfire_rested":3,"playtime":1931,"item_purchase_floors":[],"current_hp_per_floor":[66,66,66,69,61,47,50,41,41,61,44,44,49,53,77,52,73,79,79,83,83,83,57,57,41,41,25,49,10,16,13,37,0],"items_purged":[],"gold":547,"score":453,"play_id":"0813bdc2-b806-4cc2-a396-950f9fe38390","local_time":"20180529214341","is_prod":false,"is_daily":false,"chose_seed":false,"is_ascension_mode":true,"campfire_upgraded":1,"win_rate":0,"timestamp":1527648221,"campfire_choices":[{"floor":15,"key":"REST"},{"data":"Barricade","floor":24,"key":"SMITH"},{"floor":28,"key":"REST"},{"floor":32,"key":"REST"}],"path_taken":["M","?","M","M","M","E","M","E","T","?","E","?","E","M","R","BOSS","M","?","M","M","?","E","R","?","T","?","R","E","?","M","R","BOSS"],"build_version":"2018-05-24","seed_source_timestamp":954980960551097,"purchased_purges":0,"victory":false,"master_deck":["Strike_R","Strike_R","Strike_R","Strike_R","Strike_R+1","Defend_R","Defend_R","Defend_R","Defend_R","Bash+1","Pommel Strike","Pommel Strike","Headbutt","Shrug It Off+1","Iron Wave+1","Rage+1","Juggernaut","Metallicize","Flex","Flex","Feed","Flex","Thunderclap+1","Barricade+1","Evolve","Body Slam+1","Evolve","Pommel Strike","Demon Form","Swift Strike","Necronomicurse","Body Slam","Seeing Red","Shrug It Off+1","Body Slam+1","Headbutt"],"max_hp_per_floor":[80,80,80,80,80,80,80,80,80,80,80,80,80,80,80,80,80,80,80,83,83,83,83,83,83,83,83,83,83,83,83,83,83],"relics":["Burning Blood","Matryoshka","Prayer Wheel","Ornamental Fan","Smiling Mask","Mercury Hourglass","Oddly Smooth Stone","Pen Nib","Whetstone","Mark of Pain","Mummified Hand","Bag of Marbles","Toolbox","Necronomicon","War Paint"],"card_choices":[{"not_picked":["Havoc","Shockwave"],"picked":"Pommel Strike","floor":1},{"not_picked":["Body Slam","Disarm"],"picked":"Pommel Strike","floor":3},{"not_picked":["Thunderclap","Searing Blow"],"picked":"Headbutt","floor":4},{"not_picked":["Sword Boomerang","Sever Soul"],"picked":"Shrug It Off","floor":5},{"not_picked":["Thunderclap","Hemokinesis"],"picked":"Iron Wave","floor":6},{"not_picked":["Battle Trance","Heavy Blade"],"picked":"Rage","floor":7},{"not_picked":["Second Wind","Dual Wield"],"picked":"Juggernaut","floor":8},{"not_picked":["True Grit","Clash","Corruption"],"picked":"SKIP","floor":11},{"not_picked":["Disarm","Shrug It Off"],"picked":"Metallicize","floor":13},{"not_picked":["Anger","Clash"],"picked":"Flex","floor":14},{"not_picked":["Cleave","Dual Wield"],"picked":"Flex","floor":14},{"not_picked":["Barricade","Dark Embrace"],"picked":"Feed","floor":16},{"not_picked":["Fire Breathing","Thunderclap"],"picked":"Flex","floor":18},{"not_picked":["Fire Breathing","Sword Boomerang+1"],"picked":"Thunderclap+1","floor":18},{"not_picked":["Thunderclap","Searing Blow"],"picked":"Evolve","floor":20},{"not_picked":["Clothesline","Second Wind+1"],"picked":"Body Slam+1","floor":20},{"not_picked":["Havoc+1","Battle Trance+1"],"picked":"Evolve","floor":21},{"not_picked":["Limit Break","Rupture"],"picked":"Pommel Strike","floor":21},{"not_picked":["Heavy Blade","Fiend Fire"],"picked":"Demon Form","floor":23},{"not_picked":["Pummel","Anger"],"picked":"Body Slam","floor":29},{"not_picked":["Havoc","Pommel Strike"],"picked":"Seeing Red","floor":30},{"not_picked":["Combust","Iron Wave"],"picked":"Shrug It Off+1","floor":30},{"not_picked":["Sentinel","Clothesline"],"picked":"Body Slam+1","floor":31},{"not_picked":["Combust+1","Feel No Pain"],"picked":"Headbutt","floor":31}],"player_experience":205857,"potions_floor_usage":[13,16,23,30,33,33],"damage_taken":[{"damage":12,"enemies":"Jaw Worm","floor":1,"turns":3},{"damage":6,"enemies":"Cultist","floor":3,"turns":3},{"damage":3,"enemies":"Small Slimes","floor":4,"turns":3},{"damage":14,"enemies":"2 Fungi Beasts","floor":5,"turns":3},{"damage":20,"enemies":"Gremlin Nob","floor":6,"turns":4},{"damage":3,"enemies":"Blue Slaver","floor":7,"turns":4},{"damage":15,"enemies":"3 Sentries","floor":8,"turns":8},{"damage":23,"enemies":"Gremlin Nob","floor":11,"turns":4},{"damage":9,"enemies":"3 Sentries","floor":13,"turns":5},{"damage":2,"enemies":"Looter","floor":14,"turns":3},{"damage":31,"enemies":"The Guardian","floor":16,"turns":8},{"damage":0,"enemies":"Shell Parasite","floor":18,"turns":4},{"damage":0,"enemies":"Spheric Guardian","floor":20,"turns":3},{"damage":6,"enemies":"Centurion and Healer","floor":21,"turns":4},{"damage":32,"enemies":"Book of Stabbing","floor":23,"turns":5},{"damage":45,"enemies":"Gremlin Leader","floor":29,"turns":6},{"damage":0,"enemies":"Snake Plant","floor":30,"turns":2},{"damage":9,"enemies":"3 Cultists","floor":31,"turns":4},{"damage":42,"enemies":"Collector","floor":33,"turns":6}],"relics_obtained":[{"floor":6,"key":"Matryoshka"},{"floor":8,"key":"Prayer Wheel"},{"floor":9,"key":"Ornamental Fan"},{"floor":9,"key":"Smiling Mask"},{"floor":11,"key":"Mercury Hourglass"},{"floor":12,"key":"Oddly Smooth Stone"},{"floor":12,"key":"Pen Nib"},{"floor":13,"key":"Whetstone"},{"floor":23,"key":"Bag of Marbles"},{"floor":26,"key":"Toolbox"},{"floor":27,"key":"Necronomicon"},{"floor":29,"key":"War Paint"}],"event_choices":[{"event_name":"Upgrade Shrine","player_choice":"Upgraded","floor":2,"damage_taken":0},{"event_name":"The Cleric","player_choice":"Healed","floor":10,"damage_taken":0},{"event_name":"The Library","player_choice":"Read","floor":19,"damage_taken":0},{"event_name":"Addict","player_choice":"Obtained Relic","floor":22,"damage_taken":0},{"event_name":"Knowing Skull","player_choice":"CARD ","floor":25,"damage_taken":0},{"event_name":"Cursed Tome","player_choice":"Obtained Book","floor":27,"damage_taken":0}],"boss_relics":[{"not_picked":["Pandora\u0027s Box","Runic Cube"],"picked":"Mark of Pain"}],"items_purged_floors":[],"potions_floor_spawned":[3,7,8,11,21,23,31],"seed_played":"2432882086316972065","killed_by":"Collector","ascension_level":7,"potions_obtained":[{"floor":3,"key":"Block Potion"},{"floor":7,"key":"BloodPotion"},{"floor":8,"key":"FearPotion"},{"floor":21,"key":"SteroidPotion"},{"floor":23,"key":"FearPotion"},{"floor":31,"key":"SpeedPotion"}],"is_trial":false}