{"gold_per_floor":[110,110,123,137,87,117,117,134,187,202,202,234,234,251,251,350,350,369,64,64,64,84,118,118,145,196,196,222,322,29,47,47,144,144,155,210,310,323,334,362,362,362,362,362,390,402,414,67,67,67],"floor_reached":51,"playtime":3052,"items_purged":["Writhe"],"score":1152,"play_id":"133bc616-f801-49ed-a899-13ebddd81c24","local_time":"20181216140626","is_ascension_mode":true,"campfire_choices":[{"floor":7,"key":"REST"},{"data":"Neutralize","floor":11,"key":"SMITH"},{"data":"Masterful Stab","floor":15,"key":"SMITH"},{"floor":24,"key":"REST"},{"data":"Envenom","floor":27,"key":"SMITH"},{"data":"1","floor":32,"key":"LIFT"},{"floor":42,"key":"REST"},{"data":"Envenom","floor":44,"key":"SMITH"},{"data":"2","floor":49,"key":"LIFT"}],"neow_cost":"NONE","seed_source_timestamp":2556052983126746,"circlet_count":0,"master_deck":["Defend_G","Defend_G","Defend_G","Defend_G","Defend_G","Strike_G","Strike_G","Strike_G","Survivor","Neutralize+1","Masterful Stab+1","Predator+1","Quick Slash+1","Eviscerate+1","Flying Knee+1","Escape Plan","Dash+1","Neutralize+1","Purity","Sucker Punch+1","Unload+1","Dagger Throw+1","Necronomicurse","Acrobatics","Acrobatics","Envenom+1","Underhanded Strike+1","Underhanded Strike+1","Envenom+1","Predator+1","Dagger Throw+1","Predator+1","Acrobatics","Slice+1","Well Laid Plans+1","Malaise","Flying Knee+1","Backflip+1","Dash+1","Underhanded Strike+1","Tactician+1"],"relics":["Ring of the Snake","Molten Egg 2","Potion Belt","Ornamental Fan","Velvet Choker","Pen Nib","Vajra","Necronomicon","Nloth\u0027s Gift","Sundial","Art of War","Bag of Preparation","Anchor","Girya","Orrery","Gambling Chip","Shovel","Smiling Mask","Tough Bandages","Tingsha","MawBank","TheAbacus"],"potions_floor_usage":[4,28,28,33,33,39,40,50,50,50],"damage_taken":[{"damage":1,"enemies":"Cultist","floor":1,"turns":4},{"damage":0,"enemies":"Small Slimes","floor":3,"turns":3},{"damage":0,"enemies":"Jaw Worm","floor":4,"turns":3},{"damage":35,"enemies":"Lagavulin","floor":6,"turns":5},{"damage":13,"enemies":"Gremlin Gang","floor":8,"turns":4},{"damage":5,"enemies":"3 Louse","floor":10,"turns":2},{"damage":0,"enemies":"Gremlin Nob","floor":12,"turns":3},{"damage":0,"enemies":"Exordium Thugs","floor":14,"turns":3},{"damage":38,"enemies":"The Guardian","floor":16,"turns":11},{"damage":0,"enemies":"Spheric Guardian","floor":18,"turns":3},{"damage":0,"enemies":"3 Byrds","floor":22,"turns":4},{"damage":8,"enemies":"Book of Stabbing","floor":23,"turns":3},{"damage":1,"enemies":"Gremlin Leader","floor":25,"turns":4},{"damage":11,"enemies":"Slavers","floor":28,"turns":4},{"damage":0,"enemies":"Shelled Parasite and Fungi","floor":31,"turns":2},{"damage":9,"enemies":"Champ","floor":33,"turns":7},{"damage":0,"enemies":"Orb Walker","floor":35,"turns":2},{"damage":10,"enemies":"2 Orb Walkers","floor":36,"turns":3},{"damage":0,"enemies":"Mind Bloom Boss Battle","floor":37,"turns":4},{"damage":15,"enemies":"3 Darklings","floor":38,"turns":3},{"damage":16,"enemies":"Spire Growth","floor":39,"turns":3},{"damage":4,"enemies":"Giant Head","floor":40,"turns":6},{"damage":0,"enemies":"Nemesis","floor":45,"turns":3},{"damage":65,"enemies":"Awakened One","floor":50,"turns":9}],"seed_played":"-1631037516851239166","potions_obtained":[{"floor":1,"key":"Fruit Juice"},{"floor":8,"key":"Poison Potion"},{"floor":10,"key":"Dexterity Potion"},{"floor":14,"key":"SpeedPotion"},{"floor":18,"key":"SkillPotion"},{"floor":22,"key":"EssenceOfSteel"},{"floor":25,"key":"Explosive Potion"},{"floor":33,"key":"SkillPotion"},{"floor":36,"key":"Swift Potion"},{"floor":38,"key":"GamblersBrew"},{"floor":39,"key":"Weak Potion"}],"is_trial":false,"path_per_floor":["M","?","M","M","?","E","R","M","T","M","R","E","?","M","R","B",null,"M","$","?","?","M","E","R","E","T","R","E","?","$","M","R","B",null,"M","?","?","M","M","E","T","R","T","R","E","?","?","$","R","B",null],"character_chosen":"THE_SILENT","items_purchased":["Pen Nib","Vajra","Girya","Block Potion","Fire Potion","TheAbacus"],"campfire_rested":3,"item_purchase_floors":[19,19,30,48,48,48],"current_hp_per_floor":[69,69,69,74,74,39,63,50,50,45,45,45,45,45,45,7,63,63,63,47,47,47,39,63,62,62,62,51,51,51,51,51,42,72,72,62,62,47,31,27,27,51,51,51,51,51,72,72,72,7],"gold":67,"neow_bonus":"TEN_PERCENT_HP_BONUS","is_prod":false,"is_daily":false,"chose_seed":false,"campfire_upgraded":4,"win_rate":0,"timestamp":1544990786,"path_taken":["M","?","?","M","?","E","R","M","T","M","R","E","?","M","R","BOSS","M","$","?","?","?","E","R","E","T","R","E","?","?","M","R","BOSS","M","?","?","M","M","E","?","R","T","R","E","?","?","?","R","BOSS"],"build_version":"2018-12-13","purchased_purges":1,"victory":true,"max_hp_per_floor":[77,77,77,82,82,82,82,82,82,82,82,82,82,82,82,82,82,82,82,82,82,82,82,82,82,82,82,82,82,82,82,82,82,82,82,82,82,82,82,82,82,82,82,82,82,82,82,82,82,82],"card_choices":[{"not_picked":["Concentrate","Dodge and Roll"],"picked":"Masterful Stab","floor":1},{"not_picked":["Blur","Escape Plan"],"picked":"Predator+1","floor":3},{"not_picked":["Outmaneuver","Deflect"],"picked":"Quick Slash+1","floor":4},{"not_picked":["Calculated Gamble","Prepared"],"picked":"Eviscerate+1","floor":6},{"not_picked":["Sucker Punch+1","Cloak And Dagger"],"picked":"Flying Knee+1","floor":8},{"not_picked":["Distraction","Outmaneuver"],"picked":"Escape Plan","floor":10},{"not_picked":["Well Laid Plans","Dagger Throw+1"],"picked":"Dash+1","floor":12},{"not_picked":["Expertise","Deflect"],"picked":"Sucker Punch+1","floor":14},{"not_picked":["Burst","Wraith Form v2"],"picked":"Unload+1","floor":16},{"not_picked":["Blade Dance","Bane+1"],"picked":"Dagger Throw+1","floor":18},{"not_picked":["Tactician","Endless Agony+1"],"picked":"Acrobatics","floor":22},{"not_picked":["Dagger Spray+1","Dodge and Roll"],"picked":"Acrobatics","floor":23},{"not_picked":["Backflip","Dagger Spray+1"],"picked":"Envenom","floor":25},{"not_picked":["Venomology","Footwork"],"picked":"Underhanded Strike+1","floor":28},{"not_picked":["Outmaneuver","Deflect"],"picked":"Underhanded Strike+1","floor":31},{"not_picked":["Tools of the Trade","Wraith Form v2"],"picked":"Envenom","floor":33},{"not_picked":["Quick Slash+1","Caltrops+1"],"picked":"Predator+1","floor":34},{"not_picked":["Heel Hook+1","Deflect"],"picked":"Dagger Throw+1","floor":34},{"not_picked":["Deflect+1","Heel Hook+1"],"picked":"Predator+1","floor":34},{"not_picked":["Dagger Spray+1","Deflect"],"picked":"Acrobatics","floor":34},{"not_picked":["Bouncing Flask","Outmaneuver"],"picked":"Slice+1","floor":34},{"not_picked":["Crippling Poison","Deadly Poison+1"],"picked":"Well Laid Plans+1","floor":35},{"not_picked":["Deflect+1","Poisoned Stab+1"],"picked":"Malaise","floor":36},{"not_picked":["PiercingWail+1","Bouncing Flask"],"picked":"Flying Knee+1","floor":37},{"not_picked":["Dodge and Roll","Terror"],"picked":"Backflip+1","floor":38},{"not_picked":["Quick Slash+1","Bane+1"],"picked":"Dash+1","floor":39},{"not_picked":["Quick Slash+1","Dagger Throw+1"],"picked":"Underhanded Strike+1","floor":40},{"not_picked":["After Image","Calculated Gamble"],"picked":"Tactician+1","floor":45}],"player_experience":299415,"relics_obtained":[{"floor":2,"key":"Molten Egg 2"},{"floor":6,"key":"Juzu Bracelet"},{"floor":9,"key":"Potion Belt"},{"floor":12,"key":"Ornamental Fan"},{"floor":20,"key":"Necronomicon"},{"floor":23,"key":"Sundial"},{"floor":25,"key":"Art of War"},{"floor":26,"key":"Bag of Preparation"},{"floor":28,"key":"Anchor"},{"floor":36,"key":"Gambling Chip"},{"floor":37,"key":"Shovel"},{"floor":40,"key":"Smiling Mask"},{"floor":41,"key":"Tough Bandages"},{"floor":43,"key":"Tingsha"},{"floor":45,"key":"MawBank"}],"event_choices":[{"damage_healed":0,"gold_gain":0,"player_choice":"Relic","damage_taken":0,"max_hp_gain":0,"max_hp_loss":0,"event_name":"Wheel of Change","floor":2,"gold_loss":0},{"cards_removed":["Strike_G"],"damage_healed":0,"gold_gain":0,"player_choice":"Card Removal","damage_taken":0,"max_hp_gain":0,"max_hp_loss":0,"event_name":"The Cleric","floor":5,"gold_loss":50},{"damage_healed":0,"gold_gain":0,"player_choice":"2 cards matched","damage_taken":0,"max_hp_gain":0,"max_hp_loss":0,"event_name":"Match and Keep!","floor":13,"gold_loss":0,"cards_obtained":["Neutralize","Purity"]},{"damage_healed":0,"gold_gain":0,"player_choice":"Obtained Book","damage_taken":16,"max_hp_gain":0,"max_hp_loss":0,"event_name":"Cursed Tome","floor":20,"gold_loss":0},{"damage_healed":0,"gold_gain":0,"player_choice":"Traded Relic","damage_taken":0,"relics_obtained":["Nloth\u0027s Gift"],"max_hp_gain":0,"max_hp_loss":0,"event_name":"N\u0027loth","floor":21,"relics_lost":["Juzu Bracelet"],"gold_loss":0},{"damage_healed":0,"gold_gain":100,"player_choice":"Pray","damage_taken":0,"max_hp_gain":0,"max_hp_loss":0,"event_name":"Golden Shrine","floor":29,"gold_loss":0},{"damage_healed":0,"gold_gain":0,"player_choice":"Fight","damage_taken":0,"max_hp_gain":0,"max_hp_loss":0,"event_name":"Mysterious Sphere","floor":36,"gold_loss":0},{"damage_healed":0,"gold_gain":0,"player_choice":"Fight","damage_taken":0,"max_hp_gain":0,"max_hp_loss":0,"event_name":"MindBloom","floor":37,"gold_loss":0},{"cards_removed":["Strike_G"],"damage_healed":0,"gold_gain":0,"player_choice":"Removed Attack","damage_taken":0,"max_hp_gain":0,"max_hp_loss":0,"event_name":"Falling","floor":46,"gold_loss":0},{"damage_healed":21,"gold_gain":0,"player_choice":"Writhe","damage_taken":0,"max_hp_gain":0,"max_hp_loss":0,"event_name":"Winding Halls","floor":47,"gold_loss":0,"cards_obtained":["Writhe"]}],"is_beta":false,"boss_relics":[{"not_picked":["Ectoplasm","Runic Dome"],"picked":"Velvet Choker"},{"not_picked":["Runic Pyramid","Calling Bell"],"picked":"Orrery"}],"items_purged_floors":[48],"is_endless":false,"potions_floor_spawned":[1,8,10,14,18,22,25,33,36,38,39],"ascension_level":8}