{"gold_per_floor":[115,134,309,309,80,80,94,126,126,137,137,34,34,34,34,34],"floor_reached":16,"playtime":531,"items_purged":["Regret"],"score":157,"play_id":"678fd208-ae02-46ae-97e3-ac62ae51c3ee","local_time":"20180924161905","is_ascension_mode":true,"campfire_choices":[{"data":"Whirlwind","floor":6,"key":"SMITH"},{"floor":11,"key":"REST"},{"data":"Uppercut","floor":13,"key":"SMITH"},{"data":"Hemokinesis","floor":15,"key":"SMITH"}],"neow_cost":"CURSE","seed_source_timestamp":895364996472300,"circlet_count":0,"master_deck":["Strike_R","Strike_R","Strike_R","Strike_R","Strike_R","Defend_R","Defend_R","Defend_R","Defend_R","Bash","AscendersBane","Whirlwind+1","Perfected Strike","Intimidate","Hemokinesis+1","Warcry","Iron Wave","Uppercut+1","Warcry","Intimidate","Inflame"],"relics":["Burning Blood","StoneCalendar","Prayer Wheel","Magic Flower"],"potions_floor_usage":[16],"damage_taken":[{"damage":10,"enemies":"2 Louse","floor":1,"turns":4},{"damage":14,"enemies":"Cultist","floor":2,"turns":4},{"damage":17,"enemies":"Small Slimes","floor":7,"turns":4},{"damage":23,"enemies":"Gremlin Nob","floor":8,"turns":4},{"damage":11,"enemies":"3 Louse","floor":10,"turns":2},{"damage":48,"enemies":"The Guardian","floor":16,"turns":9}],"seed_played":"7298132914876520023","potions_obtained":[{"floor":10,"key":"GamblersBrew"}],"is_trial":false,"path_per_floor":["M","M","?","?","$","R","M","E","T","M","R","$","R","?","R"],"character_chosen":"IRONCLAD","items_purchased":["Intimidate","Hemokinesis","Intimidate","Inflame"],"campfire_rested":1,"item_purchase_floors":[5,5,12,12],"current_hp_per_floor":[68,60,60,60,60,60,49,32,32,30,54,54,54,47,47,0],"gold":34,"neow_bonus":"ONE_RARE_RELIC","is_prod":false,"is_daily":false,"chose_seed":false,"campfire_upgraded":3,"win_rate":0,"timestamp":1537831145,"path_taken":["M","M","?","?","$","R","M","E","T","M","R","$","R","?","R","BOSS"],"build_version":"2018-09-20","purchased_purges":1,"victory":false,"max_hp_per_floor":[80,80,80,80,80,80,80,80,80,80,80,80,80,80,80,80],"card_choices":[{"not_picked":["Headbutt","Pommel Strike"],"picked":"Whirlwind","floor":1},{"not_picked":["Clash","Reckless Charge"],"picked":"Perfected Strike","floor":2},{"not_picked":["Pommel Strike","Entrench"],"picked":"Warcry","floor":7},{"not_picked":["Seeing Red","Dropkick"],"picked":"Iron Wave","floor":8},{"not_picked":["Metallicize","Sever Soul"],"picked":"Uppercut","floor":10},{"not_picked":["Warcry","Wild Strike","Thunderclap"],"picked":"SKIP","floor":10},{"not_picked":["Wild Strike","Thunderclap"],"picked":"Warcry","floor":10}],"player_experience":1075083,"relics_obtained":[{"floor":8,"key":"Prayer Wheel"},{"floor":9,"key":"Magic Flower"}],"event_choices":[{"event_name":"Liars Game","player_choice":"agreed","floor":3,"damage_taken":0},{"event_name":"Match and Keep!","player_choice":"0 cards matched","floor":4,"damage_taken":0},{"event_name":"Golden Wing","player_choice":"Card Removal","floor":14,"damage_taken":0}],"is_beta":false,"boss_relics":[],"items_purged_floors":[5],"is_endless":false,"potions_floor_spawned":[10],"killed_by":"The Guardian","ascension_level":12}