{"path_per_floor":["M","?","?","M","M","E","R","E","T","R","M","E","M","?","R","B",null,"M","?","?","M","M","R"],"character_chosen":"DEFECT","items_purchased":[],"gold_per_floor":[216,216,216,233,251,279,279,313,313,313,323,349,364,329,329,426,426,437,437,437,455,472,472,472],"floor_reached":24,"campfire_rested":1,"playtime":968,"current_hp_per_floor":[69,69,54,47,47,32,32,18,18,18,6,4,4,22,22,31,75,55,55,55,38,7,29,0],"items_purged":[],"gold":472,"score":216,"play_id":"49c7f995-fc2d-45a7-b9d1-67db1d2eec6a","local_time":"20180428132605","is_prod":false,"is_daily":false,"chose_seed":false,"is_ascension_mode":false,"campfire_upgraded":3,"timestamp":1524939965,"path_taken":["M","?","?","M","?","E","R","E","T","R","M","E","M","?","R","BOSS","M","?","?","M","M","R","E"],"build_version":"2018-04-27v3","seed_source_timestamp":310736470543352,"purchased_purges":0,"victory":false,"master_deck":["Strike_B","Strike_B","Defend_B","Defend_B","Defend_B+1","Defend_B+1","Zap+1","Dualcast","Barrage","Ball Lightning","Scrape+1","Defragment+1","Genetic Algorithm","Leap","Thunder Strike+1","Ball Lightning","Redo","Barrage","Sweeping Beam","Aggregate","Flux Capacitor"],"max_hp_per_floor":[75,75,75,75,75,75,75,75,75,75,75,75,75,75,75,75,75,75,75,75,75,75,75,75],"relics":["Cracked Core","Calipers","Bottled Tornado","Pantograph","Ornamental Fan","Inserter"],"card_choices":[{"not_picked":["Axe Kick","Heatsinks"],"picked":"Barrage","floor":1},{"not_picked":["Axe Kick","Skim"],"picked":"Ball Lightning","floor":4},{"not_picked":["Melter","Reprogram"],"picked":"Scrape","floor":5},{"not_picked":["Conserve Battery","Cold Snap"],"picked":"Defragment","floor":6},{"not_picked":["Cold Snap","Go for the Eyes"],"picked":"Genetic Algorithm","floor":8},{"not_picked":["Blizzard","Impulse"],"picked":"Leap","floor":11},{"not_picked":["Aggregate","Go for the Eyes"],"picked":"Thunder Strike","floor":12},{"not_picked":["Capacitor","Streamline"],"picked":"Ball Lightning","floor":13},{"not_picked":["Multi-Cast","Thunder Strike"],"picked":"Redo","floor":16},{"not_picked":["Doom and Gloom","Hologram"],"picked":"Barrage","floor":18},{"not_picked":["Hologram","Skim"],"picked":"Aggregate","floor":21},{"not_picked":["Double Energy","Skim"],"picked":"Flux Capacitor","floor":22}],"player_experience":192855,"potions_floor_usage":[12,12,13],"damage_taken":[{"damage":6,"enemies":"Jaw Worm","floor":1,"turns":4},{"damage":7,"enemies":"2 Louse","floor":4,"turns":2},{"damage":0,"enemies":"Cultist","floor":5,"turns":2},{"damage":15,"enemies":"Gremlin Nob","floor":6,"turns":4},{"damage":14,"enemies":"3 Sentries","floor":8,"turns":5},{"damage":12,"enemies":"2 Fungi Beasts","floor":11,"turns":3},{"damage":2,"enemies":"Gremlin Nob","floor":12,"turns":4},{"damage":0,"enemies":"3 Louse","floor":13,"turns":3},{"damage":16,"enemies":"Hexaghost","floor":16,"turns":8},{"damage":20,"enemies":"2 Thieves","floor":18,"turns":4},{"damage":17,"enemies":"3 Byrds","floor":21,"turns":4},{"damage":31,"enemies":"3 Cultists","floor":22,"turns":5},{"damage":34,"enemies":"Slavers","floor":24,"turns":2}],"event_choices":[{"event_name":"Living Wall","player_choice":"Grow","floor":2,"damage_taken":0},{"event_name":"Shining Light","player_choice":"Entered Light","floor":3,"damage_taken":0},{"event_name":"The Cleric","player_choice":"Healed","floor":14,"damage_taken":0},{"event_name":"Transmorgrifier","player_choice":"Transform","floor":19,"damage_taken":0},{"event_name":"Purifier","player_choice":"One Purge","floor":20,"damage_taken":0}],"boss_relics":[{"not_picked":["Runic Pyramid","Nuclear Battery"],"picked":"Inserter"}],"potions_floor_spawned":[4,6,12,13,16,22],"seed_played":"-8797711522771744763","killed_by":"Slavers","ascension_level":0,"is_trial":false}