{"gold_per_floor":[110,125,139,239,251,251,278,278,327,357,357,357,357],"floor_reached":13,"playtime":1492,"items_purged":[],"score":140,"play_id":"789ff1cf-6d7d-46c6-b36b-7b396f5db00c","local_time":"20190116163754","is_ascension_mode":true,"campfire_choices":[{"data":"Consume","floor":6,"key":"SMITH"},{"floor":8,"key":"REST"},{"floor":12,"key":"REST"}],"neow_cost":"NONE","seed_source_timestamp":150831179636178,"circlet_count":0,"master_deck":["AscendersBane","Strike_B","Strike_B","Strike_B","Strike_B","Defend_B","Defend_B","Defend_B","Defend_B","Zap","Dualcast","Sweeping Beam","Auto Shields","Glacier","Consume+1","Conserve Battery","Sweeping Beam"],"relics":["Cracked Core","Bottled Flame","Centennial Puzzle","Orichalcum"],"potions_floor_usage":[10,10],"damage_taken":[{"damage":1,"enemies":"Cultist","floor":1,"turns":4},{"damage":12,"enemies":"Small Slimes","floor":2,"turns":3},{"damage":5,"enemies":"2 Louse","floor":3,"turns":3},{"damage":1,"enemies":"Exordium Wildlife","floor":5,"turns":4},{"damage":45,"enemies":"Gremlin Nob","floor":7,"turns":7},{"damage":23,"enemies":"3 Sentries","floor":10,"turns":5},{"damage":49,"enemies":"Gremlin Nob","floor":13,"turns":7}],"seed_played":"-9119472670855616512","potions_obtained":[{"floor":2,"key":"LiquidBronze"},{"floor":3,"key":"SpeedPotion"},{"floor":7,"key":"Strength Potion"}],"is_trial":false,"path_per_floor":["M","M","M","?","M","R","E","R","T","E","?","R","E"],"character_chosen":"DEFECT","items_purchased":[],"campfire_rested":2,"item_purchase_floors":[],"current_hp_per_floor":[74,62,57,57,56,56,11,35,35,12,12,36,0],"gold":357,"neow_bonus":"TEN_PERCENT_HP_BONUS","is_prod":false,"is_daily":false,"chose_seed":false,"campfire_upgraded":1,"win_rate":0,"timestamp":1547674674,"path_taken":["M","M","M","?","?","R","E","R","T","E","?","R","E"],"build_version":"2019-01-10","purchased_purges":0,"victory":false,"max_hp_per_floor":[82,82,82,82,82,82,82,82,82,82,82,82,82],"card_choices":[{"not_picked":["Barrage","Compile Driver"],"picked":"Sweeping Beam","floor":1},{"not_picked":["Go for the Eyes","Stack"],"picked":"Auto Shields","floor":2},{"not_picked":["Tempest","FTL"],"picked":"Glacier","floor":3},{"not_picked":["Barrage","Blizzard"],"picked":"Consume","floor":5},{"not_picked":["Tempest","Biased Cognition"],"picked":"Conserve Battery","floor":7},{"not_picked":["Coolheaded","Gash"],"picked":"Sweeping Beam","floor":10}],"player_experience":501332,"relics_obtained":[{"floor":7,"key":"Bottled Flame"},{"floor":9,"key":"Centennial Puzzle"},{"floor":10,"key":"Orichalcum"}],"event_choices":[{"damage_healed":0,"gold_gain":100,"player_choice":"Pray","damage_taken":0,"max_hp_gain":0,"max_hp_loss":0,"event_name":"Golden Shrine","floor":4,"gold_loss":0},{"damage_healed":0,"gold_gain":0,"player_choice":"Searched \u00270\u0027 times","damage_taken":0,"max_hp_gain":0,"max_hp_loss":0,"event_name":"Dead Adventurer","floor":11,"gold_loss":0}],"is_beta":false,"boss_relics":[],"items_purged_floors":[],"is_endless":false,"potions_floor_spawned":[2,3,7],"killed_by":"Gremlin Nob","ascension_level":10}