{"gold_per_floor":[117,130,150,150,170,170,170,170,170,170,180,196,213,247,247,348,348,366,386,414,262,262,262,296,296,296,330,92,92,92,124,124,224,224,239,461,256,276,324,324,324,324,324,358,27,42,42,71,71,71],"floor_reached":51,"playtime":1548,"items_purged":["Strike_B","Strike_B","Defend_B"],"score":924,"play_id":"cf9e3dc4-05c9-45f5-8feb-0aa51dc32e7f","local_time":"20190110221356","is_ascension_mode":true,"campfire_choices":[{"data":"Storm","floor":6,"key":"SMITH"},{"data":"Zap","floor":8,"key":"SMITH"},{"data":"Dualcast","floor":10,"key":"SMITH"},{"floor":15,"key":"REST"},{"data":"Heatsinks","floor":23,"key":"SMITH"},{"data":"Loop","floor":25,"key":"SMITH"},{"data":"Storm","floor":29,"key":"SMITH"},{"data":"Capacitor","floor":32,"key":"SMITH"},{"data":"Creative AI","floor":40,"key":"SMITH"},{"data":"Coolheaded","floor":42,"key":"SMITH"},{"data":"Capacitor","floor":47,"key":"SMITH"},{"floor":49,"key":"REST"}],"neow_cost":"NONE","seed_source_timestamp":164968453373938,"circlet_count":0,"master_deck":["Defend_B","Defend_B","Defend_B","Zap+1","Dualcast+1","Conserve Battery","Ball Lightning+1","Storm+1","Capacitor+1","Thunder Strike+1","Biased Cognition","Loop+1","Capacitor+1","Static Discharge+1","Heatsinks+1","Redo+1","Storm+1","Biased Cognition","Coolheaded+1","Hologram+1","Coolheaded+1","Force Field","Loop","Creative AI+1","Static Discharge+1","Loop"],"relics":["Cracked Core","NeowsBlessing","Dodecahedron","Mercury Hourglass","Mummified Hand","Empty Cage","Red Mask","Bronze Scales","Pear","Omamori","Boot","Orrery","WingedGreaves","Ginger","Whetstone","Bottled Tornado","Bag of Marbles"],"potions_floor_usage":[13,16,16,19,24,27,27,31,31,33,39,50,50,50],"damage_taken":[{"damage":0,"enemies":"Cultist","floor":1,"turns":1},{"damage":0,"enemies":"Small Slimes","floor":2,"turns":1},{"damage":0,"enemies":"2 Louse","floor":3,"turns":1},{"damage":3,"enemies":"Exordium Wildlife","floor":5,"turns":3},{"damage":7,"enemies":"Large Slime","floor":11,"turns":4},{"damage":7,"enemies":"Exordium Thugs","floor":12,"turns":3},{"damage":9,"enemies":"Red Slaver","floor":13,"turns":3},{"damage":14,"enemies":"3 Sentries","floor":14,"turns":6},{"damage":26,"enemies":"The Guardian","floor":16,"turns":7},{"damage":0,"enemies":"Spheric Guardian","floor":18,"turns":3},{"damage":2,"enemies":"3 Byrds","floor":19,"turns":2},{"damage":26,"enemies":"Masked Bandits","floor":20,"turns":3},{"damage":0,"enemies":"Gremlin Leader","floor":24,"turns":3},{"damage":9,"enemies":"Book of Stabbing","floor":27,"turns":3},{"damage":0,"enemies":"Gremlin Leader","floor":31,"turns":2},{"damage":9,"enemies":"Automaton","floor":33,"turns":4},{"damage":2,"enemies":"Orb Walker","floor":35,"turns":2},{"damage":0,"enemies":"3 Shapes","floor":38,"turns":3},{"damage":9,"enemies":"2 Orb Walkers","floor":39,"turns":2},{"damage":0,"enemies":"Giant Head","floor":44,"turns":4},{"damage":0,"enemies":"Spire Growth","floor":46,"turns":1},{"damage":0,"enemies":"Nemesis","floor":48,"turns":1},{"damage":9,"enemies":"Awakened One","floor":50,"turns":4}],"seed_played":"1162335076855782366","potions_obtained":[{"floor":2,"key":"Poison Potion"},{"floor":12,"key":"Swift Potion"},{"floor":13,"key":"FocusPotion"},{"floor":16,"key":"LiquidBronze"},{"floor":19,"key":"Strength Potion"},{"floor":20,"key":"Swift Potion"},{"floor":24,"key":"Poison Potion"},{"floor":27,"key":"Swift Potion"},{"floor":31,"key":"Explosive Potion"},{"floor":35,"key":"AttackPotion"},{"floor":41,"key":"LiquidBronze"},{"floor":41,"key":"EssenceOfSteel"},{"floor":41,"key":"SteroidPotion"}],"is_trial":false,"path_per_floor":["M","M","M","?","M","R","?","R","T","R","M","M","M","E","R","B",null,"M","M","?","$","?","R","E","R","T","E","$","R","?","E","R","B",null,"M","?","$","M","?","R","?","R","T","E","$","M","R","E","R","B",null],"character_chosen":"DEFECT","items_purchased":["Heatsinks","Storm","Fruit Juice","Loop","Bottled Tornado","Loop"],"campfire_rested":2,"item_purchase_floors":[21,28,28,37,45,45],"current_hp_per_floor":[75,75,75,68,65,65,65,65,65,65,58,51,42,28,50,24,75,75,73,47,47,33,33,33,33,43,34,34,34,34,39,39,30,95,93,93,93,93,84,84,84,84,84,84,84,84,84,84,95,86],"gold":71,"neow_bonus":"THREE_ENEMY_KILL","is_prod":false,"is_daily":false,"chose_seed":false,"campfire_upgraded":10,"win_rate":0,"timestamp":1547118836,"path_taken":["M","M","M","?","M","R","?","R","T","R","M","M","M","E","R","BOSS","M","M","?","$","?","R","E","R","T","E","$","R","?","E","R","BOSS","M","?","$","M","?","R","?","R","T","E","$","?","R","E","R","BOSS"],"build_version":"2018-11-15","purchased_purges":3,"victory":true,"max_hp_per_floor":[75,75,75,75,75,75,75,75,75,75,75,75,75,75,75,75,75,75,75,75,75,80,80,80,80,90,90,90,90,90,95,95,95,95,95,95,95,95,95,95,95,95,95,95,95,95,95,95,95,95],"card_choices":[{"not_picked":["Stack","Double Energy"],"picked":"Conserve Battery","floor":1},{"not_picked":["Auto Shields","Rip and Tear","Streamline"],"picked":"SKIP","floor":2},{"not_picked":["Compile Driver","Stack"],"picked":"Ball Lightning","floor":3},{"not_picked":["Conserve Battery","Loop"],"picked":"Storm","floor":5},{"not_picked":["Lockon","Go for the Eyes","Hyperbeam"],"picked":"SKIP","floor":11},{"not_picked":["Cold Snap","Doom and Gloom","Hologram"],"picked":"SKIP","floor":12},{"not_picked":["Go for the Eyes","Beam Cell"],"picked":"Capacitor","floor":13},{"not_picked":["Hyperbeam","Sunder"],"picked":"Thunder Strike","floor":14},{"not_picked":["Hyperbeam","Meteor Strike"],"picked":"Biased Cognition","floor":16},{"not_picked":["Gash+1","Static Discharge"],"picked":"Loop","floor":18},{"not_picked":["Blizzard+1","Cold Snap+1"],"picked":"Capacitor","floor":19},{"not_picked":["Go for the Eyes+1","Gash"],"picked":"Static Discharge","floor":20},{"not_picked":["Doom and Gloom","Tempest"],"picked":"Redo+1","floor":24},{"not_picked":["Darkness+1","Recycle","Hologram"],"picked":"SKIP","floor":27},{"not_picked":["Darkness","Core Surge","Conserve Battery"],"picked":"SKIP","floor":31},{"not_picked":["Thunder Strike","Buffer"],"picked":"Biased Cognition","floor":33},{"not_picked":["Cold Snap","Gash"],"picked":"Coolheaded","floor":34},{"not_picked":["FTL","Reinforced Body"],"picked":"Hologram+1","floor":34},{"not_picked":["Glacier","Gash"],"picked":"Coolheaded+1","floor":34},{"not_picked":["Gash","Compile Driver"],"picked":"Force Field","floor":35},{"not_picked":["Skim+1","Barrage","BootSequence"],"picked":"SKIP","floor":38},{"not_picked":["Rebound","Compile Driver"],"picked":"Creative AI","floor":39},{"not_picked":["Cold Snap","Melter+1"],"picked":"Static Discharge+1","floor":44},{"not_picked":["Steam","Gash+1","Sweeping Beam"],"picked":"SKIP","floor":46},{"not_picked":["Fission","Chill","Go for the Eyes"],"picked":"SKIP","floor":48}],"player_experience":1073843,"relics_obtained":[{"floor":9,"key":"Mercury Hourglass"},{"floor":14,"key":"Mummified Hand"},{"floor":20,"key":"Red Mask"},{"floor":24,"key":"Bronze Scales"},{"floor":26,"key":"Pear"},{"floor":27,"key":"Omamori"},{"floor":31,"key":"Boot"},{"floor":39,"key":"WingedGreaves"},{"floor":43,"key":"Ginger"},{"floor":44,"key":"Whetstone"},{"floor":48,"key":"Bag of Marbles"}],"event_choices":[{"cards_removed":["Strike_B"],"damage_healed":0,"gold_gain":0,"player_choice":"Card Removal","damage_taken":7,"max_hp_gain":0,"max_hp_loss":0,"event_name":"Golden Wing","floor":4,"gold_loss":0},{"damage_healed":0,"gold_gain":0,"player_choice":"Box","damage_taken":0,"relics_obtained":["Dodecahedron"],"max_hp_gain":0,"max_hp_loss":0,"event_name":"Big Fish","floor":7,"gold_loss":0,"cards_obtained":["Regret"]},{"damage_healed":0,"gold_gain":0,"player_choice":"Fought Bandits","damage_taken":0,"max_hp_gain":0,"max_hp_loss":0,"event_name":"Masked Bandits","floor":20,"gold_loss":0},{"damage_healed":0,"gold_gain":0,"player_choice":"Shed Blood","damage_taken":19,"max_hp_gain":5,"max_hp_loss":0,"event_name":"Forgotten Altar","floor":22,"gold_loss":0},{"damage_healed":0,"gold_gain":0,"player_choice":"Forge","damage_taken":0,"max_hp_gain":0,"max_hp_loss":0,"event_name":"Accursed Blacksmith","floor":30,"gold_loss":0,"cards_upgraded":["Static Discharge"]},{"damage_healed":0,"gold_gain":222,"player_choice":"Wore Mask","damage_taken":0,"max_hp_gain":0,"max_hp_loss":0,"event_name":"Tomb of Lord Red Mask","floor":36,"gold_loss":0},{"damage_healed":0,"gold_gain":0,"player_choice":"Fight","damage_taken":0,"max_hp_gain":0,"max_hp_loss":0,"event_name":"Mysterious Sphere","floor":39,"gold_loss":0},{"damage_healed":0,"gold_gain":0,"player_choice":"Got Potions","damage_taken":0,"max_hp_gain":0,"max_hp_loss":0,"event_name":"Lab","floor":41,"gold_loss":0}],"is_beta":true,"boss_relics":[{"not_picked":["Runic Dome","Nuclear Battery"],"picked":"Empty Cage"},{"not_picked":["Lizard Tail","Eternal Feather"],"picked":"Orrery"}],"items_purged_floors":[21,28,37],"is_endless":false,"potions_floor_spawned":[2,12,13,16,19,20,24,27,31,35,46],"ascension_level":1}