{"path_per_floor":["M","?","?","?","M","R","T","M","T","$","M","M","E","M","R","B",null,"M","?","?","M","?","M","R","$","T","?","M","E","M","M","R","B",null,"M","M","$","M"],"character_chosen":"IRONCLAD","items_purchased":["Rampage","Thunderclap","Inflame","Secret Weapon"],"gold_per_floor":[114,114,114,114,133,133,133,148,148,66,83,100,127,142,142,238,238,254,254,179,194,194,207,207,81,81,81,92,123,139,149,149,252,252,262,281,21,34,34],"floor_reached":39,"campfire_rested":1,"playtime":1543,"current_hp_per_floor":[72,72,72,69,66,66,66,67,67,67,60,66,60,57,57,21,65,59,43,43,49,75,65,65,65,65,50,52,26,27,21,46,28,71,50,45,45,15,0],"items_purged":["Defend_R"],"gold":34,"score":602,"play_id":"7df025a6-1d89-4f4e-99a6-f3946401be8f","local_time":"20180421215434","is_prod":false,"is_daily":false,"chose_seed":false,"is_ascension_mode":true,"campfire_upgraded":3,"timestamp":1524365674,"path_taken":["M","?","?","?","M","R","?","M","T","$","M","?","E","M","R","BOSS","M","?","?","?","?","M","R","$","T","?","M","E","M","M","R","BOSS","M","M","$","?","M"],"build_version":"2018-04-19","seed_source_timestamp":2338394216570279,"purchased_purges":1,"victory":false,"master_deck":["Strike_R+1","Strike_R+1","Strike_R","Strike_R","Defend_R","Defend_R","Bash","Bloodletting","Perfected Strike+1","Clash+1","Rampage+1","Twin Strike+1","Wild Strike+1","Dropkick+1","Rage","Reaper+1","Heavy Blade+1","Clash+1","Twin Strike+1","Whirlwind+1","Wild Strike+1","Searing Blow+3","Heavy Blade+1","Wild Strike+1","Thunderclap+1","Inflame","Twin Strike+1","Feed+1","Inflame+1","Wild Strike+1","Feed+1","Uppercut+1","Iron Wave+1","Secret Weapon","Twin Strike+1"],"max_hp_per_floor":[80,80,80,80,80,80,80,80,80,80,80,80,80,80,80,80,80,80,80,80,80,80,80,80,80,80,85,85,85,85,85,85,85,85,89,89,89,89,89],"relics":["Burning Blood","Whetstone","Lantern","Molten Egg 2","Vajra","Letter Opener","Orrery","Nilry\u0027s Codex","Matryoshka","Frozen Egg 2","Mark of Pain"],"card_choices":[{"not_picked":["True Grit","Sword Boomerang"],"picked":"Bloodletting","floor":1},{"not_picked":["Bloodletting","Havoc"],"picked":"Perfected Strike","floor":5},{"not_picked":["Headbutt","True Grit"],"picked":"Clash","floor":8},{"not_picked":["Armaments","Wild Strike"],"picked":"Twin Strike","floor":11},{"not_picked":["Clothesline","Reckless Charge"],"picked":"Wild Strike","floor":12},{"not_picked":["Battle Trance","Body Slam"],"picked":"Dropkick","floor":13},{"not_picked":["Second Wind","Havoc"],"picked":"Rage","floor":14},{"not_picked":["Demon Form","Immolate"],"picked":"Reaper","floor":16},{"not_picked":["Cleave","Ghostly Armor"],"picked":"Heavy Blade","floor":17},{"not_picked":["Cleave","Wild Strike"],"picked":"Clash","floor":17},{"not_picked":["Havoc","Wild Strike"],"picked":"Twin Strike","floor":17},{"not_picked":["Flex","Seeing Red"],"picked":"Whirlwind","floor":17},{"not_picked":["Pummel","Iron Wave"],"picked":"Wild Strike","floor":17},{"not_picked":["Armaments","Bludgeon"],"picked":"Searing Blow","floor":18},{"not_picked":["Wild Strike","Flex"],"picked":"Heavy Blade","floor":21},{"not_picked":["Combust","Pummel"],"picked":"Wild Strike","floor":23},{"not_picked":["Flex","Anger"],"picked":"Twin Strike","floor":28},{"not_picked":["Uppercut","Cleave"],"picked":"Feed","floor":29},{"not_picked":["Havoc","Heavy Blade"],"picked":"Inflame","floor":30},{"not_picked":["Hemokinesis","Headbutt"],"picked":"Wild Strike","floor":31},{"not_picked":["Limit Break","Demon Form"],"picked":"Feed","floor":33},{"not_picked":["Shrug It Off","Rupture"],"picked":"Uppercut","floor":35},{"not_picked":["Armaments","True Grit"],"picked":"Iron Wave","floor":36},{"not_picked":["Heavy Blade","Flex"],"picked":"Twin Strike","floor":38}],"player_experience":184828,"potions_floor_usage":[16,29,29,33,33,38,39],"damage_taken":[{"damage":6,"enemies":"Small Slimes","floor":1,"turns":3},{"damage":9,"enemies":"Cultist","floor":5,"turns":3},{"damage":5,"enemies":"Jaw Worm","floor":8,"turns":2},{"damage":13,"enemies":"Exordium Wildlife","floor":11,"turns":2},{"damage":0,"enemies":"2 Fungi Beasts","floor":12,"turns":2},{"damage":12,"enemies":"3 Sentries","floor":13,"turns":4},{"damage":9,"enemies":"Looter","floor":14,"turns":2},{"damage":42,"enemies":"The Guardian","floor":16,"turns":5},{"damage":20,"enemies":"3 Byrds","floor":18,"turns":4},{"damage":0,"enemies":"Chosen","floor":21,"turns":3},{"damage":21,"enemies":"Snecko","floor":23,"turns":4},{"damage":8,"enemies":"Cultist and Chosen","floor":28,"turns":5},{"damage":38,"enemies":"Book of Stabbing","floor":29,"turns":4},{"damage":7,"enemies":"3 Cultists","floor":30,"turns":4},{"damage":21,"enemies":"Snake Plant","floor":31,"turns":3},{"damage":24,"enemies":"Collector","floor":33,"turns":6},{"damage":31,"enemies":"3 Darklings","floor":35,"turns":4},{"damage":11,"enemies":"Orb Walker","floor":36,"turns":2},{"damage":36,"enemies":"Maw","floor":38,"turns":5},{"damage":22,"enemies":"3 Darklings","floor":39,"turns":2}],"event_choices":[{"event_name":"Transmorgrifier","player_choice":"Transform","floor":2,"damage_taken":0},{"event_name":"Purifier","player_choice":"One Purge","floor":3,"damage_taken":0},{"event_name":"Scrap Ooze","player_choice":"success","floor":4,"damage_taken":3},{"event_name":"Cursed Tome","player_choice":"Obtained Book","floor":19,"damage_taken":0},{"event_name":"Beggar","player_choice":"Gave Gold","floor":20,"damage_taken":0},{"event_name":"The Library","player_choice":"Heal","floor":22,"damage_taken":0},{"event_name":"Forgotten Altar","player_choice":"Shed Blood","floor":27,"damage_taken":0}],"boss_relics":[{"not_picked":["Ectoplasm","Calling Bell"],"picked":"Orrery"},{"not_picked":["Sozu","Lizard Tail"],"picked":"Mark of Pain"}],"potions_floor_spawned":[8,13,16,29,31,33,36],"seed_played":"-2477685015317982175","killed_by":"3 Darklings","ascension_level":6,"is_trial":false}