{"gold_per_floor":[116,129,147,147,160,160,173,173,173,200,200,211,231,242,242,319,369,349,349,134,134,134,134,146,146,146,146,162,62,62,75,75,75],"floor_reached":33,"playtime":1295,"items_purged":["Defend_R","Writhe"],"score":418,"play_id":"08cc7ba5-a4ce-4c17-b6b4-bf6bd9335df9","local_time":"20180923175458","is_ascension_mode":true,"campfire_choices":[{"data":"True Grit","floor":6,"key":"SMITH"},{"data":"Bash","floor":8,"key":"SMITH"},{"data":"Perfected Strike","floor":15,"key":"SMITH"},{"data":"Evolve","floor":23,"key":"SMITH"},{"data":"Havoc","floor":25,"key":"SMITH"},{"data":"Clothesline","floor":32,"key":"SMITH"}],"neow_cost":"","seed_source_timestamp":90258143390642,"circlet_count":0,"master_deck":["Strike_R","Strike_R","Strike_R","Strike_R+1","Defend_R","Defend_R","Bash+1","AscendersBane","True Grit+1","Armaments+1","Power Through","Impervious","Intimidate","Perfected Strike+1","Havoc+1","Reaper","Clothesline+1","Spot Weakness","Evolve+1","Power Through","Shrug It Off","Juggernaut"],"relics":["Burning Blood","Shuriken","Blood Vial","Tiny House","Darkstone Periapt","MutagenicStrength","Magic Flower"],"potions_floor_usage":[16,16,33],"damage_taken":[{"damage":6,"enemies":"Cultist","floor":1,"turns":4},{"damage":11,"enemies":"2 Louse","floor":2,"turns":3},{"damage":4,"enemies":"Jaw Worm","floor":3,"turns":5},{"damage":2,"enemies":"2 Fungi Beasts","floor":5,"turns":6},{"damage":0,"enemies":"Blue Slaver","floor":7,"turns":5},{"damage":4,"enemies":"Exordium Wildlife","floor":12,"turns":6},{"damage":4,"enemies":"Red Slaver","floor":13,"turns":5},{"damage":4,"enemies":"2 Fungi Beasts","floor":14,"turns":4},{"damage":57,"enemies":"Slime Boss","floor":16,"turns":15},{"damage":19,"enemies":"2 Thieves","floor":18,"turns":4},{"damage":3,"enemies":"Chosen","floor":24,"turns":8},{"damage":27,"enemies":"Colosseum Slavers","floor":27,"turns":10},{"damage":33,"enemies":"Centurion and Healer","floor":28,"turns":14},{"damage":9,"enemies":"Snecko","floor":31,"turns":5},{"damage":97,"enemies":"Automaton","floor":33,"turns":8}],"seed_played":"8321230082945396069","potions_obtained":[{"floor":3,"key":"AttackPotion"},{"floor":7,"key":"AttackPotion"},{"floor":17,"key":"Dexterity Potion"}],"is_trial":false,"path_per_floor":["M","M","M","?","M","R","M","R","T","T","?","M","M","M","R","B",null,"M","?","$","?","?","R","M","R","T","?","M","$","$","M","R"],"character_chosen":"IRONCLAD","items_purchased":["Evolve","Power Through"],"campfire_rested":0,"item_purchase_floors":[20,20],"current_hp_per_floor":[68,63,65,65,69,69,75,75,75,75,68,72,75,75,75,24,67,56,56,56,62,62,62,67,67,67,73,70,70,70,86,86,0],"gold":75,"neow_bonus":"","is_prod":false,"is_daily":false,"chose_seed":false,"campfire_upgraded":6,"win_rate":0,"timestamp":1537750498,"path_taken":["M","?","M","?","M","R","M","R","T","?","?","M","M","M","R","BOSS","M","?","$","?","?","R","M","R","T","?","?","?","$","?","R","BOSS"],"build_version":"2018-09-20","purchased_purges":2,"victory":false,"max_hp_per_floor":[75,75,75,75,75,75,75,75,75,75,75,75,75,75,75,75,80,80,80,80,86,86,86,86,86,86,86,86,86,86,86,86,86],"card_choices":[{"not_picked":["Body Slam","Pommel Strike"],"picked":"True Grit","floor":1},{"not_picked":["Iron Wave","Rupture"],"picked":"Armaments","floor":2},{"not_picked":["Warcry","Evolve"],"picked":"Power Through","floor":3},{"not_picked":["Sword Boomerang","Anger"],"picked":"Impervious","floor":5},{"not_picked":["Corruption","Sword Boomerang"],"picked":"Intimidate","floor":7},{"not_picked":["Anger","Pummel","Twin Strike"],"picked":"SKIP","floor":12},{"not_picked":["Armaments","Warcry"],"picked":"Perfected Strike","floor":13},{"not_picked":["Anger","Clash"],"picked":"Havoc","floor":14},{"not_picked":["Exhume","Brutality"],"picked":"Reaper","floor":16},{"not_picked":["Armaments","True Grit"],"picked":"Clothesline","floor":17},{"not_picked":["Searing Blow","Clash"],"picked":"Spot Weakness","floor":18},{"not_picked":["Hemokinesis","Armaments"],"picked":"Shrug It Off","floor":24},{"not_picked":["Shockwave","Heavy Blade","Anger"],"picked":"SKIP","floor":28},{"not_picked":["Shockwave","Heavy Blade","Anger"],"picked":"SKIP","floor":28},{"not_picked":["Heavy Blade","Fire Breathing"],"picked":"Juggernaut","floor":31}],"player_experience":825493,"relics_obtained":[{"floor":9,"key":"Shuriken"},{"floor":10,"key":"Blood Vial"},{"floor":26,"key":"Magic Flower"}],"event_choices":[{"event_name":"Accursed Blacksmith","player_choice":"Forge","floor":4,"damage_taken":0},{"event_name":"Golden Wing","player_choice":"Card Removal","floor":11,"damage_taken":0},{"event_name":"Purifier","player_choice":"One Purge","floor":19,"damage_taken":0},{"event_name":"The Mausoleum","player_choice":"Yes","floor":21,"damage_taken":0},{"event_name":"Drug Dealer","player_choice":"Inject Mutagens","floor":22,"damage_taken":0},{"event_name":"Colosseum","player_choice":"Fight","floor":27,"damage_taken":0},{"event_name":"Colosseum","player_choice":"Fled From Nobs","floor":27,"damage_taken":0}],"is_beta":true,"boss_relics":[{"not_picked":["Ectoplasm","Eternal Feather"],"picked":"Tiny House"}],"items_purged_floors":[20,29],"is_endless":false,"potions_floor_spawned":[3,7,12],"killed_by":"Automaton","ascension_level":15}