{"gold_per_floor":[118,128,128,148,39,71,71,90,113,142,206,225,256,270,270,373,373,341,341,358,368,368,368,398,398,475,492,525,535,535,604,604,699,699,711,621,639,651,420,454,454,480,543,572,584,8,40,51,51,51,51,51,2,2],"floor_reached":54,"playtime":2950,"items_purged":["Strike_R","Strike_R","Strike_R"],"score":1281,"play_id":"474332c2-5273-4e84-aaa4-ba603228d7b5","local_time":"20190111223853","is_ascension_mode":true,"campfire_choices":[{"data":"Uppercut","floor":7,"key":"SMITH"},{"data":"Metallicize","floor":15,"key":"SMITH"},{"data":"Armaments","floor":23,"key":"SMITH"},{"data":"Feed","floor":25,"key":"SMITH"},{"data":"Cleave","floor":32,"key":"SMITH"},{"data":"Bludgeon","floor":45,"key":"SMITH"},{"floor":49,"key":"RECALL"},{"data":"Evolve","floor":52,"key":"SMITH"}],"neow_cost":"NONE","seed_source_timestamp":93241539656483,"circlet_count":0,"master_deck":["AscendersBane","Strike_R","Strike_R+1","Defend_R","Defend_R","Defend_R","Defend_R+1","Bash","Cleave+1","Power Through+1","Wild Strike+1","Uppercut+1","Reaper","Battle Trance","Armaments+1","Uppercut","Sentinel+1","Metallicize+1","Impervious","Clothesline","Feed+1","Clothesline","Wild Strike+1","Perfected Strike","Carnage","Perfected Strike","Ghostly+1","Ghostly+1","Ghostly+1","Ghostly+1","Ghostly+1","Bludgeon+1","Perfected Strike","Perfected Strike+1","Clothesline+1","Mind Blast","True Grit+1","Cleave+1","Combust","Ghostly Armor+1","Evolve+1","Mind Blast","Armaments+1","Shrug It Off+1","Sever Soul+1"],"relics":["Burning Blood","NeowsBlessing","Vajra","Oddly Smooth Stone","Whetstone","Ginger","Pen Nib","Snecko Eye","Champion Belt","Toxic Egg 2","Dream Catcher","Pantograph","Busted Crown","War Paint","MawBank","Lee\u0027s Waffle","Centennial Puzzle"],"potions_floor_usage":[6,10,16,16,21,28,28,50,50,50],"damage_taken":[{"damage":0,"enemies":"Cultist","floor":1,"turns":1},{"damage":0,"enemies":"2 Louse","floor":2,"turns":1},{"damage":0,"enemies":"Jaw Worm","floor":4,"turns":1},{"damage":20,"enemies":"Lagavulin","floor":6,"turns":6},{"damage":12,"enemies":"Looter","floor":8,"turns":3},{"damage":18,"enemies":"Gremlin Nob","floor":10,"turns":4},{"damage":40,"enemies":"3 Sentries","floor":11,"turns":5},{"damage":0,"enemies":"Red Slaver","floor":12,"turns":2},{"damage":24,"enemies":"3 Sentries","floor":13,"turns":5},{"damage":7,"enemies":"3 Louse","floor":14,"turns":2},{"damage":43,"enemies":"Slime Boss","floor":16,"turns":7},{"damage":26,"enemies":"2 Thieves","floor":18,"turns":5},{"damage":0,"enemies":"Chosen","floor":20,"turns":4},{"damage":14,"enemies":"Sentry and Sphere","floor":21,"turns":4},{"damage":28,"enemies":"Book of Stabbing","floor":24,"turns":5},{"damage":13,"enemies":"Chosen and Byrds","floor":27,"turns":6},{"damage":25,"enemies":"Slavers","floor":28,"turns":5},{"damage":6,"enemies":"Shelled Parasite and Fungi","floor":29,"turns":3},{"damage":23,"enemies":"Automaton","floor":33,"turns":14},{"damage":0,"enemies":"3 Shapes","floor":35,"turns":2},{"damage":0,"enemies":"Orb Walker","floor":37,"turns":2},{"damage":9,"enemies":"Transient","floor":38,"turns":5},{"damage":1,"enemies":"Nemesis","floor":40,"turns":5},{"damage":20,"enemies":"Giant Head","floor":42,"turns":6},{"damage":14,"enemies":"4 Shapes","floor":44,"turns":3},{"damage":0,"enemies":"Nemesis","floor":47,"turns":5},{"damage":2,"enemies":"Jaw Worm Horde","floor":48,"turns":4},{"damage":51,"enemies":"Time Eater","floor":50,"turns":8},{"damage":68,"enemies":"Shield and Spear","floor":54,"turns":3}],"seed_played":"3052572924855439098","potions_obtained":[{"floor":1,"key":"GamblersBrew"},{"floor":3,"key":"PowerPotion"},{"floor":3,"key":"Ancient Potion"},{"floor":3,"key":"FearPotion"},{"floor":10,"key":"Swift Potion"},{"floor":11,"key":"Regen Potion"},{"floor":16,"key":"Explosive Potion"},{"floor":18,"key":"SpeedPotion"},{"floor":27,"key":"Swift Potion"},{"floor":29,"key":"EssenceOfSteel"},{"floor":33,"key":"Explosive Potion"},{"floor":38,"key":"PowerPotion"}],"is_trial":false,"path_per_floor":["M","M","?","M","$","E","R","M","T","E","?","M","E","M","R","B",null,"M","?","M","M","?","R","E","R","T","M","E","M","?","T","R","B",null,"M","?","M","M","$","E","?","E","T","M","R","$","E","M","R","B",null,"R","$","E"],"character_chosen":"IRONCLAD","items_purchased":["Uppercut","Mind Blast","True Grit+1","Evolve","Mind Blast","Armaments+1","Shrug It Off+1","Lee\u0027s Waffle","SpeedPotion"],"campfire_rested":0,"item_purchase_floors":[5,39,39,46,46,46,46,46,53],"current_hp_per_floor":[78,80,80,80,80,66,66,60,60,55,31,37,37,36,36,14,64,64,49,62,60,52,52,30,30,30,34,15,19,19,19,19,31,47,56,56,56,53,53,56,56,55,55,51,51,71,71,75,75,34,68,68,68,0],"gold":2,"neow_bonus":"THREE_ENEMY_KILL","is_prod":false,"is_daily":false,"chose_seed":false,"campfire_upgraded":7,"win_rate":0,"timestamp":1547267933,"path_taken":["M","?","?","?","?","E","R","M","T","E","?","M","E","M","R","BOSS","M","?","M","M","?","R","E","R","T","M","E","?","?","?","R","BOSS","M","?","?","M","$","E","?","E","T","?","R","$","E","M","R","BOSS","R","$","E"],"build_version":"2019-01-10","purchased_purges":3,"victory":false,"max_hp_per_floor":[80,80,80,80,80,80,80,80,80,80,80,80,80,80,80,80,80,80,85,85,88,88,88,88,88,88,92,92,96,48,48,48,52,52,56,56,56,56,56,56,56,60,60,64,64,71,71,75,75,79,79,79,79,79],"card_choices":[{"not_picked":["Inflame","Pommel Strike"],"picked":"Cleave","floor":1},{"not_picked":["Pommel Strike","Infernal Blade"],"picked":"Power Through","floor":2},{"not_picked":["Wild Strike","Rupture","Clash"],"picked":"SKIP","floor":4},{"not_picked":["Rupture","Clash"],"picked":"Wild Strike","floor":4},{"not_picked":["Cleave","Pommel Strike"],"picked":"Reaper","floor":6},{"not_picked":["Havoc","Twin Strike"],"picked":"Battle Trance","floor":8},{"not_picked":["Clash","Perfected Strike"],"picked":"Seeing Red","floor":10},{"not_picked":["Spot Weakness","Cleave"],"picked":"Armaments","floor":11},{"not_picked":["Anger","Cleave"],"picked":"Uppercut","floor":12},{"not_picked":["Headbutt","Thunderclap"],"picked":"Sentinel","floor":13},{"not_picked":["Flex","Clothesline"],"picked":"Metallicize","floor":14},{"not_picked":["Immolate","Berserk"],"picked":"Impervious","floor":16},{"not_picked":["Twin Strike+1","Pommel Strike"],"picked":"Clothesline","floor":18},{"not_picked":["Intimidate","Flex"],"picked":"Feed","floor":20},{"not_picked":["Inflame","Sword Boomerang"],"picked":"Clothesline","floor":21},{"not_picked":["Headbutt","Dropkick"],"picked":"Wild Strike+1","floor":24},{"not_picked":["Warcry+1","Bloodletting+1"],"picked":"Perfected Strike","floor":27},{"not_picked":["Warcry+1","Entrench+1"],"picked":"Carnage","floor":28},{"not_picked":["Warcry+1","Anger"],"picked":"Perfected Strike","floor":29},{"not_picked":["Reaper","Berserk"],"picked":"Bludgeon","floor":33},{"not_picked":[],"picked":"Perfected Strike","floor":35},{"not_picked":[],"picked":"Perfected Strike+1","floor":37},{"not_picked":[],"picked":"Clothesline+1","floor":38},{"not_picked":[],"picked":"Cleave+1","floor":40},{"not_picked":[],"picked":"Combust","floor":42},{"not_picked":[],"picked":"Ghostly Armor+1","floor":44},{"not_picked":[],"picked":"Sever Soul+1","floor":47},{"not_picked":["Warcry+1"],"picked":"SKIP","floor":48}],"player_experience":438770,"relics_obtained":[{"floor":6,"key":"Vajra"},{"floor":9,"key":"Oddly Smooth Stone"},{"floor":10,"key":"Whetstone"},{"floor":11,"key":"Ginger"},{"floor":13,"key":"Pen Nib"},{"floor":24,"key":"Champion Belt"},{"floor":26,"key":"Toxic Egg 2"},{"floor":28,"key":"Dream Catcher"},{"floor":31,"key":"Pantograph"},{"floor":40,"key":"War Paint"},{"floor":42,"key":"MawBank"},{"floor":47,"key":"Centennial Puzzle"}],"event_choices":[{"damage_healed":0,"gold_gain":0,"player_choice":"Got Potions","damage_taken":0,"max_hp_gain":0,"max_hp_loss":0,"event_name":"Lab","floor":3,"gold_loss":0},{"damage_healed":0,"gold_gain":0,"player_choice":"Searched \u00271\u0027 times","damage_taken":0,"max_hp_gain":0,"max_hp_loss":0,"event_name":"Dead Adventurer","floor":11,"gold_loss":0},{"damage_healed":0,"gold_gain":0,"player_choice":"Shed Blood","damage_taken":20,"max_hp_gain":5,"max_hp_loss":0,"event_name":"Forgotten Altar","floor":19,"gold_loss":0},{"damage_healed":0,"gold_gain":0,"player_choice":"Damaged","damage_taken":8,"max_hp_gain":0,"max_hp_loss":0,"event_name":"Wheel of Change","floor":22,"gold_loss":0},{"damage_healed":0,"gold_gain":0,"player_choice":"Became a Ghost","damage_taken":0,"max_hp_gain":0,"max_hp_loss":48,"event_name":"Ghosts","floor":30,"gold_loss":0,"cards_obtained":["Ghostly","Ghostly","Ghostly","Ghostly","Ghostly"]},{"cards_removed":["Seeing Red"],"damage_healed":0,"gold_gain":0,"player_choice":"Upgrade and Remove","damage_taken":0,"max_hp_gain":0,"max_hp_loss":0,"event_name":"Designer","floor":36,"gold_loss":90,"cards_upgraded":["Defend_R"]},{"damage_healed":0,"gold_gain":0,"player_choice":"Bought 0 Potions","damage_taken":0,"max_hp_gain":0,"max_hp_loss":0,"event_name":"The Woman in Blue","floor":41,"gold_loss":0}],"is_beta":false,"boss_relics":[{"not_picked":["Ectoplasm","Tiny House"],"picked":"Snecko Eye"},{"not_picked":["Black Star","Calling Bell"],"picked":"Busted Crown"}],"items_purged_floors":[5,39,46],"is_endless":false,"potions_floor_spawned":[1,10,11,13,16,18,27,29,33,38,40,44,47,48],"killed_by":"Shield and Spear","ascension_level":10}