{"path_per_floor":["M","M","?","$","M","R","E","R","T","M","M","M","?","M","R","B",null,"M","M","M","M","M","$","R","?","T","R","M","M","E","?","R","B",null,"M","$","M","?"],"character_chosen":"THE_SILENT","items_purchased":["Blood Vial"],"gold_per_floor":[114,129,79,4,19,19,49,49,74,89,104,119,119,138,138,263,263,188,188,188,188,188,38,38,38,38,38,38,38,38,38,38,38,38,38,38,38,38],"floor_reached":39,"campfire_rested":1,"playtime":3153,"current_hp_per_floor":[68,67,66,65,64,63,40,40,40,40,40,40,26,26,26,12,52,36,27,27,14,4,4,17,17,17,17,11,13,15,15,15,11,35,34,33,12,12],"items_purged":["Defend_G"],"gold":38,"score":432,"play_id":"f5e8bcdd-55a3-4386-95f4-f76da466e1fd","local_time":"20180310214808","daily_mods":["Shiny","Uncertain Future","Terminal"],"is_prod":false,"is_daily":true,"is_ascension_mode":false,"campfire_upgraded":5,"timestamp":1520740088,"path_taken":["M","M","?","$","M","R","E","R","T","?","M","M","?","M","R","BOSS","M","M","M","M","M","$","R","?","T","R","M","?","E","?","R","BOSS","M","$","M","?","M"],"build_version":"2018-03-09","purchased_purges":1,"victory":false,"master_deck":["Defend_G+1","Defend_G+1","Defend_G+1","Defend_G+1","Strike_G+1","Strike_G+1","Strike_G+1","Strike_G+1","Survivor","Neutralize","Die Die Die","Poisoned Stab+1","Acrobatics","Adrenaline+1","Envenom+1","Night Terror+1","Deadly Poison","Reflex+1","Escape Plan","Infinite Blades+1","Bouncing Flask+1","Burst+1","Corpse Explosion","Bane+1","Noxious Fumes+1"],"max_hp_per_floor":[68,67,66,65,64,63,62,61,60,59,58,57,56,55,54,53,52,51,50,49,48,47,46,45,44,43,42,41,40,39,38,37,36,35,34,33,32,31],"relics":["Ring of the Snake","Anchor","Art of War","Ectoplasm","Blood Vial","Mummified Hand","Snake Skull","The Specimen"],"card_choices":[{"not_picked":["Skewer","Backflip"],"picked":"Poisoned Stab"},{"not_picked":["Backflip","Blade Dance"],"picked":"Acrobatics"},{"not_picked":["Backstab","Flying Knee"],"picked":"Adrenaline"},{"not_picked":["Terror","Deadly Poison"],"picked":"Envenom"},{"not_picked":["Envenom","Tactician"],"picked":"Night Terror"},{"not_picked":["Riddle With Holes","PiercingWail"],"picked":"Deadly Poison"},{"not_picked":["Crippling Poison","Flying Knee"],"picked":"Reflex"},{"not_picked":["Bane","Backflip"],"picked":"Escape Plan"},{"not_picked":["Flying Knee","Acrobatics"],"picked":"Infinite Blades"},{"not_picked":["Choke","Caltrops"],"picked":"Bouncing Flask"},{"not_picked":["Dagger Throw","Poisoned Stab"],"picked":"Burst"},{"not_picked":["A Thousand Cuts","Glass Knife"],"picked":"Corpse Explosion"},{"not_picked":["Dagger Throw","Choke"],"picked":"Bane"},{"not_picked":["Sucker Punch","Skewer"],"picked":"Noxious Fumes"}],"player_experience":53655,"potions_floor_usage":[14,16,16,21,30,33,33],"damage_taken":[{"damage":0,"enemies":"Cultist","floor":1,"turns":4},{"damage":0,"enemies":"2 Louse","floor":2,"turns":2},{"damage":0,"enemies":"Small Slimes","floor":5,"turns":2},{"damage":23,"enemies":"Gremlin Nob","floor":7,"turns":5},{"damage":0,"enemies":"Gremlin Gang","floor":10,"turns":3},{"damage":0,"enemies":"Exordium Wildlife","floor":11,"turns":2},{"damage":0,"enemies":"Blue Slaver","floor":12,"turns":2},{"damage":0,"enemies":"Looter","floor":14,"turns":2},{"damage":14,"enemies":"Slime Boss","floor":16,"turns":12},{"damage":16,"enemies":"2 Thieves","floor":18,"turns":4},{"damage":9,"enemies":"Spheric Guardian","floor":19,"turns":4},{"damage":0,"enemies":"Centurion and Healer","floor":20,"turns":5},{"damage":13,"enemies":"Snake Plant","floor":21,"turns":4},{"damage":10,"enemies":"3 Cultists","floor":22,"turns":6},{"damage":8,"enemies":"Centurion and Healer","floor":28,"turns":4},{"damage":0,"enemies":"Snake Plant","floor":29,"turns":3},{"damage":0,"enemies":"Book of Stabbing","floor":30,"turns":4},{"damage":6,"enemies":"Automaton","floor":33,"turns":6},{"damage":0,"enemies":"Orb Walker","floor":35,"turns":3},{"damage":21,"enemies":"3 Darklings","floor":37,"turns":3},{"damage":15,"enemies":"4 Shapes","floor":39,"turns":3}],"event_choices":[{"event_name":"The Cleric","player_choice":"Card Removal","floor":3,"damage_taken":0},{"event_name":"Golden Idol","player_choice":"Take Damage","floor":13,"damage_taken":0},{"event_name":"Back to Basics","player_choice":"Simplicity","floor":25,"damage_taken":0},{"event_name":"Drug Dealer","player_choice":"Ignored","floor":31,"damage_taken":0},{"event_name":"The Moai Head","player_choice":"Gave Idol","floor":38,"damage_taken":0}],"boss_relics":[{"not_picked":["Eternal Feather","Sozu"],"picked":"Ectoplasm"},{"not_picked":["Lizard Tail","Snecko Eye"],"picked":"The Specimen"}],"potions_floor_spawned":[1,5,11,12,16,20,28,29,30,33],"seed_played":"4792185374842203756","killed_by":"4 Shapes","ascension_level":0,"is_trial":false}