{"gold_per_floor":[110,120,100,115,135,169,169,184,211,221,221,238,238,258,258,362,362,376,376,386,205,205,205,223,235,281,281,293,293,74,173,173,173],"floor_reached":33,"playtime":2684,"items_purged":[],"score":251,"play_id":"682c733a-d498-4991-8b74-700c84d234ad","local_time":"20190106181746","is_ascension_mode":false,"campfire_choices":[{"floor":7,"key":"REST"},{"data":"Poisoned Stab","floor":11,"key":"SMITH"},{"data":"Bane","floor":13,"key":"SMITH"},{"floor":15,"key":"REST"},{"floor":23,"key":"REST"},{"floor":27,"key":"REST"},{"floor":29,"key":"REST"},{"floor":32,"key":"REST"}],"neow_cost":"NONE","seed_source_timestamp":1633590739127980,"circlet_count":0,"master_deck":["Defend_G","Defend_G","Defend_G","Defend_G","Defend_G","Strike_G","Strike_G","Strike_G","Strike_G","Strike_G","Survivor","Neutralize","Deadly Poison","Slice","PiercingWail","Outmaneuver","Bane+1","Infinite Blades","Catalyst","Poisoned Stab+1","Deadly Poison","Flying Knee","Dagger Spray","Adrenaline","Deadly Poison","Deflect","Slice","Deflect+1","Poisoned Stab+1","Dagger Throw+1","Acrobatics+1","Crippling Poison","Catalyst","Slice+1"],"relics":["Ring of the Snake","Question Card","Dream Catcher","Philosopher\u0027s Stone","Anchor","Centennial Puzzle","Juzu Bracelet"],"potions_floor_usage":[4,16,16,24,33,33],"damage_taken":[{"damage":0,"enemies":"Jaw Worm","floor":1,"turns":4},{"damage":0,"enemies":"Cultist","floor":2,"turns":4},{"damage":0,"enemies":"Small Slimes","floor":4,"turns":3},{"damage":5,"enemies":"Looter","floor":5,"turns":3},{"damage":25,"enemies":"Lagavulin","floor":6,"turns":8},{"damage":11,"enemies":"Exordium Wildlife","floor":8,"turns":4},{"damage":3,"enemies":"2 Fungi Beasts","floor":10,"turns":4},{"damage":3,"enemies":"3 Louse","floor":12,"turns":4},{"damage":3,"enemies":"Red Slaver","floor":14,"turns":4},{"damage":47,"enemies":"The Guardian","floor":16,"turns":9},{"damage":7,"enemies":"Chosen","floor":18,"turns":4},{"damage":27,"enemies":"2 Thieves","floor":20,"turns":4},{"damage":13,"enemies":"Snake Plant","floor":24,"turns":5},{"damage":25,"enemies":"Sentry and Sphere","floor":25,"turns":5},{"damage":9,"enemies":"3 Cultists","floor":28,"turns":4},{"damage":77,"enemies":"Automaton","floor":33,"turns":6}],"seed_played":"1276875045225696158","potions_obtained":[{"floor":3,"key":"EntropicBrew"},{"floor":16,"key":"Ancient Potion"},{"floor":18,"key":"Weak Potion"},{"floor":28,"key":"LiquidBronze"}],"is_trial":false,"path_per_floor":["M","M","?","M","M","E","R","M","T","M","R","M","R","M","R","B",null,"M","?","M","$","?","R","M","M","T","R","M","R","$","?","R","B"],"character_chosen":"THE_SILENT","items_purchased":["Anchor","Slice","Juzu Bracelet","Regen Potion"],"campfire_rested":6,"item_purchase_floors":[21,21,30,30],"current_hp_per_floor":[70,70,70,70,65,40,61,50,50,47,47,44,44,41,62,15,70,63,50,23,23,23,45,32,7,7,29,20,42,42,42,64,0],"gold":173,"neow_bonus":"THREE_CARDS","is_prod":false,"is_daily":false,"chose_seed":false,"campfire_upgraded":2,"win_rate":0,"timestamp":1546816666,"path_taken":["M","M","?","M","M","E","R","M","T","M","R","?","R","M","R","BOSS","M","?","M","$","?","R","M","M","T","R","M","R","?","?","R","BOSS"],"build_version":"2019-01-03v4","purchased_purges":0,"victory":false,"max_hp_per_floor":[70,70,70,70,70,70,70,70,70,70,70,70,70,70,70,70,70,70,75,75,75,75,75,75,75,75,75,75,75,75,75,75,75],"card_choices":[{"not_picked":["Deflect","Dodge and Roll"],"picked":"Deadly Poison","floor":0},{"not_picked":["Blade Dance","Choke"],"picked":"Slice","floor":1},{"not_picked":["Dodge and Roll","Distraction"],"picked":"PiercingWail","floor":2},{"not_picked":["Deflect","Dodge and Roll"],"picked":"Outmaneuver","floor":4},{"not_picked":["Quick Slash","Bouncing Flask"],"picked":"Bane","floor":5},{"not_picked":["Dagger Throw","Leg Sweep"],"picked":"Infinite Blades","floor":6},{"not_picked":["Cloak And Dagger","Blade Dance","Blur"],"picked":"Catalyst","floor":8},{"not_picked":["Storm of Steel","Reflex","PiercingWail"],"picked":"Poisoned Stab","floor":10},{"not_picked":["Cloak And Dagger","Dagger Spray","Leg Sweep"],"picked":"Deadly Poison","floor":12},{"not_picked":["Footwork","Deflect","Finisher"],"picked":"Flying Knee","floor":14},{"not_picked":["Flying Knee","Prepared","Slice"],"picked":"Dagger Spray","floor":15},{"not_picked":["Venomology","Envenom","Unload"],"picked":"Adrenaline","floor":16},{"not_picked":["Prepared","Finisher","Dagger Throw"],"picked":"Deadly Poison","floor":18},{"not_picked":["Masterful Stab","Blade Dance","Distraction"],"picked":"Deflect","floor":20},{"not_picked":["Outmaneuver","Masterful Stab","Well Laid Plans+1"],"picked":"Deflect+1","floor":23},{"not_picked":["Backflip","Cloak And Dagger","Dagger Throw+1"],"picked":"Poisoned Stab+1","floor":24},{"not_picked":["A Thousand Cuts","Blade Dance","Concentrate"],"picked":"Dagger Throw+1","floor":25},{"not_picked":["Caltrops","Masterful Stab","Bane+1"],"picked":"Acrobatics+1","floor":27},{"not_picked":["Deadly Poison+1","Tactician","Infinite Blades"],"picked":"Crippling Poison","floor":28},{"not_picked":["PiercingWail","Backflip+1","Riddle With Holes"],"picked":"Catalyst","floor":29},{"not_picked":["Caltrops","Quick Slash","Dagger Throw"],"picked":"Slice+1","floor":32}],"player_experience":411282,"relics_obtained":[{"floor":6,"key":"Question Card"},{"floor":9,"key":"Dream Catcher"},{"floor":26,"key":"Centennial Puzzle"}],"event_choices":[{"damage_healed":0,"gold_gain":0,"player_choice":"Bought 1 Potion","damage_taken":0,"max_hp_gain":0,"max_hp_loss":0,"event_name":"The Woman in Blue","floor":3,"gold_loss":0},{"damage_healed":0,"gold_gain":0,"player_choice":"Shed Blood","damage_taken":18,"max_hp_gain":5,"max_hp_loss":0,"event_name":"Forgotten Altar","floor":19,"gold_loss":0},{"damage_healed":0,"gold_gain":0,"player_choice":"Ignored","damage_taken":0,"max_hp_gain":0,"max_hp_loss":0,"event_name":"Vampires","floor":22,"gold_loss":0},{"damage_healed":0,"gold_gain":99,"player_choice":"Stole From Cult","damage_taken":0,"max_hp_gain":0,"max_hp_loss":0,"event_name":"Nest","floor":31,"gold_loss":0}],"is_beta":false,"boss_relics":[{"not_picked":["Astrolabe","Pandora\u0027s Box"],"picked":"Philosopher\u0027s Stone"}],"items_purged_floors":[],"is_endless":false,"potions_floor_spawned":[4,10,14,16,18,28],"killed_by":"Automaton","ascension_level":0}