{"gold_per_floor":[112,112,128,27,27,27,61,86,138,202,222,222,242,263,263,391,391,411,184,184,184,184,214,214,231,231,231,242,270,270,280,280,379,679,696,286,299,299,299,330,330,345,345,345,345,345,364,36,36,36],"floor_reached":50,"playtime":2779,"items_purged":["Pain"],"score":699,"play_id":"6dfd2ad6-0daa-4a29-8960-e86f42cd313d","local_time":"20181214003831","is_ascension_mode":true,"campfire_choices":[{"floor":6,"key":"RECALL"},{"data":"Static Discharge","floor":12,"key":"SMITH"},{"floor":15,"key":"REST"},{"floor":24,"key":"REST"},{"floor":27,"key":"REST"},{"floor":30,"key":"REST"},{"floor":32,"key":"REST"},{"floor":41,"key":"REST"},{"floor":46,"key":"REST"},{"floor":49,"key":"REST"}],"neow_cost":"NONE","seed_source_timestamp":522817634694664,"circlet_count":0,"master_deck":["Zap+1","Dualcast","Auto Shields","Ball Lightning","Capacitor","Ball Lightning","Electrodynamics","Redo","Static Discharge+1","Buffer","Cold Snap+1","Leap","Buffer","Cold Snap","Hello World","Fusion","Lockon","Reboot","Stack","Buffer","Compile Driver+1","Melter","Discovery","Electrodynamics","Double Energy","Streamline+1","Biased Cognition","Redo+1","BootSequence+1","Redo+1","Redo","Core Surge","Skim","Storm","Auto Shields+1","Turbo+1","Double Energy+1","Streamline+1","Streamline+1","Ball Lightning+1","Storm","Aggregate+1"],"relics":["Cracked Core","NeowsBlessing","Bloody Idol","Omamori","PreservedInsect","Tiny Chest","Pandora\u0027s Box","Dream Catcher","Orichalcum","Boot","Calling Bell","Ancient Tea Set","Gremlin Horn","Old Coin","Mummified Hand","Ginger","Letter Opener","Whetstone","Pen Nib","Dodecahedron"],"potions_floor_usage":[10,13,16,16,33,40,50],"damage_taken":[{"damage":0,"enemies":"Small Slimes","floor":1,"turns":1},{"damage":0,"enemies":"Jaw Worm","floor":3,"turns":1},{"damage":0,"enemies":"3 Sentries","floor":7,"turns":1},{"damage":0,"enemies":"2 Louse","floor":8,"turns":2},{"damage":16,"enemies":"Lagavulin","floor":10,"turns":5},{"damage":7,"enemies":"Large Slime","floor":11,"turns":3},{"damage":22,"enemies":"3 Louse","floor":13,"turns":2},{"damage":0,"enemies":"Looter","floor":14,"turns":3},{"damage":17,"enemies":"The Guardian","floor":16,"turns":8},{"damage":29,"enemies":"Shell Parasite","floor":18,"turns":5},{"damage":59,"enemies":"Slavers","floor":23,"turns":5},{"damage":16,"enemies":"Spheric Guardian","floor":25,"turns":5},{"damage":0,"enemies":"Snecko","floor":28,"turns":4},{"damage":35,"enemies":"Gremlin Leader","floor":29,"turns":4},{"damage":8,"enemies":"Snake Plant","floor":31,"turns":3},{"damage":29,"enemies":"Automaton","floor":33,"turns":9},{"damage":0,"enemies":"Orb Walker","floor":35,"turns":3},{"damage":28,"enemies":"3 Darklings","floor":37,"turns":3},{"damage":27,"enemies":"Giant Head","floor":40,"turns":8},{"damage":0,"enemies":"Maw","floor":42,"turns":7},{"damage":17,"enemies":"Spire Growth","floor":47,"turns":5},{"damage":87,"enemies":"Awakened One","floor":50,"turns":5}],"seed_played":"2789104569524326817","potions_obtained":[{"floor":1,"key":"SneckoOil"},{"floor":8,"key":"EssenceOfSteel"},{"floor":10,"key":"AttackPotion"},{"floor":11,"key":"Poison Potion"},{"floor":13,"key":"EssenceOfSteel"},{"floor":28,"key":"SteroidPotion"},{"floor":37,"key":"Weak Potion"},{"floor":42,"key":"Fire Potion"}],"is_trial":false,"path_per_floor":["M","?","M","$","?","R","E","M","T","E","M","R","M","M","R","B",null,"M","$","?","?","?","E","R","M","T","R","M","E","R","M","R","B",null,"M","$","M","?","?","E","R","M","T","T","T","R","M","$","R","B"],"character_chosen":"DEFECT","items_purchased":["Capacitor","Ball Lightning","Discovery","Dream Catcher","Storm","Mummified Hand","Dodecahedron","Storm"],"campfire_rested":8,"item_purchase_floors":[4,4,19,19,36,36,48,48],"current_hp_per_floor":[75,75,75,75,57,57,57,57,57,41,34,34,12,12,34,17,75,46,46,71,71,71,17,39,28,28,50,55,25,47,44,66,42,75,75,75,52,52,52,30,52,57,57,57,57,75,63,63,75,0],"gold":36,"neow_bonus":"THREE_ENEMY_KILL","is_prod":false,"is_daily":false,"chose_seed":false,"campfire_upgraded":1,"win_rate":0,"timestamp":1544765911,"path_taken":["M","?","M","$","?","R","E","M","T","E","M","R","M","M","R","BOSS","M","$","?","?","?","E","R","M","T","R","M","E","R","M","R","BOSS","M","$","M","?","?","E","R","M","T","?","?","R","M","$","R","BOSS"],"build_version":"2018-12-13","purchased_purges":1,"victory":false,"max_hp_per_floor":[75,75,75,75,75,75,75,75,75,75,75,75,75,75,75,75,75,75,75,75,75,75,75,75,75,75,75,75,75,75,75,75,75,75,75,75,75,75,75,75,75,75,75,75,75,75,75,75,75,75],"card_choices":[{"not_picked":["Stack","Sweeping Beam"],"picked":"Auto Shields","floor":1},{"not_picked":["Turbo","Leap"],"picked":"Ball Lightning","floor":3},{"not_picked":["Fusion","Hologram"],"picked":"Electrodynamics","floor":7},{"not_picked":["Beam Cell","Steam"],"picked":"Redo","floor":8},{"not_picked":["Ball Lightning","Conserve Battery"],"picked":"Static Discharge","floor":10},{"not_picked":["Rebound","Chaos"],"picked":"Buffer","floor":11},{"not_picked":["Sweeping Beam","Coolheaded"],"picked":"Cold Snap","floor":13},{"not_picked":["Streamline","Scrape"],"picked":"Leap","floor":14},{"not_picked":["All For One","Meteor Strike"],"picked":"Buffer","floor":16},{"not_picked":["Doom and Gloom","Sweeping Beam"],"picked":"Melter","floor":18},{"not_picked":["Rebound","Redo"],"picked":"Electrodynamics","floor":23},{"not_picked":["Sweeping Beam","Rebound"],"picked":"Double Energy","floor":24},{"not_picked":["Hologram","Turbo"],"picked":"Streamline+1","floor":25},{"not_picked":["Fusion","Stack"],"picked":"Biased Cognition","floor":27},{"not_picked":["Cold Snap","Ball Lightning"],"picked":"Redo+1","floor":28},{"not_picked":["Sweeping Beam","Coolheaded"],"picked":"BootSequence+1","floor":29},{"not_picked":["Compile Driver+1","Auto Shields+1"],"picked":"Redo+1","floor":30},{"not_picked":["Go for the Eyes","Darkness+1"],"picked":"Beam Cell","floor":31},{"not_picked":["Ball Lightning","Multi-Cast"],"picked":"Redo","floor":32},{"not_picked":["Hyperbeam","Meteor Strike"],"picked":"Core Surge","floor":33},{"not_picked":["All For One","Barrage"],"picked":"Skim","floor":35},{"not_picked":["Sweeping Beam","Skim"],"picked":"Auto Shields+1","floor":37},{"not_picked":["Recycle+1","Beam Cell"],"picked":"Turbo+1","floor":40},{"not_picked":["Coolheaded+1","Steam"],"picked":"Double Energy+1","floor":41},{"not_picked":["Hologram","Rebound+1"],"picked":"Streamline+1","floor":42},{"not_picked":["Meteor Strike","Hologram"],"picked":"Streamline+1","floor":46},{"not_picked":["Go for the Eyes","Double Energy"],"picked":"Ball Lightning+1","floor":47},{"not_picked":["Cold Snap","Fusion+1"],"picked":"Aggregate+1","floor":49}],"player_experience":193758,"relics_obtained":[{"floor":7,"key":"Omamori"},{"floor":9,"key":"PreservedInsect"},{"floor":10,"key":"Tiny Chest"},{"floor":23,"key":"Orichalcum"},{"floor":29,"key":"Boot"},{"floor":34,"key":"Ancient Tea Set"},{"floor":34,"key":"Gremlin Horn"},{"floor":34,"key":"Old Coin"},{"floor":40,"key":"Ginger"},{"floor":43,"key":"Letter Opener"},{"floor":44,"key":"Whetstone"},{"floor":45,"key":"Pen Nib"}],"event_choices":[{"damage_healed":0,"gold_gain":0,"player_choice":"Grow","damage_taken":0,"max_hp_gain":0,"max_hp_loss":0,"event_name":"Living Wall","floor":2,"gold_loss":0,"cards_upgraded":["Zap"]},{"damage_healed":0,"gold_gain":0,"player_choice":"Take Damage","damage_taken":18,"relics_obtained":["Golden Idol"],"max_hp_gain":0,"max_hp_loss":0,"event_name":"Golden Idol","floor":5,"gold_loss":0},{"damage_healed":25,"gold_gain":0,"player_choice":"Heal","damage_taken":0,"max_hp_gain":0,"max_hp_loss":0,"event_name":"The Library","floor":20,"gold_loss":0},{"damage_healed":0,"gold_gain":0,"player_choice":"Ignored","damage_taken":0,"max_hp_gain":0,"max_hp_loss":0,"event_name":"Vampires","floor":21,"gold_loss":0},{"damage_healed":0,"gold_gain":0,"player_choice":"Gave Idol","damage_taken":0,"relics_obtained":["Bloody Idol"],"max_hp_gain":0,"max_hp_loss":0,"event_name":"Forgotten Altar","floor":22,"relics_lost":["Golden Idol"],"gold_loss":0},{"damage_healed":0,"gold_gain":0,"player_choice":"Ignored","damage_taken":0,"max_hp_gain":0,"max_hp_loss":0,"event_name":"Tomb of Lord Red Mask","floor":38,"gold_loss":0},{"cards_removed":["Beam Cell"],"damage_healed":0,"gold_gain":0,"player_choice":"Removed Attack","damage_taken":0,"max_hp_gain":0,"max_hp_loss":0,"event_name":"Falling","floor":39,"gold_loss":0}],"is_beta":false,"boss_relics":[{"not_picked":["Orrery","Sozu"],"picked":"Pandora\u0027s Box"},{"not_picked":["Eternal Feather","Runic Dome"],"picked":"Calling Bell"}],"items_purged_floors":[36],"is_endless":false,"potions_floor_spawned":[1,8,10,11,13,28,37,42],"killed_by":"Awakened One","ascension_level":3}