{"path_per_floor":["M","?","M","?","?","R","E","R","T","M","M","?","E","M","R","B",null,"M","?","M","M","?","R","M","R","T","M","E","M","?","M","R","B",null,"M"],"character_chosen":"IRONCLAD","items_purchased":[],"gold_per_floor":[110,110,124,124,74,74,108,108,108,124,144,144,173,191,191,296,296,309,309,329,345,345,345,360,360,383,403,432,446,446,461,461,557,557,576,576],"floor_reached":36,"campfire_rested":5,"playtime":1639,"item_purchase_floors":[],"current_hp_per_floor":[66,66,66,71,71,71,47,72,72,73,71,71,41,39,64,58,78,70,76,56,39,45,74,40,69,69,43,28,22,22,15,44,13,76,25,0],"items_purged":[],"gold":576,"score":560,"play_id":"931d9694-0e50-49f2-8d84-9e466e3522c6","local_time":"20180528001233","is_prod":false,"is_daily":false,"chose_seed":false,"is_ascension_mode":true,"campfire_upgraded":1,"win_rate":0,"timestamp":1527484353,"campfire_choices":[{"data":"Bash","floor":6,"key":"SMITH"},{"floor":8,"key":"REST"},{"floor":15,"key":"REST"},{"floor":23,"key":"REST"},{"floor":25,"key":"REST"},{"floor":32,"key":"REST"}],"path_taken":["M","?","?","?","?","R","E","R","T","M","?","?","E","M","R","BOSS","M","?","M","M","?","R","M","R","T","M","E","M","?","?","R","BOSS","M","M"],"build_version":"2018-05-24","seed_source_timestamp":791407959777834,"purchased_purges":0,"victory":false,"master_deck":["Strike_R","Strike_R","Strike_R","Defend_R","Bash+1","Armaments+1","Headbutt","Dropkick+1","Iron Wave+1","Dropkick+1","Pommel Strike+1","Thunderclap+1","Demon Form","Normality","Pommel Strike+1","Headbutt+1","Writhe","Spot Weakness+1","Headbutt+1","Thunderclap+1","Clothesline+1","Dropkick+1","Reaper+1","Berserk","Fiend Fire+1","Hemokinesis+1","Bloodletting+1","Warcry"],"max_hp_per_floor":[80,80,80,85,85,85,85,85,85,85,85,85,85,85,85,85,85,85,91,91,91,97,97,97,97,97,97,97,97,97,97,97,97,97,97,97],"relics":["Burning Blood","Molten Egg 2","Smiling Mask","Darkstone Periapt","Sozu","Bronze Scales","Bag of Preparation","Ancient Tea Set","Matryoshka","Astrolabe"],"card_choices":[{"not_picked":["Anger","Combust"],"picked":"Armaments","floor":1},{"not_picked":["Havoc","Power Through"],"picked":"Headbutt","floor":3},{"not_picked":["Carnage","Demon Form"],"picked":"Dropkick","floor":7},{"not_picked":["Perfected Strike+1","Shrug It Off"],"picked":"Iron Wave+1","floor":10},{"not_picked":["Body Slam+1","Sword Boomerang+1"],"picked":"Dropkick+1","floor":11},{"not_picked":["Body Slam+1","Flex"],"picked":"Pommel Strike+1","floor":13},{"not_picked":["Pummel+1","Shrug It Off"],"picked":"Thunderclap+1","floor":14},{"not_picked":["Dark Embrace","Impervious"],"picked":"Demon Form","floor":16},{"not_picked":["Anger+1","Fire Breathing","Bloodletting"],"picked":"SKIP","floor":18},{"not_picked":["Evolve+1","Body Slam+1"],"picked":"Pommel Strike+1","floor":20},{"not_picked":["Iron Wave+1","Anger+1"],"picked":"Headbutt+1","floor":21},{"not_picked":["Flame Barrier+1","Body Slam+1"],"picked":"Spot Weakness+1","floor":24},{"not_picked":["Reckless Charge+1","Wild Strike+1"],"picked":"Headbutt+1","floor":27},{"not_picked":["Anger+1","Carnage+1"],"picked":"Thunderclap+1","floor":28},{"not_picked":["Pommel Strike+1","Clash+1"],"picked":"Clothesline+1","floor":29},{"not_picked":["Second Wind","Shrug It Off"],"picked":"Reaper+1","floor":31},{"not_picked":["Impervious","Offering"],"picked":"Berserk","floor":33},{"not_picked":["Inflame","Armaments"],"picked":"Warcry","floor":35}],"player_experience":203456,"potions_floor_usage":[28,31,33],"damage_taken":[{"damage":12,"enemies":"Jaw Worm","floor":1,"turns":2},{"damage":6,"enemies":"Cultist","floor":3,"turns":3},{"damage":30,"enemies":"Gremlin Nob","floor":7,"turns":4},{"damage":5,"enemies":"Small Slimes","floor":10,"turns":4},{"damage":8,"enemies":"Blue Slaver","floor":11,"turns":2},{"damage":36,"enemies":"Lagavulin","floor":13,"turns":6},{"damage":8,"enemies":"Gremlin Gang","floor":14,"turns":5},{"damage":12,"enemies":"Slime Boss","floor":16,"turns":9},{"damage":14,"enemies":"2 Thieves","floor":18,"turns":4},{"damage":26,"enemies":"3 Byrds","floor":20,"turns":3},{"damage":23,"enemies":"Snecko","floor":21,"turns":4},{"damage":40,"enemies":"Centurion and Healer","floor":24,"turns":4},{"damage":32,"enemies":"Cultist and Chosen","floor":27,"turns":7},{"damage":21,"enemies":"Slavers","floor":28,"turns":3},{"damage":12,"enemies":"3 Cultists","floor":29,"turns":4},{"damage":13,"enemies":"Snake Plant","floor":31,"turns":3},{"damage":37,"enemies":"Collector","floor":33,"turns":5},{"damage":78,"enemies":"3 Shapes","floor":35,"turns":4},{"damage":30,"enemies":"3 Darklings","floor":36,"turns":1}],"relics_obtained":[{"floor":7,"key":"Molten Egg 2"},{"floor":9,"key":"Smiling Mask"},{"floor":13,"key":"Darkstone Periapt"},{"floor":26,"key":"Ancient Tea Set"},{"floor":28,"key":"Matryoshka"}],"event_choices":[{"event_name":"Living Wall","player_choice":"Grow","floor":2,"damage_taken":0},{"event_name":"Big Fish","player_choice":"Donut","floor":4,"damage_taken":0},{"event_name":"The Cleric","player_choice":"Card Removal","floor":5,"damage_taken":0},{"event_name":"Bonfire Elementals","player_choice":"BASIC","floor":12,"damage_taken":0},{"event_name":"Accursed Blacksmith","player_choice":"Rummage","floor":19,"damage_taken":0},{"event_name":"The Mausoleum","player_choice":"Yes","floor":22,"damage_taken":0},{"event_name":"Duplicator","player_choice":"One dupe","floor":30,"damage_taken":0}],"boss_relics":[{"not_picked":["Pandora\u0027s Box","Runic Dome"],"picked":"Sozu"},{"not_picked":["Runic Cube","Velvet Choker"],"picked":"Astrolabe"}],"items_purged_floors":[],"potions_floor_spawned":[7,13,16,21,24,33],"seed_played":"-3349005815731103056","killed_by":"3 Darklings","ascension_level":7,"potions_obtained":[{"floor":7,"key":"Fire Potion"},{"floor":13,"key":"Energy Potion"},{"floor":16,"key":"Weak Potion"}],"is_trial":false}