{"gold_per_floor":[113,126,146,158,1,1,27,27,27,52,62,62,62,77,77,176,176,193,43,57,57,70,70,70,84,137,164,164,174,190,202,202,202],"floor_reached":33,"playtime":4490,"items_purged":[],"score":281,"play_id":"7a6a1271-4e5b-489c-afdb-9d23e59386fe","local_time":"20181125023225","is_ascension_mode":false,"campfire_choices":[{"floor":6,"key":"REST"},{"floor":8,"key":"REST"},{"floor":12,"key":"REST"},{"floor":15,"key":"REST"},{"floor":23,"key":"REST"},{"floor":28,"key":"REST"},{"floor":32,"key":"REST"}],"neow_cost":"NONE","seed_source_timestamp":62310964720211,"circlet_count":0,"master_deck":["Defend_G","Defend_G","Defend_G","Defend_G","Strike_G","Strike_G","Strike_G","Strike_G","Strike_G","Survivor","Neutralize","Bane","Blade Dance","Heel Hook","Slice","Leg Sweep","Deadly Poison","Skewer","Catalyst","Backflip","A Thousand Cuts","Flying Knee+1","Dagger Spray","Neutralize","Blur","All Out Attack","Accuracy","Finisher","Dagger Throw+1","Leg Sweep+1"],"relics":["Ring of the Snake","Boot","Happy Flower","Matryoshka","Orichalcum","Girya","Strawberry","WristBlade","Ancient Tea Set","Pantograph","Bronze Scales","Darkstone Periapt"],"potions_floor_usage":[16,27,31,33,33],"damage_taken":[{"damage":0,"enemies":"Cultist","floor":1,"turns":5},{"damage":9,"enemies":"Jaw Worm","floor":2,"turns":5},{"damage":3,"enemies":"Small Slimes","floor":3,"turns":4},{"damage":16,"enemies":"Gremlin Gang","floor":4,"turns":5},{"damage":27,"enemies":"Lagavulin","floor":7,"turns":7},{"damage":38,"enemies":"Gremlin Nob","floor":10,"turns":5},{"damage":0,"enemies":"Large Slime","floor":11,"turns":5},{"damage":0,"enemies":"Red Slaver","floor":14,"turns":3},{"damage":15,"enemies":"Slime Boss","floor":16,"turns":10},{"damage":27,"enemies":"2 Thieves","floor":18,"turns":4},{"damage":0,"enemies":"3 Byrds","floor":20,"turns":5},{"damage":9,"enemies":"Snecko","floor":22,"turns":4},{"damage":8,"enemies":"3 Cultists","floor":25,"turns":5},{"damage":24,"enemies":"Book of Stabbing","floor":27,"turns":5},{"damage":24,"enemies":"Shelled Parasite and Fungi","floor":29,"turns":5},{"damage":18,"enemies":"Sentry and Sphere","floor":30,"turns":5},{"damage":2,"enemies":"3 Cultists","floor":31,"turns":3},{"damage":62,"enemies":"Champ","floor":33,"turns":9}],"seed_played":"8914763242964612125","potions_obtained":[{"floor":1,"key":"PowerPotion"},{"floor":10,"key":"AttackPotion"},{"floor":11,"key":"Energy Potion"},{"floor":16,"key":"LiquidBronze"},{"floor":18,"key":"Regen Potion"},{"floor":31,"key":"SteroidPotion"}],"is_trial":false,"path_per_floor":["M","M","M","M","$","R","E","R","T","E","M","R","?","M","R","B",null,"M","$","M","?","M","R","?","M","T","E","R","M","M","M","R","B"],"character_chosen":"THE_SILENT","items_purchased":["Happy Flower","Ancient Tea Set"],"campfire_rested":7,"item_purchase_floors":[5,19],"current_hp_per_floor":[70,61,58,42,42,63,36,57,57,26,26,49,49,49,72,57,77,50,50,50,50,41,64,57,49,49,30,53,29,11,9,32,0],"gold":202,"neow_bonus":"RANDOM_COMMON_RELIC","is_prod":false,"is_daily":false,"chose_seed":false,"campfire_upgraded":0,"win_rate":0.0,"timestamp":1543131145,"path_taken":["M","M","?","M","$","R","E","R","T","E","M","R","?","?","R","BOSS","M","$","M","?","?","R","?","M","T","E","R","M","?","M","R","BOSS"],"build_version":"2018-11-15","purchased_purges":0,"victory":false,"max_hp_per_floor":[70,70,70,70,70,70,70,70,70,77,77,77,77,77,77,77,77,77,77,77,77,77,77,77,77,77,77,77,77,77,77,77,77],"card_choices":[{"not_picked":["Concentrate","Underhanded Strike"],"picked":"Bane","floor":1},{"not_picked":["Finisher","Underhanded Strike"],"picked":"Blade Dance","floor":2},{"not_picked":["Acrobatics","Outmaneuver"],"picked":"Heel Hook","floor":3},{"not_picked":["Acrobatics","Backflip"],"picked":"Slice","floor":4},{"not_picked":["Slice","Night Terror"],"picked":"Leg Sweep","floor":7},{"not_picked":["Flying Knee","Underhanded Strike"],"picked":"Deadly Poison","floor":10},{"not_picked":["Quick Slash","Bane"],"picked":"Skewer","floor":11},{"not_picked":["Backstab","Bane"],"picked":"Backflip","floor":14},{"not_picked":["Doppelganger","Venomology"],"picked":"A Thousand Cuts","floor":16},{"not_picked":["Deflect","Dagger Throw"],"picked":"Flying Knee+1","floor":18},{"not_picked":["Flechettes+1","Backflip"],"picked":"Dagger Spray","floor":20},{"not_picked":["Blade Dance","Dodge and Roll"],"picked":"Blur","floor":22},{"not_picked":["Footwork","Cloak And Dagger"],"picked":"All Out Attack","floor":25},{"not_picked":["Bane","Outmaneuver"],"picked":"Accuracy","floor":27},{"not_picked":["Expertise","Terror"],"picked":"Finisher","floor":29},{"not_picked":["Quick Slash","Bane"],"picked":"Dagger Throw+1","floor":30},{"not_picked":["Crippling Poison","Acrobatics"],"picked":"Leg Sweep+1","floor":31}],"player_experience":102780,"relics_obtained":[{"floor":7,"key":"Matryoshka"},{"floor":9,"key":"Orichalcum"},{"floor":9,"key":"Girya"},{"floor":10,"key":"Strawberry"},{"floor":26,"key":"Pantograph"},{"floor":26,"key":"Bronze Scales"},{"floor":27,"key":"Darkstone Periapt"}],"event_choices":[{"damage_healed":0,"gold_gain":0,"cards_transformed":["Defend_G"],"player_choice":"Transformed","damage_taken":0,"max_hp_gain":0,"max_hp_loss":0,"event_name":"Transmorgrifier","floor":13,"gold_loss":0,"cards_obtained":["Catalyst"]},{"damage_healed":0,"gold_gain":0,"player_choice":"1 cards matched","damage_taken":0,"max_hp_gain":0,"max_hp_loss":0,"event_name":"Match and Keep!","floor":21,"gold_loss":0,"cards_obtained":["Neutralize"]},{"damage_healed":0,"gold_gain":0,"player_choice":"","damage_taken":7,"max_hp_gain":0,"max_hp_loss":0,"event_name":"Knowing Skull","floor":24,"potions_obtained":[],"gold_loss":0,"cards_obtained":[]}],"is_beta":false,"boss_relics":[{"not_picked":["Velvet Choker","Eternal Feather"],"picked":"WristBlade"}],"items_purged_floors":[],"is_endless":false,"potions_floor_spawned":[1,10,11,16,18,20,22,31],"killed_by":"Champ","ascension_level":0}