{"path_per_floor":["M","M","?","$","?","R","M","E","T","R","?","T","E","M","R","B",null,"M","?","?","$","M","E","R","E","T"],"character_chosen":"THE_SILENT","items_purchased":["Flying Knee","Toxic Egg 2","Skewer"],"gold_per_floor":[110,121,121,73,73,73,85,110,135,135,135,212,245,263,263,366,366,384,384,384,95,112,141,141,168,220,220],"floor_reached":27,"campfire_rested":2,"playtime":1798,"item_purchase_floors":[4,21,21],"current_hp_per_floor":[69,69,69,69,55,70,70,64,64,64,57,57,56,58,58,46,70,70,54,54,54,45,15,53,11,11,0],"items_purged":[],"gold":220,"score":296,"play_id":"710d91cf-61e9-4dc5-b856-31eda3c4aa27","local_time":"20180530231107","is_prod":false,"is_daily":false,"chose_seed":false,"is_ascension_mode":true,"campfire_upgraded":2,"win_rate":0,"timestamp":1527714667,"campfire_choices":[{"floor":6,"key":"REST"},{"data":"Leg Sweep","floor":10,"key":"SMITH"},{"data":"Skewer","floor":15,"key":"SMITH"},{"floor":24,"key":"REST"}],"path_taken":["M","M","?","$","?","R","M","E","T","R","?","?","E","M","R","BOSS","M","?","?","$","M","E","R","E","T","M"],"build_version":"2018-05-29","seed_source_timestamp":1199286359565,"purchased_purges":0,"victory":false,"master_deck":["Neutralize","Backflip","Blur","Poisoned Stab","Leg Sweep+1","Heel Hook+1","Dagger Throw","Quick Slash","Backflip+1","Slice","Calculated Gamble","Flying Knee","Slice","Footwork","Skewer+1","Well Laid Plans","Poisoned Stab+1","Quick Slash+1","Riddle With Holes+1","Dagger Throw","Skewer","Sucker Punch+1","Storm of Steel+1","Poisoned Stab+1"],"max_hp_per_floor":[70,70,70,70,70,70,70,70,70,70,70,70,70,70,70,70,70,70,70,70,70,70,77,77,77,77,77],"relics":["Pandora\u0027s Box","Oddly Smooth Stone","Blood Vial","Regal Pillow","Pantograph","Calipers","Astrolabe","Nilry\u0027s Codex","Toxic Egg 2","Strawberry","Vajra","Whetstone"],"card_choices":[{"not_picked":["Dagger Throw","All Out Attack"],"picked":"Backflip","floor":1},{"not_picked":["Bane","Distraction"],"picked":"Slice","floor":2},{"not_picked":["Prepared","Outmaneuver"],"picked":"Slice","floor":7},{"not_picked":["Dodge and Roll","Acrobatics"],"picked":"Footwork","floor":8},{"not_picked":["Slice","Bane"],"picked":"Skewer","floor":13},{"not_picked":["Caltrops","Dodge and Roll"],"picked":"Well Laid Plans","floor":14},{"not_picked":["Corpse Explosion","Doppelganger"],"picked":"Grand Finale","floor":16},{"not_picked":["Quick Slash","Accuracy"],"picked":"Dagger Throw","floor":18},{"not_picked":["Endless Agony","Deflect+1"],"picked":"Sucker Punch","floor":22},{"not_picked":["Bane","Poisoned Stab"],"picked":"Storm of Steel+1","floor":23},{"not_picked":["Deadly Poison+1","Sucker Punch"],"picked":"Poisoned Stab+1","floor":25}],"player_experience":188093,"potions_floor_usage":[8,22,23,23,27],"damage_taken":[{"damage":1,"enemies":"Jaw Worm","floor":1,"turns":2},{"damage":0,"enemies":"Cultist","floor":2,"turns":4},{"damage":0,"enemies":"2 Louse","floor":7,"turns":2},{"damage":6,"enemies":"Lagavulin","floor":8,"turns":7},{"damage":3,"enemies":"3 Sentries","floor":13,"turns":8},{"damage":0,"enemies":"Exordium Thugs","floor":14,"turns":4},{"damage":24,"enemies":"Slime Boss","floor":16,"turns":12},{"damage":0,"enemies":"Chosen","floor":18,"turns":4},{"damage":11,"enemies":"2 Thieves","floor":22,"turns":4},{"damage":54,"enemies":"Slavers","floor":23,"turns":6},{"damage":44,"enemies":"Gremlin Leader","floor":25,"turns":10},{"damage":14,"enemies":"3 Cultists","floor":27,"turns":3}],"relics_obtained":[{"floor":8,"key":"Oddly Smooth Stone"},{"floor":9,"key":"Blood Vial"},{"floor":12,"key":"Pantograph"},{"floor":13,"key":"Calipers"},{"floor":19,"key":"Nilry\u0027s Codex"},{"floor":23,"key":"Strawberry"},{"floor":25,"key":"Vajra"},{"floor":26,"key":"Whetstone"}],"event_choices":[{"event_name":"Living Wall","player_choice":"Change","floor":3,"damage_taken":0},{"event_name":"Shining Light","player_choice":"Entered Light","floor":5,"damage_taken":0},{"event_name":"Scrap Ooze","player_choice":"success","floor":11,"damage_taken":7},{"event_name":"Cursed Tome","player_choice":"Obtained Book","floor":19,"damage_taken":0},{"event_name":"Back to Basics","player_choice":"Elegance","floor":20,"damage_taken":0}],"boss_relics":[{"not_picked":["Snecko Eye","Cursed Key"],"picked":"Astrolabe"}],"items_purged_floors":[],"potions_floor_spawned":[7,13,14,18,25],"seed_played":"-8615704778514007636","killed_by":"3 Cultists","ascension_level":3,"potions_obtained":[{"floor":7,"key":"SkillPotion"},{"floor":13,"key":"GhostInAJar"},{"floor":14,"key":"Regen Potion"},{"floor":18,"key":"LiquidBronze"},{"floor":25,"key":"AttackPotion"}],"is_trial":false}