{"gold_per_floor":[112,112,112,123,31,63,81,6,86,98,161,161,161],"floor_reached":13,"playtime":236,"items_purged":["Strike_B"],"score":124,"play_id":"4b197fa4-bd0c-4867-bb29-fe9a9ec73359","local_time":"20190202205328","is_ascension_mode":true,"campfire_choices":[],"neow_cost":"NONE","seed_source_timestamp":414981378651332,"circlet_count":0,"master_deck":["Strike_B","Strike_B","Defend_B","Defend_B","Defend_B","Defend_B","Zap","Dualcast","Coolheaded","Conserve Battery","Defragment","Redo","Electrodynamics","Capacitor"],"relics":["Cracked Core","NeowsBlessing","Dream Catcher","Dead Branch","Dodecahedron","Tiny Chest"],"potions_floor_usage":[11],"damage_taken":[{"damage":0,"enemies":"Small Slimes","floor":1,"turns":1},{"damage":0,"enemies":"Jaw Worm","floor":4,"turns":1},{"damage":0,"enemies":"Lagavulin","floor":6,"turns":1},{"damage":0,"enemies":"2 Louse","floor":7,"turns":1},{"damage":16,"enemies":"Gremlin Gang","floor":10,"turns":4},{"damage":21,"enemies":"Gremlin Nob","floor":11,"turns":4},{"damage":0,"enemies":"Lagavulin","floor":13,"turns":2}],"seed_played":"8412536020267219672","potions_obtained":[{"floor":1,"key":"FocusPotion"},{"floor":6,"key":"SteroidPotion"}],"is_trial":false,"path_per_floor":["M","?","?","M","$","E","M","$","T","M","E","?","E"],"character_chosen":"DEFECT","items_purchased":["Defragment","Redo"],"campfire_rested":0,"item_purchase_floors":[5,5],"current_hp_per_floor":[75,68,43,43,43,43,43,43,43,27,6,6,6],"gold":161,"neow_bonus":"THREE_ENEMY_KILL","is_prod":false,"is_daily":false,"chose_seed":false,"campfire_upgraded":0,"win_rate":0,"timestamp":1549101208,"path_taken":["M","?","?","M","$","E","M","$","T","?","E","?","E"],"build_version":"2019-01-23","purchased_purges":1,"victory":false,"max_hp_per_floor":[75,75,75,75,75,75,75,75,75,75,75,75,75],"card_choices":[{"not_picked":["Stack","Chill"],"picked":"Coolheaded","floor":1},{"not_picked":["Rebound","Scrape"],"picked":"Conserve Battery","floor":4},{"not_picked":["Aggregate","Cold Snap"],"picked":"Electrodynamics","floor":6},{"not_picked":["Reprogram","Compile Driver","Stack"],"picked":"SKIP","floor":7},{"not_picked":["Static Discharge","Streamline"],"picked":"Capacitor","floor":10},{"not_picked":["Static Discharge","Scrape","Ball Lightning"],"picked":"SKIP","floor":11}],"player_experience":1218624,"relics_obtained":[{"floor":6,"key":"Dead Branch"},{"floor":9,"key":"Dodecahedron"},{"floor":11,"key":"Tiny Chest"}],"event_choices":[{"cards_removed":["Strike_B"],"damage_healed":0,"gold_gain":0,"player_choice":"Card Removal","damage_taken":7,"max_hp_gain":0,"max_hp_loss":0,"event_name":"Golden Wing","floor":2,"gold_loss":0},{"damage_healed":0,"gold_gain":0,"player_choice":"Success","damage_taken":25,"relics_obtained":["Dream Catcher"],"max_hp_gain":0,"max_hp_loss":0,"event_name":"Scrap Ooze","floor":3,"gold_loss":0},{"damage_healed":0,"gold_gain":0,"player_choice":"Ignored","damage_taken":0,"max_hp_gain":0,"max_hp_loss":0,"event_name":"NoteForYourself","floor":12,"gold_loss":0}],"is_beta":true,"boss_relics":[],"items_purged_floors":[8],"is_endless":false,"potions_floor_spawned":[1,6],"killed_by":"Lagavulin","ascension_level":1}