{"path_per_floor":["M","?","M","M","M","M","R","M","T","M","M","M","?","E","R","B",null,"M","M","?","M"],"character_chosen":"IRONCLAD","items_purchased":[],"gold_per_floor":[112,112,130,148,166,180,180,197,250,267,278,290,290,324,324,427,427,443,462,462,482],"floor_reached":22,"campfire_rested":0,"playtime":1679,"current_hp_per_floor":[77,77,80,80,78,80,80,80,80,74,67,73,78,76,76,62,85,66,71,71,12],"items_purged":[],"gold":482,"score":194,"play_id":"e77b58ef-bdc5-464c-b7c2-6ee472a28771","is_prod":false,"is_daily":false,"is_ascension_mode":false,"campfire_upgraded":2,"path_taken":["M","?","M","M","M","M","R","M","T","M","M","M","?","E","R","BOSS","M","M","?","M","M"],"build_version":"2018-02-22-PROD2","purchased_purges":0,"victory":false,"master_deck":["Strike_R+1","Strike_R+1","Strike_R+1","Strike_R+1","Strike_R+1","Defend_R+1","Defend_R+1","Defend_R+1","Defend_R+1","Bash+1","Iron Wave","Armaments+1","Iron Wave","Disarm","Dropkick","Searing Blow","Spot Weakness","Twin Strike","Dropkick","Brutality","Disarm","Seeing Red"],"max_hp_per_floor":[80,80,80,80,80,80,80,80,80,80,80,80,85,85,85,85,85,85,85,85,85],"relics":["Black Blood","Prayer Wheel","Ornamental Fan"],"card_choices":[{"not_picked":["Headbutt","Anger"],"picked":"Iron Wave"},{"not_picked":["Flame Barrier","Pommel Strike"],"picked":"Armaments"},{"not_picked":["Wild Strike","Feel No Pain"],"picked":"Iron Wave"},{"not_picked":["True Grit","Headbutt"],"picked":"Disarm"},{"not_picked":["Shockwave","Anger"],"picked":"Dropkick"},{"not_picked":["Dropkick","Uppercut"],"picked":"Searing Blow"},{"not_picked":["Heavy Blade","Perfected Strike"],"picked":"Spot Weakness"},{"not_picked":["Rupture","Carnage"],"picked":"Twin Strike"},{"not_picked":["Metallicize","Armaments"],"picked":"Dropkick"},{"not_picked":["Double Tap","Juggernaut"],"picked":"Brutality"},{"not_picked":["True Grit","Power Through"],"picked":"Disarm"},{"not_picked":["Shockwave","Anger"],"picked":"Seeing Red"}],"player_experience":40810,"potions_floor_usage":[16,21],"damage_taken":[{"damage":9,"enemies":"Jaw Worm","floor":1,"turns":4},{"damage":2,"enemies":"2 Louse","floor":3,"turns":3},{"damage":0,"enemies":"Small Slimes","floor":4,"turns":3},{"damage":8,"enemies":"2 Fungi Beasts","floor":5,"turns":4},{"damage":1,"enemies":"Exordium Wildlife","floor":6,"turns":4},{"damage":2,"enemies":"Blue Slaver","floor":8,"turns":5},{"damage":12,"enemies":"3 Louse","floor":10,"turns":3},{"damage":13,"enemies":"Exordium Thugs","floor":11,"turns":6},{"damage":0,"enemies":"Large Slime","floor":12,"turns":5},{"damage":8,"enemies":"Gremlin Nob","floor":14,"turns":4},{"damage":35,"enemies":"The Guardian","floor":16,"turns":10},{"damage":29,"enemies":"Chosen","floor":18,"turns":5},{"damage":5,"enemies":"3 Byrds","floor":19,"turns":7},{"damage":69,"enemies":"3 Cultists","floor":21,"turns":8},{"damage":12,"enemies":"Snake Plant","floor":22,"turns":1}],"event_choices":[{"event_name":"Liars Game","player_choice":"disagreed","floor":2,"damage_taken":0},{"event_name":"Big Fish","player_choice":"Donut","floor":13,"damage_taken":0},{"event_name":"Back to Basics","player_choice":"Simplicity","floor":20,"damage_taken":0}],"boss_relics":[{"not_picked":["White Beast Statue","Eternal Feather"],"picked":"Black Blood"}],"potions_floor_spawned":[3,4,14,16,19,21],"seed_played":"7833250083536755446","killed_by":"Snake Plant","ascension_level":0,"is_trial":false}