{"gold_per_floor":[144,189,17,17,62,62,152,152,152,242,317,342,342,387,387,687,687,732,777,777,822,867,957,957,1002,1027,1117,1117,1162,1252,1252,1252,1552,1552,1597,1597,833,878,293,338,383,428,503,503,548,593,36,81,81,81],"floor_reached":51,"playtime":1858,"items_purged":["Defend_R","Defend_R"],"score":896,"play_id":"9df44822-e615-4aa7-aaab-759982e09356","local_time":"20180905083553","daily_mods":["Heirloom","Midas","Lethality"],"is_ascension_mode":false,"campfire_choices":[{"floor":6,"key":"REST"},{"floor":13,"key":"REST"},{"floor":15,"key":"REST"},{"floor":24,"key":"REST"},{"floor":32,"key":"REST"},{"floor":49,"key":"REST"}],"neow_cost":"","seed_source_timestamp":0,"circlet_count":0,"master_deck":["Defend_R","Defend_R","Bash","Hemokinesis","Twin Strike","Heavy Blade","Twin Strike","Thunderclap+1","Impervious","Infernal Blade","Disarm+1","Shrug It Off+1","Seeing Red+1","Headbutt","Bite","Bite","Bite","Bite","Bite","Double Tap","Battle Trance","Madness","Madness","Seeing Red","Pummel","Flame Barrier","Secret Technique","Bludgeon","Thunderclap+1","Flame Barrier","Hemokinesis","Secret Weapon","True Grit+1","Clash","Dropkick","Rage+1","Clash","Seeing Red+1","Offering+1","Flex+1","Blind+1","Metamorphosis+1","Feel No Pain","Inflame"],"special_seed":17779,"relics":["Burning Blood","Bird Faced Urn","Bag of Preparation","Potion Belt","Unceasing Top","Anchor","Red Skull","Sozu","Ginger","Whetstone","Strawberry","Mercury Hourglass","Empty Cage","Membership Card","Ornamental Fan","Darkstone Periapt","Medical Kit","Pantograph","Torii","Bottled Lightning","DollysMirror","Toxic Egg 2","Regal Pillow"],"potions_floor_usage":[7,16],"damage_taken":[{"damage":0,"enemies":"Cultist","floor":1,"turns":2},{"damage":0,"enemies":"Small Slimes","floor":2,"turns":3},{"damage":0,"enemies":"2 Louse","floor":5,"turns":2},{"damage":3,"enemies":"Lagavulin","floor":7,"turns":3},{"damage":17,"enemies":"3 Sentries","floor":10,"turns":5},{"damage":0,"enemies":"Exordium Wildlife","floor":14,"turns":2},{"damage":3,"enemies":"Slime Boss","floor":16,"turns":5},{"damage":3,"enemies":"Spheric Guardian","floor":18,"turns":2},{"damage":9,"enemies":"3 Byrds","floor":19,"turns":3},{"damage":21,"enemies":"Snake Plant","floor":21,"turns":3},{"damage":9,"enemies":"3 Cultists","floor":22,"turns":4},{"damage":47,"enemies":"Slavers","floor":23,"turns":4},{"damage":19,"enemies":"Centurion and Healer","floor":25,"turns":3},{"damage":26,"enemies":"Book of Stabbing","floor":27,"turns":4},{"damage":3,"enemies":"Snecko","floor":29,"turns":2},{"damage":26,"enemies":"Gremlin Leader","floor":30,"turns":3},{"damage":56,"enemies":"Automaton","floor":33,"turns":8},{"damage":0,"enemies":"Orb Walker","floor":35,"turns":2},{"damage":19,"enemies":"3 Darklings","floor":38,"turns":4},{"damage":12,"enemies":"Maw","floor":40,"turns":5},{"damage":11,"enemies":"Spire Growth","floor":41,"turns":3},{"damage":27,"enemies":"Reptomancer","floor":42,"turns":4},{"damage":9,"enemies":"Jaw Worm Horde","floor":45,"turns":3},{"damage":24,"enemies":"4 Shapes","floor":46,"turns":4},{"damage":6,"enemies":"Reptomancer","floor":48,"turns":1},{"damage":73,"enemies":"Donu and Deca","floor":50,"turns":8}],"seed_played":"-4275745277921961061","potions_obtained":[{"floor":1,"key":"Fire Potion"},{"floor":14,"key":"FearPotion"}],"is_trial":false,"path_per_floor":["M","M","$","$","M","R","E","?","T","E","?","T","R","M","R","B",null,"M","M","?","M","M","E","R","M","T","E","?","M","E","?","R","B",null,"M","?","$","M","$","M","M","M","T","?","M","M","$","M","R","B"],"character_chosen":"IRONCLAD","items_purchased":["Bag of Preparation","Flex","Membership Card","Ornamental Fan","Seeing Red","Pummel","Flame Barrier","Darkstone Periapt","Secret Technique","Bludgeon","Medical Kit","Pantograph","Torii","Flame Barrier","Hemokinesis","Secret Weapon","DollysMirror","Toxic Egg 2","Offering+1","Flex+1","Blind+1","Metamorphosis+1","Regal Pillow","Feel No Pain"],"campfire_rested":6,"item_purchase_floors":[3,3,37,37,37,37,37,37,37,37,39,39,39,39,39,39,47,47,47,47,47,47,47,47],"current_hp_per_floor":[80,80,80,80,80,80,80,80,80,69,61,61,80,80,80,80,80,80,77,77,64,63,24,48,37,37,26,26,33,25,54,80,49,87,87,76,76,69,69,71,72,59,59,59,60,42,42,50,87,34],"gold":81,"neow_bonus":"","is_prod":false,"is_daily":true,"chose_seed":false,"campfire_upgraded":0,"win_rate":0,"timestamp":1536129353,"path_taken":["M","M","?","$","?","R","E","?","T","E","?","?","R","?","R","BOSS","M","M","?","M","M","E","R","M","T","E","?","M","E","?","R","BOSS","M","?","$","M","$","M","M","M","T","?","M","M","$","M","R","BOSS"],"build_version":"2018-09-03","purchased_purges":2,"victory":true,"max_hp_per_floor":[80,80,80,80,80,80,80,80,80,80,80,80,80,80,80,80,80,80,80,80,80,80,80,80,80,80,87,87,87,87,87,87,87,87,87,87,87,87,87,87,87,87,87,87,87,87,87,87,87,87],"card_choices":[{"not_picked":["Searing Blow","Combust"],"picked":"Hemokinesis","floor":1},{"not_picked":["Burning Pact","Warcry"],"picked":"Twin Strike","floor":2},{"not_picked":["Body Slam","Armaments"],"picked":"Heavy Blade","floor":5},{"not_picked":["True Grit","Dark Embrace"],"picked":"Twin Strike","floor":7},{"not_picked":["Cleave","Shrug It Off"],"picked":"Perfected Strike","floor":10},{"not_picked":["Headbutt","Twin Strike"],"picked":"Thunderclap","floor":14},{"not_picked":["Fiend Fire","Exhume"],"picked":"Impervious","floor":16},{"not_picked":["Sword Boomerang+1","Armaments+1"],"picked":"Infernal Blade","floor":18},{"not_picked":["Heavy Blade+1","Havoc"],"picked":"Disarm+1","floor":19},{"not_picked":["Iron Wave","Shockwave"],"picked":"Shrug It Off+1","floor":21},{"not_picked":["Searing Blow","Entrench","Cleave"],"picked":"SKIP","floor":22},{"not_picked":["Burning Pact","Headbutt"],"picked":"Berserk","floor":23},{"not_picked":["Uppercut","Headbutt+1"],"picked":"Seeing Red+1","floor":25},{"not_picked":["Burning Pact","Evolve"],"picked":"Headbutt","floor":27},{"not_picked":["Body Slam","Sword Boomerang","Anger"],"picked":"SKIP","floor":29},{"not_picked":["Sever Soul","Body Slam+1","Juggernaut"],"picked":"SKIP","floor":30},{"not_picked":["Barricade","Juggernaut"],"picked":"Double Tap","floor":33},{"not_picked":["Reckless Charge","Warcry"],"picked":"Battle Trance","floor":35},{"not_picked":["Sword Boomerang","Clash+1"],"picked":"Thunderclap+1","floor":38},{"not_picked":["Twin Strike","Armaments+1"],"picked":"True Grit+1","floor":40},{"not_picked":["Pommel Strike","Body Slam+1"],"picked":"Clash","floor":41},{"not_picked":["True Grit+1","Flex"],"picked":"Dropkick","floor":42},{"not_picked":["Second Wind+1","Combust+1"],"picked":"Rage+1","floor":45},{"not_picked":["Rage+1","Warcry"],"picked":"Clash","floor":46},{"not_picked":["Infernal Blade+1","True Grit+1"],"picked":"Inflame","floor":48}],"player_experience":104518,"relics_obtained":[{"floor":7,"key":"Potion Belt"},{"floor":9,"key":"Anchor"},{"floor":10,"key":"Red Skull"},{"floor":12,"key":"Blood Vial"},{"floor":23,"key":"Ginger"},{"floor":26,"key":"Whetstone"},{"floor":27,"key":"Strawberry"},{"floor":30,"key":"Mercury Hourglass"},{"floor":43,"key":"Bottled Lightning"}],"event_choices":[{"event_name":"WeMeetAgain","player_choice":"Card","floor":8,"damage_taken":0},{"event_name":"FaceTrader","player_choice":"Touch","floor":11,"damage_taken":0},{"event_name":"The Lab","player_choice":"Got Potions","floor":20,"damage_taken":0},{"event_name":"Vampires","player_choice":"Became a vampire (Vial)","floor":28,"damage_taken":0},{"event_name":"The Library","player_choice":"Heal","floor":31,"damage_taken":0},{"event_name":"Winding Halls","player_choice":"Embrace Madness","floor":36,"damage_taken":0},{"event_name":"Tomb of Lord Red Mask","player_choice":"Ignored","floor":44,"damage_taken":0}],"is_beta":true,"boss_relics":[{"not_picked":["Tiny House","Lizard Tail"],"picked":"Sozu"},{"not_picked":["Busted Crown","Runic Cube"],"picked":"Empty Cage"}],"items_purged_floors":[37,39],"is_endless":false,"potions_floor_spawned":[1,14,19,21,25,30,40,42,46],"ascension_level":0}