{"gold_per_floor":[117,117,25,37,52,52,52,83,160,160,170,170,196,212,212,317,317,333,333,333,346,366,366],"floor_reached":23,"playtime":1086,"items_purged":[],"score":302,"play_id":"e33f7022-4abf-4614-9afa-cb52c2630c8d","local_time":"20190119203230","is_ascension_mode":true,"campfire_choices":[{"data":"Jack Of All Trades","floor":6,"key":"SMITH"},{"data":"Go for the Eyes","floor":10,"key":"SMITH"},{"floor":12,"key":"REST"},{"floor":15,"key":"REST"}],"neow_cost":"CURSE","seed_source_timestamp":162913707930609,"circlet_count":0,"master_deck":["AscendersBane","Strike_B","Strike_B","Strike_B","Defend_B+1","Defend_B","Defend_B","Zap+1","Dualcast","Decay","Consume+1","Jack Of All Trades+1","Coolheaded+1","Leap","Parasite","Go for the Eyes+1","Steam","Sweeping Beam","Ball Lightning","All For One","Loop","Decay","Electrodynamics","Fission","Hologram","Gash"],"relics":["Cracked Core","Du-Vu Doll","Art of War","Bottled Lightning","War Paint","Inserter"],"potions_floor_usage":[8,16,23],"damage_taken":[{"damage":4,"enemies":"Small Slimes","floor":1,"turns":3},{"damage":1,"enemies":"2 Louse","floor":4,"turns":2},{"damage":3,"enemies":"Jaw Worm","floor":5,"turns":4},{"damage":28,"enemies":"Gremlin Nob","floor":8,"turns":4},{"damage":7,"enemies":"Large Slime","floor":11,"turns":4},{"damage":5,"enemies":"Lagavulin","floor":13,"turns":9},{"damage":0,"enemies":"Gremlin Gang","floor":14,"turns":2},{"damage":35,"enemies":"Hexaghost","floor":16,"turns":9},{"damage":14,"enemies":"Shell Parasite","floor":18,"turns":5},{"damage":8,"enemies":"Spheric Guardian","floor":21,"turns":3},{"damage":7,"enemies":"Snake Plant","floor":22,"turns":3},{"damage":47,"enemies":"Slavers","floor":23,"turns":3}],"seed_played":"8944330915632697863","potions_obtained":[{"floor":1,"key":"Dexterity Potion"},{"floor":4,"key":"Poison Potion"},{"floor":8,"key":"Ancient Potion"}],"is_trial":false,"path_per_floor":["M","?","$","M","M","R","?","E","T","R","M","R","E","M","R","B",null,"M","?","?","M","M","E"],"character_chosen":"DEFECT","items_purchased":["Jack Of All Trades"],"campfire_rested":2,"item_purchase_floors":[3],"current_hp_per_floor":[64,49,49,48,45,45,63,35,35,35,28,50,45,45,67,32,64,50,50,50,42,35,0],"gold":366,"neow_bonus":"ONE_RARE_RELIC","is_prod":false,"is_daily":false,"chose_seed":false,"campfire_upgraded":2,"win_rate":0,"timestamp":1547947950,"path_taken":["M","?","$","M","M","R","?","E","T","R","M","R","E","M","R","BOSS","M","?","?","M","?","E"],"build_version":"2019-01-17v2","purchased_purges":0,"victory":false,"max_hp_per_floor":[75,75,75,75,75,75,75,75,75,75,75,75,75,75,75,75,75,75,75,75,75,75,75],"card_choices":[{"not_picked":["Gash","BootSequence"],"picked":"Consume","floor":1},{"not_picked":["Scrape","Heatsinks"],"picked":"Coolheaded","floor":4},{"not_picked":["Beam Cell","Chill"],"picked":"Leap","floor":5},{"not_picked":["Skim","Steam"],"picked":"Go for the Eyes","floor":8},{"not_picked":["Streamline","Stack"],"picked":"Steam","floor":11},{"not_picked":["Blizzard","Conserve Battery"],"picked":"Sweeping Beam","floor":13},{"not_picked":["Redo","Consume"],"picked":"Ball Lightning","floor":14},{"not_picked":["Creative AI","Multi-Cast"],"picked":"All For One","floor":16},{"not_picked":["Conserve Battery+1","Leap+1"],"picked":"Loop","floor":18},{"not_picked":["Rebound","Conserve Battery"],"picked":"Hologram","floor":21},{"not_picked":["Melter","Coolheaded"],"picked":"Gash","floor":22}],"player_experience":542366,"relics_obtained":[{"floor":8,"key":"Art of War"},{"floor":9,"key":"Bottled Lightning"},{"floor":13,"key":"War Paint"}],"event_choices":[{"damage_healed":0,"gold_gain":0,"player_choice":"Entered Light","damage_taken":15,"max_hp_gain":0,"max_hp_loss":0,"event_name":"Shining Light","floor":2,"gold_loss":0,"cards_upgraded":["Defend_B","Consume"]},{"damage_healed":18,"gold_gain":0,"player_choice":"Healed and dodged fight","damage_taken":0,"max_hp_gain":0,"max_hp_loss":0,"event_name":"Mushrooms","floor":7,"gold_loss":0,"cards_obtained":["Parasite"]},{"damage_healed":0,"gold_gain":0,"player_choice":"Smashed Altar","damage_taken":0,"max_hp_gain":0,"max_hp_loss":0,"event_name":"Forgotten Altar","floor":19,"gold_loss":0,"cards_obtained":["Decay"]},{"damage_healed":0,"gold_gain":0,"cards_transformed":["Strike_B","Defend_B"],"player_choice":"Became Test Subject","damage_taken":0,"max_hp_gain":0,"max_hp_loss":0,"event_name":"Drug Dealer","floor":20,"gold_loss":0,"cards_obtained":["Electrodynamics","Fission"]}],"is_beta":false,"boss_relics":[{"not_picked":["Ectoplasm","Sozu"],"picked":"Inserter"}],"items_purged_floors":[],"is_endless":false,"potions_floor_spawned":[1,4,8],"killed_by":"Slavers","ascension_level":10}