{"gold_per_floor":[116,116,81,81,94,119,119,152,152,181,193,205,229,251,263,348,360,389,371,383,395,322,334],"floor_reached":23,"playtime":1015,"items_purged":[],"score":328,"play_id":"9c52523f-6035-401a-b3da-6f33419a6d34","local_time":"20190203124342","is_ascension_mode":true,"campfire_choices":[{"floor":7,"key":"REST"},{"data":"Hologram","floor":12,"key":"SMITH"},{"data":"Dualcast","floor":15,"key":"SMITH"}],"neow_cost":"NONE","seed_source_timestamp":495135841776251,"circlet_count":0,"master_deck":["AscendersBane","Strike_B","Strike_B+1","Strike_B","Defend_B","Defend_B","Defend_B","Defend_B","Zap+1","Dualcast+1","Gash+1","Glacier","Hologram+1","Core Surge","Coolheaded","Scrape","Echo Form","Rebound+1","Recycle","Steam Power","Meteor Strike","Necronomicurse"],"relics":["Cracked Core","The Courier","Juzu Bracelet","Letter Opener","MawBank","Snecko Eye","Necronomicon","Sundial"],"potions_floor_usage":[16],"damage_taken":[{"damage":1,"enemies":"Cultist","floor":1,"turns":3},{"damage":0,"enemies":"2 Louse","floor":5,"turns":1},{"damage":45,"enemies":"3 Sentries","floor":6,"turns":8},{"damage":25,"enemies":"Lagavulin","floor":8,"turns":7},{"damage":0,"enemies":"Small Slimes","floor":10,"turns":2},{"damage":2,"enemies":"3 Louse","floor":13,"turns":2},{"damage":6,"enemies":"Blue Slaver","floor":14,"turns":3},{"damage":19,"enemies":"Hexaghost","floor":16,"turns":10},{"damage":6,"enemies":"Chosen","floor":18,"turns":5},{"damage":20,"enemies":"2 Thieves","floor":19,"turns":5},{"damage":20,"enemies":"Gremlin Leader","floor":23,"turns":1}],"seed_played":"5443071231556732314","potions_obtained":[{"floor":5,"key":"LiquidBronze"},{"floor":6,"key":"Ancient Potion"},{"floor":16,"key":"Fire Potion"}],"is_trial":false,"path_per_floor":["M","?","?","?","M","E","R","E","T","M","?","R","M","M","R","B",null,"M","M","?","?","?","E"],"character_chosen":"DEFECT","items_purchased":[],"campfire_rested":1,"item_purchase_floors":[],"current_hp_per_floor":[67,52,70,63,63,18,40,15,15,15,40,40,38,32,32,13,60,54,34,34,18,18,0],"gold":334,"neow_bonus":"UPGRADE_CARD","is_prod":false,"is_daily":false,"chose_seed":false,"campfire_upgraded":2,"win_rate":0,"timestamp":1549219422,"path_taken":["M","?","?","?","M","E","R","E","T","M","?","R","M","M","R","BOSS","M","M","?","?","?","E"],"build_version":"2019-01-23","purchased_purges":0,"victory":false,"max_hp_per_floor":[75,75,75,75,75,75,75,75,75,75,75,75,75,75,75,75,75,75,75,75,75,75,75],"card_choices":[{"not_picked":["Ball Lightning","Sweeping Beam"],"picked":"Gash","floor":1},{"not_picked":["Go for the Eyes","Stack"],"picked":"Reprogram","floor":5},{"not_picked":["Lockon","Conserve Battery"],"picked":"Glacier","floor":6},{"not_picked":["Lockon","Ball Lightning"],"picked":"Hologram","floor":8},{"not_picked":["Auto Shields","Doom and Gloom"],"picked":"Core Surge","floor":10},{"not_picked":["Steam","Melter"],"picked":"Coolheaded","floor":13},{"not_picked":["Barrage","Cold Snap"],"picked":"Scrape","floor":14},{"not_picked":["Thunder Strike","Buffer"],"picked":"Echo Form","floor":16},{"not_picked":["Darkness","Steam"],"picked":"Rebound+1","floor":18},{"not_picked":["Sweeping Beam","Ball Lightning+1"],"picked":"Recycle","floor":19}],"player_experience":521160,"relics_obtained":[{"floor":6,"key":"Juzu Bracelet"},{"floor":8,"key":"Letter Opener"},{"floor":9,"key":"MawBank"},{"floor":21,"key":"Necronomicon"}],"event_choices":[{"damage_healed":0,"gold_gain":0,"player_choice":"Entered Light","damage_taken":15,"max_hp_gain":0,"max_hp_loss":0,"event_name":"Shining Light","floor":2,"gold_loss":0,"cards_upgraded":["Strike_B","Gash"]},{"damage_healed":18,"gold_gain":0,"player_choice":"Healed","damage_taken":0,"max_hp_gain":0,"max_hp_loss":0,"event_name":"The Cleric","floor":3,"gold_loss":35},{"damage_healed":0,"gold_gain":0,"player_choice":"Success","damage_taken":7,"relics_obtained":["The Courier"],"max_hp_gain":0,"max_hp_loss":0,"event_name":"Scrap Ooze","floor":4,"gold_loss":0},{"damage_healed":25,"gold_gain":0,"player_choice":"Banana","damage_taken":0,"max_hp_gain":0,"max_hp_loss":0,"event_name":"Big Fish","floor":11,"gold_loss":0},{"damage_healed":0,"gold_gain":0,"cards_transformed":["Reprogram","Strike_B"],"player_choice":"Became Test Subject","damage_taken":0,"max_hp_gain":0,"max_hp_loss":0,"event_name":"Drug Dealer","floor":20,"gold_loss":0,"cards_obtained":["Steam Power","Meteor Strike"]},{"damage_healed":0,"gold_gain":0,"player_choice":"Obtained Book","damage_taken":16,"max_hp_gain":0,"max_hp_loss":0,"event_name":"Cursed Tome","floor":21,"gold_loss":0},{"damage_healed":0,"gold_gain":0,"player_choice":"Obtained Relic","damage_taken":0,"relics_obtained":["Sundial"],"max_hp_gain":0,"max_hp_loss":0,"event_name":"Addict","floor":22,"gold_loss":85}],"is_beta":false,"boss_relics":[{"not_picked":["Orrery","Calling Bell"],"picked":"Snecko Eye"}],"items_purged_floors":[],"is_endless":false,"potions_floor_spawned":[5,6,8,14,16],"killed_by":"Gremlin Leader","ascension_level":13}