{"gold_per_floor":[109,127,143,93,103,103,132,132,178,209,209,223,223,233,233,337,337,349,349,361,361,415,442,442,442],"floor_reached":25,"playtime":1178,"items_purged":[],"score":323,"play_id":"7599f2d0-b1a6-46ec-94e0-3296e584393b","local_time":"20190105192356","is_ascension_mode":true,"campfire_choices":[{"data":"Zap","floor":6,"key":"SMITH"},{"data":"Trip","floor":8,"key":"SMITH"},{"data":"Dualcast","floor":11,"key":"SMITH"},{"data":"Self Repair","floor":13,"key":"SMITH"},{"data":"Beam Cell","floor":15,"key":"SMITH"},{"floor":24,"key":"REST"}],"neow_cost":"NONE","seed_source_timestamp":1342285390860419,"circlet_count":0,"master_deck":["Strike_B","Strike_B+1","Strike_B","Defend_B","Defend_B","Defend_B","Defend_B","Zap+1","Dualcast+1","Trip+1","Ball Lightning","Self Repair+1","Glacier","Beam Cell+1","Genetic Algorithm","Doom and Gloom","Doom and Gloom","Doom and Gloom","Echo Form+1","Cold Snap+1","Leap+1","Hologram+1"],"relics":["Cracked Core","Symbiotic Virus","Strawberry","Juzu Bracelet","Inserter","Whetstone","Happy Flower"],"potions_floor_usage":[16,23,25,25],"damage_taken":[{"damage":1,"enemies":"Cultist","floor":1,"turns":3},{"damage":0,"enemies":"Small Slimes","floor":2,"turns":2},{"damage":9,"enemies":"Jaw Worm","floor":3,"turns":3},{"damage":18,"enemies":"Lots of Slimes","floor":5,"turns":7},{"damage":10,"enemies":"Gremlin Nob","floor":7,"turns":4},{"damage":10,"enemies":"3 Sentries","floor":10,"turns":6},{"damage":11,"enemies":"Exordium Thugs","floor":12,"turns":3},{"damage":18,"enemies":"Large Slime","floor":14,"turns":3},{"damage":36,"enemies":"The Guardian","floor":16,"turns":10},{"damage":19,"enemies":"Spheric Guardian","floor":18,"turns":4},{"damage":2,"enemies":"Chosen","floor":20,"turns":4},{"damage":50,"enemies":"Slavers","floor":23,"turns":5},{"damage":54,"enemies":"Gremlin Leader","floor":25,"turns":6}],"seed_played":"-7509566690303096270","potions_obtained":[{"floor":2,"key":"Strength Potion"},{"floor":3,"key":"Weak Potion"},{"floor":12,"key":"LiquidBronze"},{"floor":16,"key":"Swift Potion"},{"floor":19,"key":"Block Potion"},{"floor":19,"key":"Ancient Potion"},{"floor":23,"key":"AttackPotion"}],"is_trial":false,"path_per_floor":["M","M","M","?","M","R","E","R","T","E","R","M","R","M","R","B",null,"M","?","M","?","T","E","R","E"],"character_chosen":"DEFECT","items_purchased":[],"campfire_rested":1,"item_purchase_floors":[],"current_hp_per_floor":[67,67,65,65,54,54,51,51,58,55,55,51,51,43,43,17,66,57,57,65,65,65,25,49,0],"gold":442,"neow_bonus":"RANDOM_COLORLESS","is_prod":false,"is_daily":false,"chose_seed":false,"campfire_upgraded":5,"win_rate":0,"timestamp":1546737836,"path_taken":["M","?","?","?","M","R","E","R","T","E","R","M","R","M","R","BOSS","M","?","M","?","?","E","R","E"],"build_version":"2019-01-03v4","purchased_purges":0,"victory":false,"max_hp_per_floor":[75,75,75,75,75,75,75,75,82,82,82,82,82,82,82,82,82,82,82,82,82,82,82,82,82],"card_choices":[{"not_picked":["Undo","Barrage"],"picked":"Ball Lightning","floor":1},{"not_picked":["Coolheaded","Rebound"],"picked":"Self Repair","floor":2},{"not_picked":["Turbo","Barrage"],"picked":"Glacier","floor":3},{"not_picked":["Streamline","Darkness"],"picked":"Beam Cell","floor":5},{"not_picked":["Aggregate","Redo"],"picked":"Genetic Algorithm","floor":7},{"not_picked":["Darkness","Double Energy"],"picked":"Doom and Gloom","floor":10},{"not_picked":["Ball Lightning","Reprogram"],"picked":"Doom and Gloom","floor":12},{"not_picked":["Streamline","Rebound"],"picked":"Doom and Gloom","floor":14},{"not_picked":["Meteor Strike","Seek"],"picked":"Echo Form","floor":16},{"not_picked":["Gash","Rebound"],"picked":"Cold Snap","floor":18},{"not_picked":["Cold Snap+1","Barrage+1"],"picked":"Leap+1","floor":20},{"not_picked":["Reinforced Body","Loop"],"picked":"Hologram+1","floor":23}],"player_experience":386378,"relics_obtained":[{"floor":7,"key":"Symbiotic Virus"},{"floor":9,"key":"Strawberry"},{"floor":10,"key":"Juzu Bracelet"},{"floor":22,"key":"Whetstone"},{"floor":23,"key":"Happy Flower"}],"event_choices":[{"cards_removed":["Strike_B"],"damage_healed":0,"gold_gain":0,"player_choice":"Card Removal","damage_taken":0,"max_hp_gain":0,"max_hp_loss":0,"event_name":"The Cleric","floor":4,"gold_loss":50},{"damage_healed":0,"gold_gain":0,"player_choice":"Got Potions","damage_taken":0,"max_hp_gain":0,"max_hp_loss":0,"event_name":"Lab","floor":19,"gold_loss":0},{"damage_healed":0,"gold_gain":0,"player_choice":"Upgraded","damage_taken":0,"max_hp_gain":0,"max_hp_loss":0,"event_name":"Upgrade Shrine","floor":21,"gold_loss":0,"cards_upgraded":["Echo Form"]}],"is_beta":false,"boss_relics":[{"not_picked":["Calling Bell","Sozu"],"picked":"Inserter"}],"items_purged_floors":[],"is_endless":false,"potions_floor_spawned":[2,3,12,16,20,23],"killed_by":"Gremlin Leader","ascension_level":8}