{"gold_per_floor":[110,110,110,57,57,97,97,97,97,136,155,43,83,102,102,102],"floor_reached":16,"playtime":541,"items_purged":[],"score":315,"play_id":"5ad4ebd0-e6e5-421d-8b69-84bbb5eade9d","local_time":"20181217073814","is_ascension_mode":true,"campfire_choices":[{"data":"Hologram","floor":7,"key":"SMITH"},{"data":"Barrage","floor":15,"key":"SMITH"}],"neow_cost":"NONE","seed_source_timestamp":437009901576072,"circlet_count":0,"master_deck":["AscendersBane","Strike_B","Strike_B+1","Strike_B","Defend_B","Defend_B","Defend_B","Defend_B","Zap+1","Dualcast","Coolheaded+1","Ball Lightning","Hologram+1","Capacitor","Coolheaded","Glacier","Cold Snap","BootSequence","Barrage+1"],"relics":["Cracked Core","NeowsBlessing","Golden Idol","Art of War","Mummified Hand","Question Card","Smiling Mask"],"potions_floor_usage":[],"damage_taken":[{"damage":0,"enemies":"Small Slimes","floor":1,"turns":1},{"damage":0,"enemies":"Lagavulin","floor":6,"turns":1},{"damage":0,"enemies":"3 Sentries","floor":10,"turns":1},{"damage":0,"enemies":"Jaw Worm","floor":11,"turns":3},{"damage":7,"enemies":"Lagavulin","floor":13,"turns":8},{"damage":0,"enemies":"2 Louse","floor":14,"turns":2},{"damage":34,"enemies":"Slime Boss","floor":16,"turns":9}],"seed_played":"1443512605791268717","potions_obtained":[{"floor":13,"key":"GamblersBrew"},{"floor":14,"key":"SpeedPotion"}],"is_trial":false,"path_per_floor":["M","?","?","$","?","E","R","?","T","E","M","$","E","M","R","B"],"character_chosen":"DEFECT","items_purchased":["Ball Lightning","Glacier","Cold Snap"],"campfire_rested":0,"item_purchase_floors":[4,12,12],"current_hp_per_floor":[64,43,43,43,43,43,43,36,36,36,36,36,29,29,29,0],"gold":102,"neow_bonus":"THREE_ENEMY_KILL","is_prod":false,"is_daily":false,"chose_seed":false,"campfire_upgraded":2,"win_rate":0,"timestamp":1545061094,"path_taken":["M","?","?","$","?","E","R","?","T","E","?","?","E","M","R","BOSS"],"build_version":"2018-12-13","purchased_purges":0,"victory":false,"max_hp_per_floor":[71,71,71,71,64,64,64,64,64,64,64,64,64,64,64,64],"card_choices":[{"not_picked":["Streamline","Hologram"],"picked":"Coolheaded","floor":1},{"not_picked":["Rebound","Ball Lightning"],"picked":"Hologram","floor":6},{"not_picked":["Reprogram","Recycle"],"picked":"Capacitor","floor":10},{"not_picked":["Rebound","Scrape","Beam Cell"],"picked":"Coolheaded","floor":11},{"not_picked":["Fusion","Stack","Darkness"],"picked":"BootSequence","floor":13},{"not_picked":["Redo","Reboot","Compile Driver"],"picked":"Barrage","floor":14}],"player_experience":1569497,"relics_obtained":[{"floor":6,"key":"Art of War"},{"floor":9,"key":"Mummified Hand"},{"floor":10,"key":"Question Card"},{"floor":13,"key":"Smiling Mask"}],"event_choices":[{"damage_healed":0,"gold_gain":0,"player_choice":"Entered Light","damage_taken":21,"max_hp_gain":0,"max_hp_loss":0,"event_name":"Shining Light","floor":2,"gold_loss":0,"cards_upgraded":["Strike_B","Zap"]},{"damage_healed":0,"gold_gain":0,"player_choice":"Grow","damage_taken":0,"max_hp_gain":0,"max_hp_loss":0,"event_name":"Living Wall","floor":3,"gold_loss":0,"cards_upgraded":["Coolheaded"]},{"damage_healed":0,"gold_gain":0,"player_choice":"Lose Max HP","damage_taken":0,"relics_obtained":["Golden Idol"],"max_hp_gain":0,"max_hp_loss":7,"event_name":"Golden Idol","floor":5,"gold_loss":0},{"cards_removed":["Strike_B"],"damage_healed":0,"gold_gain":0,"player_choice":"Card Removal","damage_taken":7,"max_hp_gain":0,"max_hp_loss":0,"event_name":"Golden Wing","floor":8,"gold_loss":0}],"is_beta":false,"boss_relics":[],"items_purged_floors":[],"is_endless":false,"potions_floor_spawned":[13,14],"killed_by":"Slime Boss","ascension_level":18}