{"path_per_floor":["M","M","?","$","?","E","M","M","T","?","R","M","R","M","R","B",null,"M","?","$","?","M"],"character_chosen":"THE_SILENT","items_purchased":["Noxious Fumes","Singing Bowl"],"gold_per_floor":[113,129,129,14,14,49,63,80,103,103,103,116,116,128,128,227,227,239,239,95,95,108,108],"floor_reached":23,"campfire_rested":2,"playtime":1129,"current_hp_per_floor":[70,70,70,70,70,51,47,36,36,22,43,29,50,50,50,39,70,70,49,49,33,25,0],"items_purged":["Defend_G"],"gold":108,"score":246,"play_id":"c58a8834-0f99-4b46-8e13-ffaad789c224","local_time":"20180407211648","is_prod":false,"is_daily":false,"is_ascension_mode":true,"campfire_upgraded":1,"timestamp":1523153808,"path_taken":["M","M","?","$","?","E","?","M","T","?","R","M","R","M","R","BOSS","M","?","$","?","M","E"],"build_version":"2018-04-05v2","purchased_purges":2,"victory":false,"master_deck":["Defend_G+1","Defend_G+1","Defend_G","Survivor","Neutralize","Prepared","PiercingWail","Setup+1","Noxious Fumes+1","Deadly Poison","Prepared","Deflect","Cloak And Dagger","Terror","Corpse Explosion","Caltrops+1","After Image+1","Noxious Fumes+1","Deadly Poison","Bite","Bite","Bite","Bite","Bite","Necronomicurse","Infinite Blades+1"],"max_hp_per_floor":[70,70,70,70,70,70,70,70,70,70,70,70,70,70,70,70,70,70,49,49,49,49,49],"relics":["Ring of the Snake","Girya","Lantern","Astrolabe","Singing Bowl","Necronomicon"],"card_choices":[{"not_picked":["Endless Agony","Sucker Punch"],"picked":"Prepared","floor":1},{"not_picked":["Underhanded Strike","Sucker Punch"],"picked":"PiercingWail","floor":2},{"not_picked":["Heel Hook","Crippling Poison"],"picked":"Deadly Poison","floor":6},{"not_picked":["Dagger Throw","Outmaneuver"],"picked":"Prepared","floor":7},{"not_picked":["Blade Dance","Endless Agony"],"picked":"Deflect","floor":8},{"not_picked":["Flying Knee","PiercingWail"],"picked":"Cloak And Dagger","floor":12},{"not_picked":["PiercingWail","Dagger Spray"],"picked":"Terror","floor":14},{"not_picked":["A Thousand Cuts","Grand Finale"],"picked":"Corpse Explosion","floor":16},{"not_picked":["Eviscerate","Dagger Spray"],"picked":"Deadly Poison","floor":18},{"not_picked":["Cloak And Dagger","Bane"],"picked":"Infinite Blades","floor":22}],"player_experience":144102,"potions_floor_usage":[16,16,16,23],"damage_taken":[{"damage":0,"enemies":"2 Louse","floor":1,"turns":3},{"damage":0,"enemies":"Cultist","floor":2,"turns":3},{"damage":19,"enemies":"3 Sentries","floor":6,"turns":8},{"damage":4,"enemies":"Small Slimes","floor":7,"turns":4},{"damage":11,"enemies":"Exordium Wildlife","floor":8,"turns":4},{"damage":14,"enemies":"Exordium Thugs","floor":12,"turns":6},{"damage":0,"enemies":"3 Louse","floor":14,"turns":5},{"damage":11,"enemies":"The Guardian","floor":16,"turns":9},{"damage":0,"enemies":"3 Byrds","floor":18,"turns":1},{"damage":18,"enemies":"Spheric Guardian","floor":22,"turns":5},{"damage":29,"enemies":"Slavers","floor":23,"turns":2}],"event_choices":[{"event_name":"Transmorgrifier","player_choice":"Transform","floor":3,"damage_taken":0},{"event_name":"Living Wall","player_choice":"Grow","floor":5,"damage_taken":0},{"event_name":"Shining Light","player_choice":"Entered Light","floor":10,"damage_taken":0},{"event_name":"Vampires","player_choice":"Became a vampire","floor":19,"damage_taken":0},{"event_name":"Cursed Tome","player_choice":"Obtained Book","floor":21,"damage_taken":0}],"boss_relics":[{"not_picked":["Runic Pyramid","Snecko Eye"],"picked":"Astrolabe"}],"potions_floor_spawned":[1,7,12,18],"seed_played":"-977149521867879282","killed_by":"Slavers","ascension_level":3,"is_trial":false}