{"gold_per_floor":[113,126,140,140,140,140,172,172,172,198,41,52,82,102,102,173,173,183,183,201,213,213],"floor_reached":22,"playtime":775,"items_purged":[],"score":361,"play_id":"040c637d-e9e0-4b18-a9db-81bb241407d2","local_time":"20181221131119","is_ascension_mode":true,"campfire_choices":[{"data":"Zap","floor":6,"key":"SMITH"},{"floor":8,"key":"REST"},{"floor":15,"key":"REST"}],"neow_cost":"NONE","seed_source_timestamp":568664917377248,"circlet_count":0,"master_deck":["AscendersBane","Strike_B","Strike_B","Defend_B+1","Defend_B","Zap+1","Dualcast","Biased Cognition","Cold Snap","Compile Driver","Buffer","Leap+1","Hologram","FTL","Creative AI","Conserve Battery+1","Force Field+1","Reboot+1","Defragment"],"relics":["Cracked Core","Du-Vu Doll","Bronze Scales","Sundial","Bottled Tornado","Blood Vial","Regal Pillow","War Paint","Astrolabe"],"potions_floor_usage":[10,16],"damage_taken":[{"damage":0,"enemies":"Cultist","floor":1,"turns":3},{"damage":2,"enemies":"2 Louse","floor":2,"turns":2},{"damage":0,"enemies":"Small Slimes","floor":3,"turns":2},{"damage":23,"enemies":"3 Sentries","floor":7,"turns":5},{"damage":9,"enemies":"Lagavulin","floor":10,"turns":5},{"damage":0,"enemies":"Blue Slaver","floor":12,"turns":2},{"damage":12,"enemies":"3 Sentries","floor":13,"turns":7},{"damage":19,"enemies":"Lots of Slimes","floor":14,"turns":3},{"damage":30,"enemies":"Hexaghost","floor":16,"turns":11},{"damage":16,"enemies":"3 Byrds","floor":18,"turns":3},{"damage":0,"enemies":"Spheric Guardian","floor":20,"turns":5},{"damage":37,"enemies":"Snake Plant","floor":21,"turns":5},{"damage":22,"enemies":"3 Cultists","floor":22,"turns":5}],"seed_played":"-7975972873472052072","potions_obtained":[{"floor":1,"key":"Ancient Potion"},{"floor":2,"key":"Strength Potion"},{"floor":7,"key":"EssenceOfSteel"},{"floor":16,"key":"Ancient Potion"},{"floor":18,"key":"Strength Potion"}],"is_trial":false,"path_per_floor":["M","M","M","?","?","R","E","R","T","E","$","M","E","M","R","B",null,"M","?","M","M","M"],"character_chosen":"DEFECT","items_purchased":["Regal Pillow"],"campfire_rested":2,"item_purchase_floors":[11],"current_hp_per_floor":[64,62,62,62,62,62,39,60,60,51,51,53,43,26,62,34,62,48,48,50,15,0],"gold":213,"neow_bonus":"TRANSFORM_CARD","is_prod":false,"is_daily":false,"chose_seed":false,"campfire_upgraded":1,"win_rate":0,"timestamp":1545423079,"path_taken":["M","?","M","?","?","R","E","R","T","E","$","?","E","M","R","BOSS","M","?","M","M","?"],"build_version":"2018-12-20","purchased_purges":0,"victory":false,"max_hp_per_floor":[71,71,71,71,71,71,71,71,71,71,71,71,71,71,71,71,71,71,71,71,71,71],"card_choices":[{"not_picked":["Force Field","Blizzard"],"picked":"Cold Snap","floor":1},{"not_picked":["Lockon","Sweeping Beam"],"picked":"Compile Driver","floor":2},{"not_picked":["Rebound","Melter","Beam Cell"],"picked":"SKIP","floor":3},{"not_picked":["Lockon","Recycle"],"picked":"Buffer","floor":7},{"not_picked":["Streamline","Sweeping Beam"],"picked":"Leap","floor":10},{"not_picked":["Go for the Eyes","Cold Snap"],"picked":"Hologram","floor":12},{"not_picked":["Rebound","Stack","Recycle"],"picked":"SKIP","floor":13},{"not_picked":["Storm","Blizzard"],"picked":"FTL","floor":14},{"not_picked":["Multi-Cast","Rainbow"],"picked":"Creative AI","floor":16},{"not_picked":["Leap","Steam","Recycle+1"],"picked":"SKIP","floor":18},{"not_picked":["Stack+1","Conserve Battery","Reprogram+1"],"picked":"SKIP","floor":20},{"not_picked":["Beam Cell+1","Cold Snap"],"picked":"Defragment","floor":21}],"player_experience":723964,"relics_obtained":[{"floor":7,"key":"Sundial"},{"floor":9,"key":"Bottled Tornado"},{"floor":10,"key":"Blood Vial"},{"floor":13,"key":"War Paint"}],"event_choices":[{"damage_healed":0,"gold_gain":0,"player_choice":"Box","damage_taken":0,"relics_obtained":["Du-Vu Doll"],"max_hp_gain":0,"max_hp_loss":0,"event_name":"Big Fish","floor":4,"gold_loss":0,"cards_obtained":["Regret"]},{"damage_healed":0,"gold_gain":0,"player_choice":"Gave Potion","damage_taken":0,"relics_obtained":["Bronze Scales"],"max_hp_gain":0,"max_hp_loss":0,"event_name":"WeMeetAgain","floor":5,"gold_loss":0},{"cards_removed":["Regret"],"damage_healed":0,"gold_gain":0,"player_choice":"Removed Curses","damage_taken":0,"max_hp_gain":0,"max_hp_loss":0,"event_name":"Fountain of Cleansing","floor":19,"gold_loss":0}],"is_beta":false,"boss_relics":[{"not_picked":["Snecko Eye","White Beast Statue"],"picked":"Astrolabe"}],"items_purged_floors":[],"is_endless":false,"potions_floor_spawned":[1,2,7,16,18],"killed_by":"3 Cultists","ascension_level":15}