{"gold_per_floor":[114,114,129,144,159,189,189,189,264,294,294,69,69,99,111,223,235,262,274,331,442,504,516,558,585,672,184,184,214,229,244,244,344,344,359,59,74,89,104,134,134,134,209,209,224,254,269,284,284,284],"floor_reached":51,"playtime":2206,"items_purged":["Strike_G","Strike_G","Normality"],"score":992,"play_id":"ea13cf45-934f-45c0-98fc-25aee11b257b","local_time":"20190117102936","daily_mods":["Specialized","Vintage","DeadlyEvents"],"is_ascension_mode":false,"campfire_choices":[{"data":"Unload","floor":8,"key":"SMITH"},{"data":"Unload","floor":11,"key":"SMITH"},{"data":"Unload","floor":13,"key":"SMITH"},{"data":"Unload","floor":15,"key":"SMITH"},{"data":"Neutralize","floor":23,"key":"SMITH"},{"data":"Riddle With Holes","floor":28,"key":"SMITH"},{"data":"Survivor","floor":32,"key":"SMITH"},{"floor":42,"key":"REST"},{"data":"Bullet Time","floor":49,"key":"SMITH"}],"neow_cost":"","seed_source_timestamp":0,"circlet_count":0,"master_deck":["Defend_G+1","Defend_G","Strike_G+1","Survivor+1","Neutralize+1","Unload+1","Unload+1","Unload+1","Unload+1","Unload+1","Riddle With Holes+1","Escape Plan+1","Malaise","A Thousand Cuts+1","Sucker Punch+1","Well Laid Plans+1","Bullet Time+1","Doubt","Writhe"],"special_seed":17913,"relics":["Ring of the Snake","Regal Pillow","Ice Cream","Whetstone","FossilizedHelix","Bottled Flame","Darkstone Periapt","Blue Candle","Vajra","MawBank","Astrolabe","Pen Nib","Tiny Chest","Potion Belt","Lantern","Ancient Tea Set","Ornamental Fan","Blood Vial","Toy Ornithopter","Bottled Lightning","Kunai","Mercury Hourglass","Calling Bell","Smiling Mask","Paper Crane","Mango","Singing Bowl","Ninja Scroll","War Paint","Centennial Puzzle","Anchor","Bottled Tornado","Meat on the Bone","Letter Opener","Mummified Hand","Oddly Smooth Stone","Pear"],"potions_floor_usage":[5,16,18,24,25,31,33,35,47,50,50,50],"damage_taken":[{"damage":0,"enemies":"Cultist","floor":1,"turns":2},{"damage":0,"enemies":"Small Slimes","floor":3,"turns":2},{"damage":0,"enemies":"Jaw Worm","floor":4,"turns":2},{"damage":0,"enemies":"3 Louse","floor":5,"turns":2},{"damage":0,"enemies":"Gremlin Nob","floor":6,"turns":3},{"damage":18,"enemies":"Lagavulin","floor":10,"turns":4},{"damage":0,"enemies":"3 Sentries","floor":14,"turns":4},{"damage":25,"enemies":"Hexaghost","floor":16,"turns":6},{"damage":5,"enemies":"Chosen","floor":18,"turns":2},{"damage":0,"enemies":"Shell Parasite","floor":20,"turns":2},{"damage":2,"enemies":"Gremlin Leader","floor":24,"turns":5},{"damage":6,"enemies":"Centurion and Healer","floor":25,"turns":4},{"damage":0,"enemies":"Book of Stabbing","floor":29,"turns":3},{"damage":0,"enemies":"Cultist and Chosen","floor":30,"turns":3},{"damage":0,"enemies":"Snecko","floor":31,"turns":3},{"damage":16,"enemies":"Automaton","floor":33,"turns":8},{"damage":17,"enemies":"3 Darklings","floor":35,"turns":5},{"damage":0,"enemies":"3 Shapes","floor":37,"turns":3},{"damage":14,"enemies":"3 Darklings","floor":38,"turns":4},{"damage":6,"enemies":"4 Shapes","floor":39,"turns":3},{"damage":28,"enemies":"Nemesis","floor":40,"turns":5},{"damage":1,"enemies":"Transient","floor":45,"turns":5},{"damage":6,"enemies":"Giant Head","floor":46,"turns":7},{"damage":1,"enemies":"3 Darklings","floor":47,"turns":2},{"damage":1,"enemies":"Jaw Worm Horde","floor":48,"turns":3},{"damage":18,"enemies":"Awakened One","floor":50,"turns":10}],"seed_played":"8498039095971969766","potions_obtained":[{"floor":3,"key":"EssenceOfSteel"},{"floor":5,"key":"Ancient Potion"},{"floor":10,"key":"PowerPotion"},{"floor":16,"key":"FearPotion"},{"floor":20,"key":"GhostInAJar"},{"floor":24,"key":"PowerPotion"},{"floor":29,"key":"Dexterity Potion"},{"floor":30,"key":"SteroidPotion"},{"floor":35,"key":"Fruit Juice"},{"floor":40,"key":"Block Potion"},{"floor":47,"key":"Fruit Juice"},{"floor":48,"key":"LiquidBronze"}],"is_trial":false,"path_per_floor":["M","?","M","M","M","E","?","R","T","E","R","$","R","E","R","B",null,"M","?","M","?","T","R","E","M","T","$","R","E","M","M","R","B",null,"M","$","M","M","M","E","?","R","T","?","M","E","M","M","R","B",null],"character_chosen":"THE_SILENT","items_purchased":["Vajra","Blood Vial","Toy Ornithopter","Strength Potion","Ninja Scroll"],"campfire_rested":1,"item_purchase_floors":[12,27,27,27,36],"current_hp_per_floor":[70,70,70,70,70,70,70,70,70,52,52,52,52,52,52,27,70,65,65,65,65,65,65,63,57,57,57,57,59,61,68,68,54,102,95,95,97,85,81,57,59,107,107,107,108,106,117,127,127,115],"gold":284,"neow_bonus":"","is_prod":false,"is_daily":true,"chose_seed":false,"campfire_upgraded":8,"win_rate":0,"timestamp":1547717376,"path_taken":["M","?","?","M","M","E","?","R","T","E","R","$","R","?","R","BOSS","M","?","M","?","?","R","E","M","T","$","R","?","?","M","R","BOSS","M","$","M","M","M","E","?","R","T","?","?","?","M","M","R","BOSS"],"build_version":"2019-01-16","purchased_purges":3,"victory":true,"max_hp_per_floor":[70,70,70,70,70,70,70,70,70,70,70,70,70,70,70,70,70,70,70,70,70,70,70,70,70,70,70,70,70,70,70,70,70,102,107,107,107,107,107,109,111,111,111,111,111,113,118,128,128,128],"card_choices":[{"not_picked":["Acrobatics","Deflect","Quick Slash"],"picked":"SKIP","floor":6},{"not_picked":["Outmaneuver","Storm of Steel"],"picked":"Escape Plan","floor":10},{"not_picked":["Acrobatics","Slice","Dagger Spray"],"picked":"SKIP","floor":14},{"not_picked":["Glass Knife","Grand Finale"],"picked":"Malaise","floor":16},{"not_picked":["Cloak And Dagger","Deflect+1","Sucker Punch"],"picked":"SKIP","floor":24},{"not_picked":["Quick Slash","Flying Knee"],"picked":"Well Laid Plans+1","floor":29},{"not_picked":["Venomology","After Image"],"picked":"Bullet Time","floor":33},{"not_picked":["Slice","Choke+1","Distraction"],"picked":"Singing Bowl","floor":40},{"not_picked":["Swift Strike","Master of Strategy","Bandage Up"],"picked":"Singing Bowl","floor":41},{"not_picked":["Deflect","Quick Slash","Footwork"],"picked":"Singing Bowl","floor":46}],"player_experience":187030,"relics_obtained":[{"floor":1,"key":"Regal Pillow"},{"floor":3,"key":"Ice Cream"},{"floor":4,"key":"Whetstone"},{"floor":5,"key":"FossilizedHelix"},{"floor":6,"key":"Bottled Flame"},{"floor":9,"key":"Darkstone Periapt"},{"floor":10,"key":"Blue Candle"},{"floor":14,"key":"MawBank"},{"floor":18,"key":"Pen Nib"},{"floor":20,"key":"Tiny Chest"},{"floor":22,"key":"Potion Belt"},{"floor":24,"key":"Lantern"},{"floor":25,"key":"Ancient Tea Set"},{"floor":26,"key":"Ornamental Fan"},{"floor":29,"key":"Bottled Lightning"},{"floor":30,"key":"Kunai"},{"floor":31,"key":"Mercury Hourglass"},{"floor":34,"key":"Smiling Mask"},{"floor":34,"key":"Paper Crane"},{"floor":34,"key":"Mango"},{"floor":35,"key":"Singing Bowl"},{"floor":37,"key":"War Paint"},{"floor":38,"key":"Centennial Puzzle"},{"floor":39,"key":"Anchor"},{"floor":40,"key":"Bottled Tornado"},{"floor":43,"key":"Meat on the Bone"},{"floor":45,"key":"Letter Opener"},{"floor":46,"key":"Mummified Hand"},{"floor":47,"key":"Oddly Smooth Stone"},{"floor":48,"key":"Pear"}],"event_choices":[{"damage_healed":0,"gold_gain":0,"cards_transformed":["Defend_G"],"player_choice":"Transformed","damage_taken":0,"max_hp_gain":0,"max_hp_loss":0,"event_name":"Transmorgrifier","floor":2,"gold_loss":0,"cards_obtained":["Riddle With Holes"]},{"cards_removed":["Defend_G"],"damage_healed":0,"gold_gain":0,"player_choice":"Offered Basic","damage_taken":0,"max_hp_gain":0,"max_hp_loss":0,"event_name":"Bonfire Elementals","floor":7,"gold_loss":0},{"damage_healed":0,"gold_gain":0,"player_choice":"Ignored","damage_taken":0,"max_hp_gain":0,"max_hp_loss":0,"event_name":"Ghosts","floor":19,"gold_loss":0},{"damage_healed":0,"gold_gain":99,"player_choice":"Stole From Cult","damage_taken":0,"max_hp_gain":0,"max_hp_loss":0,"event_name":"Nest","floor":21,"gold_loss":0},{"damage_healed":0,"gold_gain":0,"player_choice":"Memory 1","damage_taken":0,"max_hp_gain":0,"max_hp_loss":0,"event_name":"SensoryStone","floor":41,"gold_loss":0},{"cards_removed":["Heel Hook"],"damage_healed":0,"gold_gain":0,"player_choice":"Removed Attack","damage_taken":0,"max_hp_gain":0,"max_hp_loss":0,"event_name":"Falling","floor":44,"gold_loss":0}],"is_beta":true,"boss_relics":[{"not_picked":["Snecko Eye","Eternal Feather"],"picked":"Astrolabe"},{"not_picked":["Velvet Choker","Black Star"],"picked":"Calling Bell"}],"items_purged_floors":[12,27,36],"is_endless":false,"potions_floor_spawned":[3,5,10,16,20,24,29,30,35,40,47,48],"ascension_level":0}