{"gold_per_floor":[111,131,131,131,31,64,64,64,111,126,126,144,159,177,177,305,305,328,328,352,66,82,115,115,153,179,203,203,216,216,231,231,231],"floor_reached":33,"playtime":1642,"items_purged":[],"score":382,"play_id":"dc5150e4-28e4-4f13-9316-5ef838cd57c7","local_time":"20190204152830","is_ascension_mode":true,"campfire_choices":[{"floor":7.0,"key":"REST"},{"floor":15.0,"key":"REST"},{"floor":24.0,"key":"REST"},{"floor":28.0,"key":"REST"},{"data":"Seeing Red","floor":30.0,"key":"SMITH"},{"floor":32.0,"key":"REST"}],"neow_cost":"NONE","seed_source_timestamp":0,"circlet_count":0,"master_deck":["Strike_R","Strike_R","Strike_R","Strike_R","Strike_R+1","Defend_R","Defend_R","Defend_R","Defend_R","Bash+1","Flame Barrier","Clothesline","Flex","Thunderclap","Feed","Clothesline","Bash","Exhume","Dramatic Entrance","Thunderclap","Warcry","Cleave","Dropkick+1","Cleave","Pummel","Fire Breathing+1","Flex","Seeing Red+1","Pummel","Dropkick"],"special_seed":0,"relics":["Burning Blood","Golden Idol","Torii","Lantern","Runic Cube","Ancient Tea Set","Boot","Ornamental Fan","Paper Frog","Regal Pillow"],"potions_floor_usage":[33],"damage_taken":[{"damage":7.0,"enemies":"Jaw Worm","floor":1.0,"turns":3.0},{"damage":0.0,"enemies":"Small Slimes","floor":2.0,"turns":3.0},{"damage":20.0,"enemies":"Gremlin Nob","floor":6.0,"turns":4.0},{"damage":0.0,"enemies":"2 Louse","floor":10.0,"turns":3.0},{"damage":11.0,"enemies":"Exordium Thugs","floor":12.0,"turns":3.0},{"damage":14.0,"enemies":"Gremlin Gang","floor":13.0,"turns":3.0},{"damage":0.0,"enemies":"3 Louse","floor":14.0,"turns":2.0},{"damage":53.0,"enemies":"The Guardian","floor":16.0,"turns":13.0},{"damage":9.0,"enemies":"Shell Parasite","floor":18.0,"turns":10.0},{"damage":2.0,"enemies":"Chosen","floor":20.0,"turns":4.0},{"damage":27.0,"enemies":"3 Cultists","floor":22.0,"turns":5.0},{"damage":83.0,"enemies":"Book of Stabbing","floor":23.0,"turns":6.0},{"damage":27.0,"enemies":"Gremlin Leader","floor":25.0,"turns":5.0},{"damage":6.0,"enemies":"Centurion and Healer","floor":27.0,"turns":4.0},{"damage":27.0,"enemies":"Snake Plant","floor":29.0,"turns":4.0},{"damage":22.0,"enemies":"Shelled Parasite and Fungi","floor":31.0,"turns":4.0},{"damage":108,"enemies":"Champ","floor":33,"turns":11}],"seed_played":"-4530616684697322637","potions_obtained":[{"floor":1.0,"key":"Dexterity Potion"},{"floor":12.0,"key":"Ancient Potion"},{"floor":16.0,"key":"BloodPotion"},{"floor":20.0,"key":"Block Potion"},{"floor":22.0,"key":"GamblersBrew"},{"floor":25.0,"key":"Strength Potion"},{"floor":27.0,"key":"SpeedPotion"}],"is_trial":false,"path_per_floor":["M","M","?","?","$","E","R","$","T","M","?","M","M","M","R","B",null,"M","?","M","$","M","E","R","E","T","M","R","M","R","M","R","B"],"character_chosen":"IRONCLAD","items_purchased":["Flex","Thunderclap","Ancient Tea Set","Boot"],"campfire_rested":5,"item_purchase_floors":[5,5,21,21],"current_hp_per_floor":[87,88,66,48,48,34,60,60,60,69,69,64,59,68,97,50,97,94,107,110,110,92,15,48,38,38,41,90,72,72,56,106,0],"gold":231,"neow_bonus":"TEN_PERCENT_HP_BONUS","is_prod":false,"is_daily":false,"chose_seed":false,"campfire_upgraded":1,"win_rate":0,"timestamp":1549265310,"path_taken":["M","M","?","?","$","E","R","$","T","M","?","?","?","M","R","BOSS","M","?","M","$","M","E","R","E","T","M","R","M","R","?","R","BOSS"],"build_version":"2019-01-23","purchased_purges":0,"victory":false,"max_hp_per_floor":[88,88,88,88,88,88,88,88,88,91,91,91,94,97,97,97,97,97,107,110,110,113,113,113,113,113,116,116,119,119,119,119,119],"card_choices":[{"not_picked":["Metallicize","Shrug It Off"],"picked":"Flame Barrier","floor":1.0},{"not_picked":["Headbutt","Twin Strike"],"picked":"Clothesline","floor":2.0},{"not_picked":["Heavy Blade","Evolve"],"picked":"Feed","floor":6.0},{"not_picked":["Perfected Strike","Wild Strike"],"picked":"Clothesline","floor":10.0},{"not_picked":["Pommel Strike","Impervious"],"picked":"Thunderclap","floor":12.0},{"not_picked":["Heavy Blade","Havoc"],"picked":"Warcry","floor":13.0},{"not_picked":["Clothesline","Headbutt"],"picked":"Cleave","floor":14.0},{"not_picked":["Impervious","Brutality"],"picked":"Reaper","floor":16.0},{"not_picked":["Twin Strike","Clash"],"picked":"Dropkick+1","floor":18.0},{"not_picked":["Heavy Blade","Thunderclap"],"picked":"Cleave","floor":20.0},{"not_picked":["Burning Pact+1","True Grit"],"picked":"Pummel","floor":22.0},{"not_picked":["Second Wind","Disarm"],"picked":"Fire Breathing+1","floor":23.0},{"not_picked":["Wild Strike+1","Armaments"],"picked":"Flex","floor":25.0},{"not_picked":["Rupture","Demon Form"],"picked":"Seeing Red","floor":27.0},{"not_picked":["Armaments","Havoc"],"picked":"Pummel","floor":29.0},{"not_picked":["Rupture+1","Second Wind"],"picked":"Dropkick","floor":31.0}],"player_experience":57372,"relics_obtained":[{"floor":6.0,"key":"Torii"},{"floor":9.0,"key":"Lantern"},{"floor":23.0,"key":"Ornamental Fan"},{"floor":25.0,"key":"Paper Frog"},{"floor":26.0,"key":"Regal Pillow"}],"event_choices":[{"damage_healed":0.0,"max_hp_gain":0.0,"max_hp_loss":0.0,"gold_gain":0.0,"event_name":"Golden Idol","player_choice":"Take Damage","floor":3.0,"gold_loss":0.0,"damage_taken":22.0,"relics_obtained":["Golden Idol"]},{"damage_healed":0.0,"max_hp_gain":0.0,"max_hp_loss":0.0,"gold_gain":0.0,"event_name":"Shining Light","player_choice":"Entered Light","floor":4.0,"gold_loss":0.0,"damage_taken":18.0,"cards_upgraded":["Bash","Strike_R"]},{"damage_healed":0.0,"max_hp_gain":0.0,"max_hp_loss":0.0,"gold_gain":0.0,"event_name":"Match and Keep!","player_choice":"3 cards matched","floor":11.0,"gold_loss":0.0,"damage_taken":0.0,"cards_obtained":["Bash","Exhume","Dramatic Entrance"]},{"cards_removed":["Reaper"],"damage_healed":3.0,"max_hp_gain":10.0,"max_hp_loss":0.0,"gold_gain":0.0,"event_name":"Bonfire Elementals","player_choice":"Offered Rare","floor":19.0,"gold_loss":0.0,"damage_taken":0.0}],"is_beta":false,"boss_relics":[{"not_picked":["Ectoplasm","Orrery"],"picked":"Runic Cube"}],"items_purged_floors":[],"is_endless":false,"potions_floor_spawned":[1,12,16,20,22,25,27],"killed_by":"Champ","ascension_level":3}