{"gold_per_floor":[115,115,3,19,34,34,67,86,86,102,117,117,117,17,17,113,113,131,131,131,141,91,91,121,135,159,177,177],"floor_reached":28,"playtime":1774,"items_purged":["Doubt","Strike_B"],"score":312,"play_id":"a4402abc-7359-4bd8-a0e0-03144ddcc900","local_time":"20180730175424","is_ascension_mode":true,"campfire_choices":[{"data":"Storm","floor":6,"key":"SMITH"},{"floor":15,"key":"REST"},{"data":"Buffer","floor":23,"key":"SMITH"}],"neow_cost":"CURSE","seed_source_timestamp":34309237396135,"circlet_count":0,"master_deck":["Strike_B","Strike_B","Defend_B","Defend_B","Defend_B","Defend_B","Zap+1","Dualcast","Cold Snap","Defragment","Storm+1","Echo Form+1","Ball Lightning","Beam Cell","Buffer+1","Coolheaded","Barrage","Conserve Battery","Coolheaded","Seek"],"relics":["Cracked Core","Emotion Chip","Lantern","Blood Vial","Inserter","Frozen Egg 2","Dream Catcher"],"potions_floor_usage":[7,10,16,16,24,25,27],"damage_taken":[{"damage":10,"enemies":"2 Louse","floor":1,"turns":2},{"damage":4,"enemies":"Jaw Worm","floor":4,"turns":3},{"damage":0,"enemies":"Small Slimes","floor":5,"turns":3},{"damage":18,"enemies":"Gremlin Nob","floor":7,"turns":4},{"damage":11,"enemies":"Gremlin Gang","floor":8,"turns":4},{"damage":4,"enemies":"Blue Slaver","floor":10,"turns":2},{"damage":14,"enemies":"Exordium Thugs","floor":11,"turns":3},{"damage":13,"enemies":"Hexaghost","floor":16,"turns":6},{"damage":53,"enemies":"3 Byrds","floor":18,"turns":4},{"damage":2,"enemies":"Chosen","floor":21,"turns":4},{"damage":30,"enemies":"Book of Stabbing","floor":24,"turns":5},{"damage":9,"enemies":"3 Cultists","floor":25,"turns":5},{"damage":34,"enemies":"Slaver and Parasite","floor":27,"turns":5},{"damage":12,"enemies":"Chosen and Byrds","floor":28,"turns":1}],"seed_played":"-1772645593437779574","potions_obtained":[{"floor":5,"key":"Strength Potion"},{"floor":8,"key":"Weak Potion"},{"floor":10,"key":"SteroidPotion"},{"floor":13,"key":"Energy Potion"},{"floor":13,"key":"EssenceOfSteel"},{"floor":13,"key":"FocusPotion"},{"floor":16,"key":"LiquidBronze"},{"floor":24,"key":"Poison Potion"},{"floor":25,"key":"FearPotion"},{"floor":27,"key":"Fire Potion"}],"is_trial":false,"path_per_floor":["M","?","$","M","M","R","E","M","T","M","M","?","?","$","R","B",null,"M","?","?","M","?","R","E","M","T","M"],"character_chosen":"DEFECT","items_purchased":["Defragment"],"campfire_rested":1,"item_purchase_floors":[3],"current_hp_per_floor":[58,58,58,54,54,54,36,25,25,23,11,11,11,11,33,22,62,11,11,75,73,73,73,45,38,38,6,0],"gold":177,"neow_bonus":"ONE_RARE_RELIC","is_prod":false,"is_daily":false,"chose_seed":false,"campfire_upgraded":2,"win_rate":0,"timestamp":1532937264,"path_taken":["M","?","$","M","M","R","E","M","T","?","M","?","?","$","R","BOSS","M","?","?","M","?","R","E","?","T","M","M"],"build_version":"2018-07-26","purchased_purges":2,"victory":false,"max_hp_per_floor":[75,75,75,75,75,75,75,75,75,75,75,75,75,75,75,75,75,75,75,75,75,75,75,75,75,75,75,75],"card_choices":[{"not_picked":["Melter","Undo"],"picked":"Cold Snap","floor":1},{"not_picked":["Steam","Double Energy"],"picked":"Storm","floor":4},{"not_picked":["Hologram","Gash","Rip and Tear"],"picked":"SKIP","floor":5},{"not_picked":["Rip and Tear","Barrage"],"picked":"Echo Form","floor":7},{"not_picked":["Compile Driver","Auto Shields"],"picked":"Hello World","floor":8},{"not_picked":["Hologram","Consume"],"picked":"Ball Lightning","floor":10},{"not_picked":["Recycle","Hologram","Cold Snap"],"picked":"SKIP","floor":11},{"not_picked":["Reboot","Meteor Strike"],"picked":"Buffer","floor":16},{"not_picked":["Doom and Gloom+1","Steam+1"],"picked":"Coolheaded","floor":18},{"not_picked":["Ball Lightning","Chill"],"picked":"Barrage","floor":21},{"not_picked":["Barrage","Loop"],"picked":"Conserve Battery","floor":24},{"not_picked":["Sweeping Beam","Go for the Eyes+1"],"picked":"Coolheaded","floor":25},{"not_picked":["Go for the Eyes","Hologram"],"picked":"Seek","floor":27}],"player_experience":566665,"relics_obtained":[{"floor":7,"key":"Lantern"},{"floor":9,"key":"Blood Vial"},{"floor":24,"key":"Frozen Egg 2"},{"floor":26,"key":"Dream Catcher"}],"event_choices":[{"event_name":"Living Wall","player_choice":"Grow","floor":2,"damage_taken":0},{"event_name":"Transmorgrifier","player_choice":"Transform","floor":12,"damage_taken":0},{"event_name":"The Lab","player_choice":"Got Potions","floor":13,"damage_taken":0},{"event_name":"Accursed Blacksmith","player_choice":"Forge","floor":19,"damage_taken":0},{"event_name":"Bonfire Elementals","player_choice":"UNCOMMON","floor":20,"damage_taken":0},{"event_name":"The Joust","player_choice":"Bet on Owner","floor":22,"damage_taken":0}],"is_beta":false,"boss_relics":[{"not_picked":["Tiny House","Lizard Tail"],"picked":"Inserter"}],"items_purged_floors":[3,14],"is_endless":false,"potions_floor_spawned":[5,8,10,16,24,25,27],"killed_by":"Chosen and Byrds","ascension_level":6}