{"gold_per_floor":[115,135,7,7,26,41,76,76,100,100,127,127,139,139,139,236,236,252,267,42,58,73,73,20,20,46,78,78,177,212,231,231,326,326,341,341,241,255,105,137,137,137,137,137,62,90,100,100,100,100],"floor_reached":50,"playtime":2191,"items_purged":["Strike_R","Strike_R"],"score":835,"play_id":"a588bdc2-6ecb-4868-9489-23b5ebaec450","local_time":"20190130210607","is_ascension_mode":true,"campfire_choices":[{"data":"Armaments","floor":8,"key":"SMITH"},{"floor":12,"key":"REST"},{"floor":15,"key":"REST"},{"data":"Corruption","floor":23,"key":"SMITH"},{"data":"Body Slam","floor":25,"key":"SMITH"},{"data":"True Grit","floor":32,"key":"SMITH"},{"data":"Apotheosis","floor":41,"key":"SMITH"},{"data":"Barricade","floor":44,"key":"SMITH"},{"floor":49,"key":"RECALL"}],"neow_cost":"NONE","seed_source_timestamp":1735279939556701,"circlet_count":0,"master_deck":["Strike_R","Strike_R","Strike_R","Defend_R","Defend_R","Defend_R","Defend_R","Bash+1","Body Slam+1","Armaments+1","Anger","Immolate","Flame Barrier","Fiend Fire","Impervious","Ghostly Armor","Iron Wave","Corruption+1","Second Wind","Havoc","Body Slam+1","True Grit+1","True Grit+1","Barricade+1","Burning Pact","Apotheosis+1","Finesse","Purity","Havoc","Impervious","Second Wind","Juggernaut"],"relics":["Burning Blood","Vajra","Juzu Bracelet","Bag of Marbles","Strawberry","Dead Branch","Runic Dome","Happy Flower","Omamori","Pocketwatch","Lantern","Mark of Pain","Sundial","Red Skull","Unceasing Top","Champion Belt"],"potions_floor_usage":[11,13,30],"damage_taken":[{"damage":2,"enemies":"Small Slimes","floor":1,"turns":4},{"damage":6,"enemies":"Cultist","floor":2,"turns":3},{"damage":7,"enemies":"Jaw Worm","floor":5,"turns":5},{"damage":24,"enemies":"Exordium Thugs","floor":6,"turns":4},{"damage":20,"enemies":"3 Sentries","floor":7,"turns":4},{"damage":45,"enemies":"Lagavulin","floor":11,"turns":7},{"damage":0,"enemies":"Blue Slaver","floor":13,"turns":1},{"damage":34,"enemies":"The Guardian","floor":16,"turns":10},{"damage":7,"enemies":"3 Byrds","floor":18,"turns":3},{"damage":17,"enemies":"2 Thieves","floor":19,"turns":3},{"damage":24,"enemies":"Snake Plant","floor":21,"turns":4},{"damage":3,"enemies":"Centurion and Healer","floor":22,"turns":4},{"damage":3,"enemies":"Slavers","floor":27,"turns":4},{"damage":25,"enemies":"Book of Stabbing","floor":30,"turns":3},{"damage":0,"enemies":"Sentry and Sphere","floor":31,"turns":3},{"damage":0,"enemies":"Collector","floor":33,"turns":5},{"damage":0,"enemies":"3 Shapes","floor":35,"turns":6},{"damage":6,"enemies":"Orb Walker","floor":38,"turns":2},{"damage":4,"enemies":"Reptomancer","floor":40,"turns":2},{"damage":0,"enemies":"Nemesis","floor":46,"turns":3},{"damage":17,"enemies":"Writhing Mass","floor":47,"turns":5},{"damage":77,"enemies":"Time Eater","floor":50,"turns":4}],"seed_played":"7839953827808646216","potions_obtained":[{"floor":5,"key":"Ancient Potion"},{"floor":6,"key":"Strength Potion"},{"floor":11,"key":"Poison Potion"},{"floor":16,"key":"BloodPotion"},{"floor":18,"key":"LiquidBronze"},{"floor":30,"key":"Ancient Potion"},{"floor":35,"key":"Energy Potion"}],"is_trial":false,"path_per_floor":["M","M","$","?","M","M","E","R","T","?","E","R","M","?","R","B",null,"M","M","$","M","M","R","$","R","T","E","?","?","E","M","R","B",null,"M","?","$","M","$","E","R","T","T","R","$","E","M","T","R","B"],"character_chosen":"IRONCLAD","items_purchased":["Armaments","Corruption","Happy Flower","Havoc","Impervious","Second Wind"],"campfire_rested":2,"item_purchase_floors":[3,20,20,24,39,45],"current_hp_per_floor":[80,80,80,80,79,61,47,47,47,47,15,41,47,29,55,27,87,86,75,75,57,60,60,60,60,60,63,63,63,52,58,58,64,87,87,77,77,77,77,79,79,79,79,79,79,85,74,74,74,0],"gold":100,"neow_bonus":"UPGRADE_CARD","is_prod":false,"is_daily":false,"chose_seed":false,"campfire_upgraded":6,"win_rate":0,"timestamp":1548849967,"path_taken":["M","M","$","?","M","M","E","R","T","?","E","R","M","?","R","BOSS","M","M","$","M","M","R","$","R","T","E","?","?","E","M","R","BOSS","M","?","$","M","$","E","R","?","T","R","?","E","M","?","R","BOSS"],"build_version":"2019-01-23","purchased_purges":2,"victory":false,"max_hp_per_floor":[80,80,80,80,80,80,80,80,80,80,87,87,87,87,87,87,87,87,87,87,87,87,87,87,87,87,87,87,87,87,87,87,87,87,87,87,87,87,87,87,87,87,87,87,87,87,87,87,87,87],"card_choices":[{"not_picked":["Perfected Strike","Hemokinesis"],"picked":"Body Slam","floor":1},{"not_picked":["Sword Boomerang","Headbutt","Thunderclap"],"picked":"SKIP","floor":2},{"not_picked":["Iron Wave","Intimidate"],"picked":"Anger","floor":5},{"not_picked":["Sword Boomerang","Warcry"],"picked":"Immolate","floor":6},{"not_picked":["Pommel Strike","Clothesline"],"picked":"Flame Barrier","floor":7},{"not_picked":["Perfected Strike","Thunderclap"],"picked":"Fiend Fire","floor":11},{"not_picked":["Sword Boomerang","Cleave","Anger"],"picked":"SKIP","floor":13},{"not_picked":["Brutality","Limit Break"],"picked":"Impervious","floor":16},{"not_picked":["Twin Strike+1","Cleave"],"picked":"Ghostly Armor","floor":18},{"not_picked":["Carnage","Wild Strike"],"picked":"Iron Wave","floor":19},{"not_picked":["Anger","Sword Boomerang"],"picked":"Second Wind","floor":21},{"not_picked":["Armaments","Cleave","Twin Strike"],"picked":"SKIP","floor":22},{"not_picked":["Cleave","Clothesline"],"picked":"Body Slam","floor":27},{"not_picked":["Pommel Strike","Heavy Blade+1"],"picked":"True Grit","floor":30},{"not_picked":["Body Slam","Iron Wave+1"],"picked":"True Grit+1","floor":31},{"not_picked":["Limit Break","Offering"],"picked":"Barricade","floor":33},{"not_picked":["Carnage","Searing Blow+1"],"picked":"Burning Pact","floor":35},{"not_picked":["Forethought","Dramatic Entrance"],"picked":"Apotheosis","floor":36},{"not_picked":["Trip","Impatience"],"picked":"Finesse","floor":36},{"not_picked":["Swift Strike","Forethought"],"picked":"Purity","floor":36},{"not_picked":["Body Slam+1","Carnage+1"],"picked":"Havoc","floor":38},{"not_picked":["Anger","Heavy Blade","Blood for Blood"],"picked":"SKIP","floor":40},{"not_picked":["Clothesline","Warcry+1"],"picked":"Juggernaut","floor":46},{"not_picked":["Sword Boomerang","Clash","Clothesline+1"],"picked":"SKIP","floor":47}],"player_experience":744347,"relics_obtained":[{"floor":7,"key":"Vajra"},{"floor":9,"key":"Juzu Bracelet"},{"floor":10,"key":"Bag of Marbles"},{"floor":11,"key":"Strawberry"},{"floor":26,"key":"Omamori"},{"floor":27,"key":"Pocketwatch"},{"floor":30,"key":"Lantern"},{"floor":40,"key":"Sundial"},{"floor":43,"key":"Red Skull"},{"floor":46,"key":"Unceasing Top"},{"floor":48,"key":"Champion Belt"}],"event_choices":[{"damage_healed":0,"gold_gain":0,"player_choice":"Ignored","damage_taken":0,"max_hp_gain":0,"max_hp_loss":0,"event_name":"Liars Game","floor":4,"gold_loss":0},{"damage_healed":0,"gold_gain":0,"player_choice":"Relic","damage_taken":0,"max_hp_gain":0,"max_hp_loss":0,"event_name":"Wheel of Change","floor":10,"gold_loss":0},{"damage_healed":0,"gold_gain":0,"player_choice":"Success","damage_taken":18,"relics_obtained":["Dead Branch"],"max_hp_gain":0,"max_hp_loss":0,"event_name":"Scrap Ooze","floor":14,"gold_loss":0},{"damage_healed":0,"gold_gain":0,"player_choice":"Forge","damage_taken":0,"max_hp_gain":0,"max_hp_loss":0,"event_name":"Accursed Blacksmith","floor":28,"gold_loss":0,"cards_upgraded":["Body Slam"]},{"damage_healed":0,"gold_gain":99,"player_choice":"Stole From Cult","damage_taken":0,"max_hp_gain":0,"max_hp_loss":0,"event_name":"Nest","floor":29,"gold_loss":0},{"damage_healed":0,"gold_gain":0,"player_choice":"Memory 3","damage_taken":10,"max_hp_gain":0,"max_hp_loss":0,"event_name":"SensoryStone","floor":36,"gold_loss":0}],"is_beta":false,"boss_relics":[{"not_picked":["Orrery","Coffee Dripper"],"picked":"Runic Dome"},{"not_picked":["Philosopher\u0027s Stone","Velvet Choker"],"picked":"Mark of Pain"}],"items_purged_floors":[3,37],"is_endless":false,"potions_floor_spawned":[5,6,11,16,18,19,30,35,46,47],"killed_by":"Time Eater","ascension_level":4}