{"path_per_floor":["M","?","M","M","?","R","M","R","T","M","R","?","M","?","R","B",null,"M","M","M","M","$","R","$","?","T","?","M","R","M","M","R"],"character_chosen":"DEFECT","items_purchased":["Ancient Tea Set"],"gold_per_floor":[115,115,126,144,144,144,158,158,183,195,195,195,208,208,208,308,308,322,340,359,370,148,148,48,0,0,0,20,20,34,50,50,50],"floor_reached":33,"campfire_rested":4,"playtime":1140,"current_hp_per_floor":[73,75,75,69,69,69,66,66,66,66,66,66,56,41,63,19,75,59,57,38,8,8,30,30,30,30,30,22,44,34,24,46,0],"items_purged":["Strike_B","Strike_B"],"gold":50,"score":240,"play_id":"787f69e5-ece3-4be1-b8d7-f24c93387ff4","local_time":"20180506112953","is_prod":false,"is_daily":false,"chose_seed":false,"is_ascension_mode":false,"campfire_upgraded":3,"timestamp":1525598993,"path_taken":["M","?","M","M","?","R","M","R","T","M","R","?","?","?","R","BOSS","M","?","?","M","$","R","$","?","T","?","M","R","M","M","R","BOSS"],"build_version":"2018-05-03","seed_source_timestamp":8797842262525,"purchased_purges":2,"victory":false,"master_deck":["Strike_B+1","Strike_B","Defend_B","Defend_B+1","Defend_B","Defend_B+1","Zap+1","Dualcast+1","Coolheaded+1","Doom and Gloom","Ball Lightning","Doom and Gloom","Cold Snap+1","Streamline","Rainbow","White Noise","Streamline","Tempest+1","Ball Lightning","Barrage","Zap","Go for the Eyes+1","Capacitor","Hello World+1"],"max_hp_per_floor":[75,75,75,75,75,75,75,75,75,75,75,75,75,75,75,75,75,75,75,75,75,75,75,75,75,75,75,75,75,75,75,75,75],"relics":["Cracked Core","War Paint","Bronze Scales","Spirit Poop","Velvet Choker","Ancient Tea Set","Question Card"],"card_choices":[{"not_picked":["Rebound","Go for the Eyes"],"picked":"Coolheaded","floor":0},{"not_picked":["Cold Snap","Capacitor"],"picked":"Doom and Gloom","floor":1},{"not_picked":["Chill","Go for the Eyes"],"picked":"Ball Lightning","floor":3},{"not_picked":["Rebound","Aggregate"],"picked":"Doom and Gloom","floor":4},{"not_picked":["Rip and Tear","Sweeping Beam"],"picked":"Cold Snap","floor":10},{"not_picked":["Reprogram","Leap"],"picked":"Streamline","floor":13},{"not_picked":["Thunder Strike","Reboot"],"picked":"Rainbow","floor":16},{"not_picked":["Impulse","Aggregate"],"picked":"White Noise","floor":18},{"not_picked":["Hologram","Coolheaded"],"picked":"Streamline","floor":19},{"not_picked":["Consume","Stack"],"picked":"Tempest","floor":20},{"not_picked":["Leap","Echo Form"],"picked":"Ball Lightning","floor":21},{"not_picked":["Leap","Melter","Double Energy"],"picked":"Go for the Eyes","floor":28},{"not_picked":["Stack","Rebound","Consume"],"picked":"Capacitor","floor":30},{"not_picked":["Glacier","Impulse","Gash"],"picked":"Hello World","floor":31}],"player_experience":25696,"potions_floor_usage":[],"damage_taken":[{"damage":2,"enemies":"2 Louse","floor":1,"turns":2},{"damage":0,"enemies":"Cultist","floor":3,"turns":3},{"damage":6,"enemies":"Jaw Worm","floor":4,"turns":3},{"damage":3,"enemies":"Exordium Wildlife","floor":7,"turns":2},{"damage":0,"enemies":"Looter","floor":10,"turns":2},{"damage":10,"enemies":"Blue Slaver","floor":13,"turns":2},{"damage":44,"enemies":"Hexaghost","floor":16,"turns":8},{"damage":16,"enemies":"2 Thieves","floor":18,"turns":3},{"damage":2,"enemies":"3 Byrds","floor":19,"turns":2},{"damage":19,"enemies":"Snake Plant","floor":20,"turns":3},{"damage":30,"enemies":"Cultist and Chosen","floor":21,"turns":4},{"damage":8,"enemies":"Centurion and Healer","floor":28,"turns":3},{"damage":10,"enemies":"Sentry and Sphere","floor":30,"turns":3},{"damage":10,"enemies":"Snecko","floor":31,"turns":3},{"damage":81,"enemies":"Automaton","floor":33,"turns":6}],"event_choices":[{"event_name":"Wheel of Change","player_choice":"Full Heal","floor":2,"damage_taken":0},{"event_name":"Big Fish","player_choice":"Box","floor":5,"damage_taken":0},{"event_name":"Bonfire Elementals","player_choice":"CURSE","floor":12,"damage_taken":0},{"event_name":"Shining Light","player_choice":"Entered Light","floor":14,"damage_taken":0},{"event_name":"Masked Bandits","player_choice":"Paid Bandits 48 gold","floor":25,"damage_taken":0},{"event_name":"Match and Keep!","player_choice":"2 cards matched","floor":27,"damage_taken":0}],"boss_relics":[{"not_picked":["Runic Dome","Ectoplasm"],"picked":"Velvet Choker"}],"potions_floor_spawned":[4,7,13,16,28,30],"seed_played":"-4713763266263878376","killed_by":"Automaton","ascension_level":0,"is_trial":false}