{"gold_per_floor":[113,131,148,148,148,148,148,159,159,174,187,202,202,537,537,612,612,589,607,697,335,351,351,351],"floor_reached":24,"playtime":969,"items_purged":["Strike_R"],"score":370,"play_id":"365e8624-b756-4142-aecc-4c50594f2afe","local_time":"20180927230613","is_ascension_mode":true,"campfire_choices":[{"data":"Bash","floor":6,"key":"SMITH"},{"data":"Rampage","floor":13,"key":"SMITH"},{"floor":15,"key":"REST"},{"data":"True Grit","floor":23,"key":"SMITH"}],"neow_cost":"TEN_PERCENT_HP_LOSS","seed_source_timestamp":128645976730249,"circlet_count":0,"master_deck":["Strike_R","Strike_R","Strike_R+1","Strike_R","Defend_R","Defend_R","Defend_R","Defend_R","Bash+1","AscendersBane","Inflame","Rampage+1","Armaments+1","Shockwave","Metallicize","Flame Barrier","True Grit+1","Juggernaut","Shrug It Off","Impatience","Finesse","Battle Trance","Metallicize","Feel No Pain"],"relics":["Burning Blood","Calipers","Pear","Old Coin","Mark of Pain"],"potions_floor_usage":[16,18,22,24],"damage_taken":[{"damage":2,"enemies":"2 Louse","floor":1,"turns":4},{"damage":9,"enemies":"Jaw Worm","floor":2,"turns":5},{"damage":7,"enemies":"Small Slimes","floor":3,"turns":3},{"damage":24,"enemies":"Exordium Thugs","floor":8,"turns":4},{"damage":4,"enemies":"Large Slime","floor":10,"turns":5},{"damage":10,"enemies":"Blue Slaver","floor":11,"turns":4},{"damage":21,"enemies":"Exordium Thugs","floor":12,"turns":7},{"damage":25,"enemies":"Gremlin Nob","floor":14,"turns":6},{"damage":18,"enemies":"Slime Boss","floor":16,"turns":10},{"damage":3,"enemies":"2 Thieves","floor":18,"turns":5},{"damage":10,"enemies":"3 Byrds","floor":19,"turns":4},{"damage":29,"enemies":"Snake Plant","floor":22,"turns":6},{"damage":42,"enemies":"Masked Bandits","floor":24,"turns":3}],"seed_played":"8802471949796884223","potions_obtained":[{"floor":8,"key":"Fire Potion"},{"floor":11,"key":"BloodPotion"},{"floor":16,"key":"SkillPotion"},{"floor":19,"key":"SneckoOil"}],"is_trial":false,"path_per_floor":["M","M","M","?","?","R","?","M","T","M","M","M","R","E","R","B",null,"M","M","?","$","M","R"],"character_chosen":"IRONCLAD","items_purchased":["Finesse","Battle Trance","Metallicize"],"campfire_rested":1,"item_purchase_floors":[21,21,21],"current_hp_per_floor":[68,65,64,44,44,44,66,48,58,60,56,41,41,22,45,33,67,70,66,45,45,22,22,0],"gold":351,"neow_bonus":"ONE_RARE_RELIC","is_prod":false,"is_daily":false,"chose_seed":false,"campfire_upgraded":3,"win_rate":0,"timestamp":1538114773,"path_taken":["M","M","M","?","?","R","?","M","T","M","M","?","R","E","R","BOSS","M","M","?","$","M","R","?"],"build_version":"2018-09-26","purchased_purges":1,"victory":false,"max_hp_per_floor":[68,68,68,68,68,68,68,68,78,78,78,78,78,78,78,78,78,78,78,78,78,78,78,78],"card_choices":[{"not_picked":["Havoc","Cleave"],"picked":"Inflame","floor":1},{"not_picked":["Flex","Twin Strike"],"picked":"Rampage","floor":2},{"not_picked":["Wild Strike","Warcry"],"picked":"Armaments","floor":3},{"not_picked":["Heavy Blade","Pommel Strike"],"picked":"Shockwave","floor":8},{"not_picked":["Shrug It Off","Thunderclap"],"picked":"Metallicize","floor":10},{"not_picked":["Body Slam","Intimidate"],"picked":"Flame Barrier","floor":11},{"not_picked":["Fire Breathing","Sword Boomerang","Clash"],"picked":"SKIP","floor":12},{"not_picked":["Headbutt","Feel No Pain"],"picked":"True Grit","floor":14},{"not_picked":["Brutality","Double Tap"],"picked":"Juggernaut","floor":16},{"not_picked":["Sword Boomerang","Wild Strike"],"picked":"Shrug It Off","floor":18},{"not_picked":["Shockwave","Fire Breathing","Hemokinesis"],"picked":"SKIP","floor":19},{"not_picked":["Armaments","Pommel Strike"],"picked":"Feel No Pain","floor":22}],"player_experience":842656,"relics_obtained":[{"floor":9,"key":"Pear"},{"floor":14,"key":"Old Coin"}],"event_choices":[{"event_name":"Shining Light","player_choice":"Entered Light","floor":4,"damage_taken":0},{"event_name":"Liars Game","player_choice":"disagreed","floor":5,"damage_taken":0},{"event_name":"Big Fish","player_choice":"Banana","floor":7,"damage_taken":0},{"event_name":"Knowing Skull","player_choice":"CARD GOLD ","floor":20,"damage_taken":0},{"event_name":"Masked Bandits","player_choice":"Fought Bandits","floor":24,"damage_taken":0}],"is_beta":true,"boss_relics":[{"not_picked":["Runic Dome","Calling Bell"],"picked":"Mark of Pain"}],"items_purged_floors":[21],"is_endless":false,"potions_floor_spawned":[8,11,14,16,19],"killed_by":"Masked Bandits","ascension_level":17}