{"gold_per_floor":[109,109,34,58,69,102,102,129,129,129,156,156,106,124,124,222,222,236,91,106,106,121,121,62,82,82,2,2,2,2,19,19,117,117,134,144,144,159,173,173,205,205,253,264,264,33,60,74,74,74],"floor_reached":51,"playtime":2380,"items_purged":["Pain","Strike_B"],"score":835,"play_id":"74b76c3f-c3bc-4c1a-bbc6-837b59de2655","local_time":"20190118142112","is_ascension_mode":true,"campfire_choices":[{"data":"Darkness","floor":7,"key":"SMITH"},{"data":"Defragment","floor":10,"key":"SMITH"},{"data":"Machine Learning","floor":12,"key":"SMITH"},{"data":"Dualcast","floor":15,"key":"SMITH"},{"data":"Zap","floor":23,"key":"SMITH"},{"data":"Doom and Gloom","floor":28,"key":"SMITH"},{"data":"Reinforced Body","floor":32,"key":"SMITH"},{"data":"Seek","floor":40,"key":"SMITH"},{"floor":45,"key":"REST"},{"floor":49,"key":"REST"}],"neow_cost":"NONE","seed_source_timestamp":101315313167171,"circlet_count":0,"master_deck":["Defend_B+1","Defend_B+1","Defend_B+1","Defend_B+1","Zap+1","Dualcast+1","Steam Power","Darkness+1","Defragment+1","Machine Learning+1","Buffer+1","Reinforced Body+1","Magnetism+1","Doom and Gloom+1","Cold Snap","Capacitor+1","Redo+1","Conserve Battery+1","Seek+1","Hologram+1","Redo+1","Darkness+1","Blind","Loop+1"],"relics":["FrozenCore","NeowsBlessing","WarpedTongs","Strawberry","Anchor","The Courier","Symbiotic Virus","Frozen Egg 2","Orrery","Meat on the Bone","Darkstone Periapt","Bag of Marbles","Happy Flower","DollysMirror","Smiling Mask"],"potions_floor_usage":[16,20,20,38,38,38,50,50],"damage_taken":[{"damage":0,"enemies":"Jaw Worm","floor":1,"turns":1},{"damage":0,"enemies":"Cultist","floor":5,"turns":1},{"damage":0,"enemies":"Lagavulin","floor":6,"turns":1},{"damage":30,"enemies":"Gremlin Nob","floor":8,"turns":4},{"damage":18,"enemies":"Lagavulin","floor":11,"turns":4},{"damage":0,"enemies":"Small Slimes","floor":14,"turns":3},{"damage":6,"enemies":"The Guardian","floor":16,"turns":5},{"damage":0,"enemies":"Spheric Guardian","floor":18,"turns":4},{"damage":10,"enemies":"2 Thieves","floor":20,"turns":2},{"damage":2,"enemies":"Centurion and Healer","floor":22,"turns":5},{"damage":0,"enemies":"Cultist and Chosen","floor":25,"turns":7},{"damage":18,"enemies":"Snake Plant","floor":31,"turns":4},{"damage":16,"enemies":"Automaton","floor":33,"turns":8},{"damage":0,"enemies":"Orb Walker","floor":35,"turns":4},{"damage":0,"enemies":"3 Shapes","floor":36,"turns":7},{"damage":16,"enemies":"Jaw Worm Horde","floor":38,"turns":5},{"damage":11,"enemies":"4 Shapes","floor":39,"turns":5},{"damage":0,"enemies":"Nemesis","floor":41,"turns":7},{"damage":10,"enemies":"Writhing Mass","floor":44,"turns":5},{"damage":8,"enemies":"Reptomancer","floor":47,"turns":7},{"damage":2,"enemies":"Spire Growth","floor":48,"turns":4},{"damage":8,"enemies":"Time Eater","floor":50,"turns":9}],"seed_played":"4798660607139611707","potions_obtained":[{"floor":1,"key":"Explosive Potion"},{"floor":8,"key":"GamblersBrew"},{"floor":14,"key":"AttackPotion"},{"floor":16,"key":"EssenceOfSteel"},{"floor":22,"key":"SkillPotion"},{"floor":35,"key":"Explosive Potion"},{"floor":41,"key":"EssenceOfSteel"},{"floor":44,"key":"Poison Potion"},{"floor":47,"key":"SkillPotion"}],"is_trial":false,"path_per_floor":["M","?","$","T","M","E","R","E","T","R","E","R","?","M","R","B",null,"M","$","M","?","M","R","$","M","T","$","R","?","$","M","R","B",null,"M","M","?","M","M","R","E","?","T","M","R","$","E","M","R","B",null],"character_chosen":"DEFECT","items_purchased":["Magnetism+1","Capacitor+1","DollysMirror","Blind"],"campfire_rested":2,"item_purchase_floors":[19,24,46,46],"current_hp_per_floor":[75,75,75,82,82,82,82,52,52,52,34,34,34,34,34,28,82,82,82,72,72,70,70,70,70,70,70,70,70,70,52,52,48,82,82,82,82,66,55,55,55,55,55,45,69,69,61,59,82,74],"gold":74,"neow_bonus":"THREE_ENEMY_KILL","is_prod":false,"is_daily":false,"chose_seed":false,"campfire_upgraded":8,"win_rate":0,"timestamp":1547781672,"path_taken":["M","?","$","?","M","E","R","E","T","R","E","R","?","M","R","BOSS","M","$","M","?","M","R","$","M","T","$","R","?","?","M","R","BOSS","M","?","?","?","?","R","E","?","T","?","R","$","E","M","R","BOSS"],"build_version":"2018-11-15","purchased_purges":2,"victory":true,"max_hp_per_floor":[75,75,75,82,82,82,82,82,82,82,82,82,82,82,82,82,82,82,82,82,82,82,82,82,82,82,82,82,82,82,82,82,82,82,82,82,82,82,82,82,82,82,82,82,82,82,82,82,82,82],"card_choices":[{"not_picked":["Double Energy","Undo"],"picked":"Steam Power","floor":1},{"not_picked":["Cold Snap","Coolheaded"],"picked":"Darkness","floor":5},{"not_picked":["Barrage","Recycle"],"picked":"Defragment","floor":6},{"not_picked":["Go for the Eyes","Compile Driver"],"picked":"Machine Learning","floor":8},{"not_picked":["White Noise","Sweeping Beam","Consume"],"picked":"SKIP","floor":11},{"not_picked":["Go for the Eyes","Rip and Tear","Blizzard"],"picked":"SKIP","floor":14},{"not_picked":["Seek","Meteor Strike"],"picked":"Buffer+1","floor":16},{"not_picked":["Coolheaded","Compile Driver"],"picked":"Reinforced Body","floor":17},{"not_picked":["Gash+1","Redo","Conserve Battery"],"picked":"SKIP","floor":18},{"not_picked":["Auto Shields+1","Leap+1","Conserve Battery"],"picked":"SKIP","floor":20},{"not_picked":["Fusion","Core Surge","Recycle+1"],"picked":"SKIP","floor":22},{"not_picked":["Steam","Compile Driver"],"picked":"Redo+1","floor":25},{"not_picked":["Cold Snap+1","Lockon"],"picked":"Conserve Battery+1","floor":31},{"not_picked":["Meteor Strike","Core Surge"],"picked":"Seek","floor":33},{"not_picked":["BootSequence+1","Lockon"],"picked":"Hologram+1","floor":35},{"not_picked":["Sweeping Beam+1","Hologram","Compile Driver"],"picked":"SKIP","floor":36},{"not_picked":["Rebound","Streamline+1","Steam Power"],"picked":"SKIP","floor":38},{"not_picked":["Steam Power","Genetic Algorithm+1"],"picked":"Redo+1","floor":39},{"not_picked":["Redo+1","Chaos","Beam Cell"],"picked":"SKIP","floor":41},{"not_picked":["Stack+1","Tempest","BootSequence+1"],"picked":"SKIP","floor":44},{"not_picked":["Gash+1","Streamline","Multi-Cast"],"picked":"SKIP","floor":47},{"not_picked":["Sweeping Beam","Consume+1"],"picked":"Loop+1","floor":48}],"player_experience":1115301,"relics_obtained":[{"floor":4,"key":"Strawberry"},{"floor":6,"key":"Anchor"},{"floor":8,"key":"The Courier"},{"floor":9,"key":"Symbiotic Virus"},{"floor":11,"key":"Frozen Egg 2"},{"floor":26,"key":"Meat on the Bone"},{"floor":41,"key":"Darkstone Periapt"},{"floor":43,"key":"Happy Flower"},{"floor":47,"key":"Smiling Mask"}],"event_choices":[{"damage_healed":0,"gold_gain":0,"player_choice":"Rummage","damage_taken":0,"relics_obtained":["WarpedTongs"],"max_hp_gain":0,"max_hp_loss":0,"event_name":"Accursed Blacksmith","floor":2,"gold_loss":0,"cards_obtained":["Pain"]},{"cards_removed":["Strike_B"],"damage_healed":0,"gold_gain":0,"player_choice":"Card Removal","damage_taken":0,"max_hp_gain":0,"max_hp_loss":0,"event_name":"The Cleric","floor":13,"gold_loss":50},{"damage_healed":0,"gold_gain":0,"cards_transformed":["Strike_B","Strike_B"],"player_choice":"Became Test Subject","damage_taken":0,"max_hp_gain":0,"max_hp_loss":0,"event_name":"Drug Dealer","floor":21,"gold_loss":0,"cards_obtained":["Doom and Gloom","Cold Snap"]},{"damage_healed":0,"gold_gain":0,"player_choice":"Simplicity","damage_taken":0,"max_hp_gain":0,"max_hp_loss":0,"event_name":"Back to Basics","floor":29,"gold_loss":0,"cards_upgraded":["Defend_B","Defend_B","Defend_B","Defend_B"]},{"damage_healed":0,"gold_gain":0,"player_choice":"0 cards matched","damage_taken":0,"max_hp_gain":0,"max_hp_loss":0,"event_name":"Match and Keep!","floor":37,"gold_loss":0,"cards_obtained":[]},{"damage_healed":0,"gold_gain":0,"player_choice":"Gave Potion","damage_taken":0,"relics_obtained":["Bag of Marbles"],"max_hp_gain":0,"max_hp_loss":0,"event_name":"WeMeetAgain","floor":42,"gold_loss":0}],"is_beta":true,"boss_relics":[{"not_picked":["Calling Bell","Lizard Tail"],"picked":"Orrery"},{"not_picked":["Astrolabe","Runic Dome"],"picked":"FrozenCore"}],"items_purged_floors":[3,27],"is_endless":false,"potions_floor_spawned":[1,8,14,16,18,22,35,41,44,47],"ascension_level":1}