{"path_per_floor":["M","?","M","?","?","R","M","R","T","?","M","$","M","$","R"],"character_chosen":"DEFECT","items_purchased":["Amplify","Regal Pillow"],"gold_per_floor":[112,287,297,297,297,297,313,313,313,346,365,219,242,15,15,15],"floor_reached":16,"campfire_rested":1,"playtime":433,"item_purchase_floors":[12,14],"current_hp_per_floor":[68,68,62,45,45,45,44,44,44,8,8,8,1,1,36,0],"items_purged":["Strike_B"],"gold":15,"score":90,"play_id":"a33be715-2c63-4f76-aafb-06f457cfc3e1","local_time":"20180603225653","is_prod":false,"is_daily":false,"chose_seed":false,"is_ascension_mode":false,"campfire_upgraded":2,"win_rate":0.0,"timestamp":1528030613,"campfire_choices":[{"data":"Echo Form","floor":6,"key":"SMITH"},{"data":"Static Discharge","floor":8,"key":"SMITH"},{"floor":15,"key":"REST"}],"path_taken":["M","?","M","?","?","R","M","R","T","?","M","?","M","$","R","BOSS"],"build_version":"2018-05-31","seed_source_timestamp":39409263960891,"purchased_purges":1,"victory":false,"master_deck":["Strike_B","Strike_B","Strike_B","Defend_B","Defend_B","Defend_B","Defend_B","Zap","Dualcast","Echo Form+1","Static Discharge+1","Doubt","Fusion","Chill","Redo","Amplify"],"max_hp_per_floor":[68,68,68,68,68,68,68,68,68,68,68,68,68,68,68,68],"relics":["Cracked Core","Golden Idol","Girya","Odd Mushroom","Regal Pillow"],"card_choices":[{"not_picked":["Machine Learning","Seek"],"picked":"Echo Form","floor":0},{"not_picked":["Go for the Eyes","Conserve Battery"],"picked":"Static Discharge","floor":1},{"not_picked":["Hello World","Barrage"],"picked":"Fusion","floor":3},{"not_picked":["Steam","Beam Cell"],"picked":"Chill","floor":7},{"not_picked":["Cold Snap","Scrape"],"picked":"Redo","floor":11},{"not_picked":["Steam","Gash","Cold Snap"],"picked":"SKIP","floor":13}],"player_experience":303363,"potions_floor_usage":[10,11,11,11],"damage_taken":[{"damage":0,"enemies":"2 Louse","floor":1,"turns":2},{"damage":6,"enemies":"Cultist","floor":3,"turns":4},{"damage":1,"enemies":"Jaw Worm","floor":7,"turns":3},{"damage":36,"enemies":"The Mushroom Lair","floor":10,"turns":6},{"damage":0,"enemies":"2 Fungi Beasts","floor":11,"turns":3},{"damage":15,"enemies":"Looter","floor":13,"turns":4},{"damage":37,"enemies":"Hexaghost","floor":16,"turns":8}],"relics_obtained":[{"floor":9,"key":"Girya"},{"floor":10,"key":"Odd Mushroom"}],"event_choices":[{"event_name":"Liars Game","player_choice":"agreed","floor":2,"damage_taken":0},{"event_name":"Golden Idol","player_choice":"Take Damage","floor":4,"damage_taken":0},{"event_name":"The Lab","player_choice":"Got Potions","floor":5,"damage_taken":0},{"event_name":"Mushrooms","player_choice":"Fought Mushrooms","floor":10,"damage_taken":0}],"boss_relics":[],"items_purged_floors":[14],"potions_floor_spawned":[10,11],"seed_played":"-5904965397368193330","killed_by":"Hexaghost","ascension_level":0,"potions_obtained":[{"floor":5,"key":"EssenceOfSteel"},{"floor":5,"key":"Poison Potion"},{"floor":5,"key":"Weak Potion"},{"floor":10,"key":"AttackPotion"},{"floor":11,"key":"FairyPotion"}],"is_trial":false}