{"gold_per_floor":[111,127,202,202,127,127,162,176,176,44,44,62,62,95,95,193,193,208,220,220,145,145],"floor_reached":22,"playtime":1396,"items_purged":["Strike_B"],"score":259,"play_id":"f51cc238-5296-4065-973b-36ed50946da7","local_time":"20190107153410","is_ascension_mode":true,"campfire_choices":[{"data":"Zap","floor":6.0,"key":"SMITH"},{"floor":11.0,"key":"REST"},{"floor":15,"key":"REST"}],"neow_cost":"TEN_PERCENT_HP_LOSS","seed_source_timestamp":1707959172609481,"circlet_count":0,"master_deck":["Strike_B","Defend_B","Defend_B","Defend_B","Defend_B","Zap+1","Dualcast","Echo Form","Hologram","Cold Snap","White Noise","Core Surge","Sunder","Glacier","Leap","Sunder","Biased Cognition","Beam Cell"],"special_seed":0,"relics":["Cracked Core","Regal Pillow","Art of War","Bottled Tornado","Dream Catcher","Black Star","Nilry\u0027s Codex"],"potions_floor_usage":[19,22,22,22],"damage_taken":[{"damage":4.0,"enemies":"Small Slimes","floor":1.0,"turns":4.0},{"damage":9.0,"enemies":"Jaw Worm","floor":2.0,"turns":4.0},{"damage":13.0,"enemies":"Lagavulin","floor":7.0,"turns":6.0},{"damage":1.0,"enemies":"Cultist","floor":8.0,"turns":3.0},{"damage":6,"enemies":"2 Fungi Beasts","floor":12,"turns":2},{"damage":18,"enemies":"Gremlin Nob","floor":14,"turns":3},{"damage":38,"enemies":"The Guardian","floor":16,"turns":8},{"damage":18,"enemies":"Spheric Guardian","floor":18,"turns":4},{"damage":12,"enemies":"Chosen","floor":19,"turns":3},{"damage":18,"enemies":"Colosseum Slavers","floor":22,"turns":2}],"seed_played":"-7714768213923440279","potions_obtained":[{"floor":2.0,"key":"Poison Potion"},{"floor":14,"key":"Explosive Potion"},{"floor":16,"key":"Poison Potion"},{"floor":19,"key":"EssenceOfSteel"}],"is_trial":false,"path_per_floor":["M","M","?","?","$","R","E","M","T","$","R","M","?","E","R","B",null,"M","M","?","?","?"],"character_chosen":"DEFECT","items_purchased":["Sunder","Fruit Juice"],"campfire_rested":2,"item_purchase_floors":[10,10],"current_hp_per_floor":[64,55,44,32,32,32,19,18,18,18,53,47,47,29,64,26,58,40,33,17,17,0],"gold":145,"neow_bonus":"THREE_RARE_CARDS","is_prod":false,"is_daily":false,"chose_seed":false,"campfire_upgraded":1,"win_rate":0,"timestamp":1546893250,"path_taken":["M","M","?","?","$","R","E","M","T","?","R","M","?","E","R","BOSS","M","?","?","?","?"],"build_version":"2019-01-03v4","purchased_purges":1,"victory":false,"max_hp_per_floor":[68,68,68,68,68,68,68,68,68,68,68,68,68,68,68,68,68,68,73,73,73,73],"card_choices":[{"not_picked":["Biased Cognition","Creative AI"],"picked":"Echo Form","floor":0.0},{"not_picked":["Streamline","Conserve Battery"],"picked":"Hologram","floor":1.0},{"not_picked":["Ball Lightning","Sweeping Beam"],"picked":"Cold Snap","floor":2.0},{"not_picked":["Barrage","Storm"],"picked":"White Noise","floor":7.0},{"not_picked":["Capacitor","Cold Snap"],"picked":"Core Surge","floor":8.0},{"not_picked":["Melter","Doom and Gloom"],"picked":"Glacier","floor":12},{"not_picked":["Rip and Tear","Doom and Gloom"],"picked":"Leap","floor":14},{"not_picked":["Redo","Leap"],"picked":"Sunder","floor":15},{"not_picked":["Echo Form","Rainbow"],"picked":"Biased Cognition","floor":16},{"not_picked":["Stack+1","Beam Cell","Compile Driver+1"],"picked":"SKIP","floor":18},{"not_picked":["Stack+1","Compile Driver+1"],"picked":"Beam Cell","floor":18},{"not_picked":["Lockon","Hologram","Auto Shields"],"picked":"SKIP","floor":19}],"player_experience":425158,"relics_obtained":[{"floor":7.0,"key":"Art of War"},{"floor":9.0,"key":"Bottled Tornado"},{"floor":14,"key":"Dream Catcher"},{"floor":20,"key":"Nilry\u0027s Codex"}],"event_choices":[{"damage_healed":0.0,"max_hp_gain":0.0,"max_hp_loss":0.0,"gold_gain":75.0,"event_name":"World of Goop","player_choice":"Gather Gold","floor":3.0,"gold_loss":0.0,"damage_taken":11.0},{"damage_healed":0.0,"max_hp_gain":0.0,"max_hp_loss":0.0,"gold_gain":0.0,"event_name":"Scrap Ooze","player_choice":"Success","floor":4.0,"gold_loss":0.0,"damage_taken":12.0,"relics_obtained":["Regal Pillow"]},{"cards_removed":["Strike_B"],"damage_healed":0,"gold_gain":0,"player_choice":"Offered Basic","damage_taken":0,"max_hp_gain":0,"max_hp_loss":0,"event_name":"Bonfire Elementals","floor":13,"gold_loss":0},{"damage_healed":0,"gold_gain":0,"player_choice":"Obtained Book","damage_taken":16,"max_hp_gain":0,"max_hp_loss":0,"event_name":"Cursed Tome","floor":20,"gold_loss":0},{"cards_removed":["Strike_B"],"damage_healed":0,"gold_gain":0,"player_choice":"Gave Gold","damage_taken":0,"max_hp_gain":0,"max_hp_loss":0,"event_name":"Beggar","floor":21,"gold_loss":75},{"damage_healed":0,"gold_gain":0,"player_choice":"Fight","damage_taken":0,"max_hp_gain":0,"max_hp_loss":0,"event_name":"Colosseum","floor":22,"gold_loss":0}],"is_beta":false,"boss_relics":[{"not_picked":["Orrery","Snecko Eye"],"picked":"Black Star"}],"items_purged_floors":[5],"is_endless":false,"potions_floor_spawned":[2,14,16,19],"killed_by":"Colosseum Slavers","ascension_level":7}