{"gold_per_floor":[111,111,129,129,129,177,232,244,281,368,404,416,88,88,88,88],"floor_reached":16,"playtime":427,"items_purged":["Pain"],"score":266,"play_id":"734f2e15-43ac-40c3-8fc4-b31771e5cbe0","local_time":"20190106205646","is_ascension_mode":true,"campfire_choices":[{"data":"Zap","floor":8,"key":"SMITH"},{"floor":15,"key":"REST"}],"neow_cost":"NONE","seed_source_timestamp":68668590444514,"circlet_count":0,"master_deck":["AscendersBane","Strike_B","Strike_B+1","Strike_B+1","Strike_B","Defend_B","Defend_B","Defend_B","Defend_B","Zap+1","Dualcast","Hologram","Injury","FTL","Buffer","Seek","Mayhem","Defragment"],"relics":["Cracked Core","NeowsBlessing","Golden Idol","WingedGreaves","MawBank","Boot","Bag of Marbles","Whetstone","WarpedTongs"],"potions_floor_usage":[7,14,16],"damage_taken":[{"damage":0,"enemies":"2 Louse","floor":1,"turns":1},{"damage":0,"enemies":"Jaw Worm","floor":3,"turns":1},{"damage":0,"enemies":"3 Sentries","floor":6,"turns":1},{"damage":36,"enemies":"Gremlin Nob","floor":7,"turns":5},{"damage":0,"enemies":"Cultist","floor":11,"turns":3},{"damage":0,"enemies":"Exordium Thugs","floor":14,"turns":1},{"damage":37,"enemies":"The Guardian","floor":16,"turns":5}],"seed_played":"1038945812041298807","potions_obtained":[{"floor":1,"key":"Strength Potion"},{"floor":6,"key":"SmokeBomb"},{"floor":7,"key":"FocusPotion"}],"is_trial":false,"path_per_floor":["M","?","M","?","T","E","E","R","T","?","M","?","$","M","R","B"],"character_chosen":"DEFECT","items_purchased":["Mayhem","Defragment"],"campfire_rested":1,"item_purchase_floors":[13,13],"current_hp_per_floor":[64,64,64,59,59,59,23,23,23,12,12,12,12,12,33,0],"gold":88,"neow_bonus":"THREE_ENEMY_KILL","is_prod":false,"is_daily":false,"chose_seed":false,"campfire_upgraded":1,"win_rate":0,"timestamp":1546768606,"path_taken":["M","?","M","?","?","E","E","R","T","?","?","?","$","?","R","BOSS"],"build_version":"2018-11-15","purchased_purges":1,"victory":false,"max_hp_per_floor":[71,71,71,71,71,71,71,71,71,71,71,71,71,71,71,71],"card_choices":[{"not_picked":["Auto Shields","Rip and Tear"],"picked":"Hologram","floor":1},{"not_picked":["Streamline","Blizzard"],"picked":"FTL","floor":3},{"not_picked":["Gash","Turbo"],"picked":"Buffer","floor":6},{"not_picked":["Scrape","Heatsinks"],"picked":"Seek","floor":7},{"not_picked":["Leap","Sunder","Barrage"],"picked":"SKIP","floor":11}],"player_experience":998497,"relics_obtained":[{"floor":5,"key":"MawBank"},{"floor":6,"key":"Boot"},{"floor":7,"key":"Bag of Marbles"},{"floor":9,"key":"Whetstone"}],"event_choices":[{"damage_healed":0,"gold_gain":0,"player_choice":"Take Wound","damage_taken":0,"relics_obtained":["Golden Idol"],"max_hp_gain":0,"max_hp_loss":0,"event_name":"Golden Idol","floor":2,"gold_loss":0,"cards_obtained":["Injury"]},{"damage_healed":0,"gold_gain":0,"player_choice":"Success","damage_taken":5,"relics_obtained":["WingedGreaves"],"max_hp_gain":0,"max_hp_loss":0,"event_name":"Scrap Ooze","floor":4,"gold_loss":0},{"damage_healed":0,"gold_gain":75,"player_choice":"Gather Gold","damage_taken":11,"max_hp_gain":0,"max_hp_loss":0,"event_name":"World of Goop","floor":10,"gold_loss":0},{"damage_healed":0,"gold_gain":0,"player_choice":"Rummage","damage_taken":0,"relics_obtained":["WarpedTongs"],"max_hp_gain":0,"max_hp_loss":0,"event_name":"Accursed Blacksmith","floor":12,"gold_loss":0,"cards_obtained":["Pain"]}],"is_beta":true,"boss_relics":[],"items_purged_floors":[13],"is_endless":false,"potions_floor_spawned":[1,6,7,14],"killed_by":"The Guardian","ascension_level":20}