{"gold_per_floor":[115,115,127,32,32,32,32,358,440,453,470,502,502,81,81,81],"floor_reached":16,"playtime":1233,"items_purged":[],"score":246,"play_id":"ce067762-4a8d-41af-b0b1-e808300b0b1f","local_time":"20181121100602","is_ascension_mode":true,"campfire_choices":[{"data":"Zap","floor":6,"key":"SMITH"},{"data":"White Noise","floor":13,"key":"SMITH"},{"data":"Hologram","floor":15,"key":"SMITH"}],"neow_cost":"NONE","seed_source_timestamp":490118061976978,"circlet_count":0,"master_deck":["AscendersBane","Strike_B","Strike_B","Strike_B+1","Defend_B","Defend_B","Defend_B","Defend_B","Zap+1","Dualcast","Hologram+1","Ball Lightning","FTL","Compile Driver","Meteor Strike","Go for the Eyes+1","White Noise+1","Coolheaded","Seek"],"relics":["Cracked Core","NeowsBlessing","Gremlin Horn","Old Coin","Singing Bowl","Whetstone","DataDisk"],"potions_floor_usage":[16],"damage_taken":[{"damage":0,"enemies":"Cultist","floor":1,"turns":1},{"damage":0,"enemies":"Small Slimes","floor":3,"turns":1},{"damage":0,"enemies":"Gremlin Nob","floor":8,"turns":1},{"damage":2,"enemies":"Jaw Worm","floor":10,"turns":3},{"damage":7,"enemies":"Large Slime","floor":11,"turns":5},{"damage":28,"enemies":"3 Sentries","floor":12,"turns":6},{"damage":32,"enemies":"Slime Boss","floor":16,"turns":6}],"seed_played":"3875724700828580043","potions_obtained":[{"floor":1,"key":"Dexterity Potion"}],"is_trial":false,"path_per_floor":["M","T","M","$","?","R","$","E","T","M","M","E","R","$","R","B"],"character_chosen":"DEFECT","items_purchased":["FTL","Compile Driver","DataDisk","FocusPotion","Seek"],"campfire_rested":0,"item_purchase_floors":[4,4,14,14,14],"current_hp_per_floor":[64,64,64,64,64,64,64,64,64,62,55,29,29,29,29,0],"gold":81,"neow_bonus":"THREE_ENEMY_KILL","is_prod":false,"is_daily":false,"chose_seed":false,"campfire_upgraded":3,"win_rate":0,"timestamp":1542823562,"path_taken":["M","?","M","$","?","R","$","E","T","?","M","E","R","$","R","BOSS"],"build_version":"2018-11-15","purchased_purges":0,"victory":false,"max_hp_per_floor":[71,71,71,71,71,71,71,71,71,71,71,73,73,73,73,73],"card_choices":[{"not_picked":["Doom and Gloom","Skim"],"picked":"Hologram","floor":1},{"not_picked":["Tempest","Cold Snap"],"picked":"Ball Lightning","floor":3},{"not_picked":["All For One","Beam Cell"],"picked":"Go for the Eyes","floor":8},{"not_picked":["Lockon","Gash"],"picked":"White Noise","floor":10},{"not_picked":["Steam","Self Repair"],"picked":"Coolheaded","floor":11},{"not_picked":["Gash","Turbo","Rebound"],"picked":"Singing Bowl","floor":12}],"player_experience":1346663,"relics_obtained":[{"floor":2,"key":"Gremlin Horn"},{"floor":8,"key":"Old Coin"},{"floor":9,"key":"Singing Bowl"},{"floor":12,"key":"Whetstone"}],"event_choices":[{"damage_healed":0,"gold_gain":0,"cards_transformed":["Strike_B"],"player_choice":"Transformed","damage_taken":0,"max_hp_gain":0,"max_hp_loss":0,"event_name":"Transmorgrifier","floor":5,"gold_loss":0,"cards_obtained":["Meteor Strike"]}],"is_beta":false,"boss_relics":[],"items_purged_floors":[],"is_endless":false,"potions_floor_spawned":[1],"killed_by":"Slime Boss","ascension_level":17}