{"gold_per_floor":[366,541,541,559,634,634,29,29,29,29,29,29,64,79,79,208,271,296,317,351,351],"floor_reached":21,"playtime":1099,"items_purged":["Doubt"],"score":280,"play_id":"05c8e152-5d7b-46f0-b1f5-c6cdbc95fb13","local_time":"20181025122130","is_ascension_mode":true,"campfire_choices":[{"floor":6.0,"key":"REST"},{"data":"Discovery","floor":8.0,"key":"SMITH"},{"data":"Zap","floor":10.0,"key":"SMITH"},{"data":"Chrysalis","floor":12.0,"key":"SMITH"},{"floor":15.0,"key":"REST"}],"neow_cost":"PERCENT_DAMAGE","seed_source_timestamp":1362171681040204,"circlet_count":0,"master_deck":["Strike_B","Strike_B","Strike_B","Defend_B","Defend_B","Defend_B","Defend_B","Zap+1","Dualcast","AscendersBane","Compile Driver","Leap","Echo Form","Cold Snap+1","Discovery+1","Chrysalis+1","Chill","Cold Snap","Core Surge","Static Discharge","Leap","Conserve Battery"],"special_seed":0,"relics":["Cracked Core","Golden Idol","Vajra","Mummified Hand","Peace Pipe","Tiny House","Red Mask"],"potions_floor_usage":[18,18],"damage_taken":[{"damage":8.0,"enemies":"2 Louse","floor":1.0,"turns":3.0},{"damage":6.0,"enemies":"Cultist","floor":4.0,"turns":3.0},{"damage":12.0,"enemies":"3 Sentries","floor":13.0,"turns":9.0},{"damage":0.0,"enemies":"Small Slimes","floor":14.0,"turns":4.0},{"damage":10,"enemies":"Hexaghost","floor":16,"turns":10},{"damage":0,"enemies":"Spheric Guardian","floor":18,"turns":3},{"damage":0,"enemies":"Shell Parasite","floor":19,"turns":8},{"damage":31,"enemies":"Masked Bandits","floor":20,"turns":5},{"damage":41,"enemies":"Shelled Parasite and Fungi","floor":21,"turns":6}],"seed_played":"-8316043023813845893","potions_obtained":[{"floor":1.0,"key":"Swift Potion"},{"floor":16,"key":"Fire Potion"},{"floor":17,"key":"Energy Potion"}],"is_trial":false,"path_per_floor":["M","?","?","M","?","R","$","R","T","R","?","R","E","M","R","B",null,"M","M","?"],"character_chosen":"DEFECT","items_purchased":["Echo Form","Cold Snap","Discovery","Chrysalis","Vajra"],"campfire_rested":2,"item_purchase_floors":[7,7,7,7,7],"current_hp_per_floor":[42,42,42,36,25,45,45,45,45,45,45,45,33,33,53,43,68,68,68,37,0],"gold":351,"neow_bonus":"TWO_FIFTY_GOLD","is_prod":false,"is_daily":false,"chose_seed":false,"campfire_upgraded":3,"win_rate":0,"timestamp":1540495290,"path_taken":["M","?","?","?","?","R","$","R","T","R","?","R","E","M","R","BOSS","M","M","?","M"],"build_version":"2018-10-18","purchased_purges":1,"victory":false,"max_hp_per_floor":[75,75,69,69,69,69,69,69,69,69,69,69,69,69,69,69,74,74,74,74,74],"card_choices":[{"not_picked":["Ball Lightning","Steam"],"picked":"Compile Driver","floor":1.0},{"not_picked":["Fusion","Ball Lightning"],"picked":"Leap","floor":4.0},{"not_picked":["Self Repair","Reprogram"],"picked":"Chill","floor":13.0},{"not_picked":["Fusion","Beam Cell"],"picked":"Cold Snap","floor":14.0},{"not_picked":["Reboot","Rainbow"],"picked":"Core Surge","floor":16},{"not_picked":["Sweeping Beam","Streamline"],"picked":"Static Discharge","floor":17},{"not_picked":["Streamline","Sweeping Beam"],"picked":"Leap","floor":18},{"not_picked":["BootSequence","Loop"],"picked":"Conserve Battery","floor":19}],"player_experience":1206603,"relics_obtained":[{"floor":9.0,"key":"Mummified Hand"},{"floor":13.0,"key":"Peace Pipe"},{"floor":20,"key":"Red Mask"}],"event_choices":[{"damage_healed":0.0,"max_hp_gain":0.0,"max_hp_loss":0.0,"gold_gain":175.0,"event_name":"Liars Game","player_choice":"AGREE","floor":2.0,"gold_loss":0.0,"damage_taken":0.0,"cards_obtained":["Doubt"]},{"damage_healed":0.0,"max_hp_gain":0.0,"max_hp_loss":6.0,"gold_gain":0.0,"event_name":"Golden Idol","player_choice":"Lose Max HP","floor":3.0,"gold_loss":0.0,"damage_taken":0.0,"relics_obtained":["Golden Idol"]},{"damage_healed":0.0,"max_hp_gain":0.0,"max_hp_loss":0.0,"gold_gain":75.0,"event_name":"World of Goop","player_choice":"Gather Gold","floor":5.0,"gold_loss":0.0,"damage_taken":11.0},{"cards_removed":["Strike_B"],"damage_healed":0.0,"max_hp_gain":0.0,"max_hp_loss":0.0,"gold_gain":0.0,"event_name":"Purifier","player_choice":"Purged","floor":11.0,"gold_loss":0.0,"damage_taken":0.0},{"damage_healed":0,"gold_gain":0,"player_choice":"Fought Bandits","damage_taken":0,"max_hp_gain":0,"max_hp_loss":0,"event_name":"Masked Bandits","floor":20,"gold_loss":0}],"is_beta":false,"boss_relics":[{"not_picked":["Pandora\u0027s Box","Velvet Choker"],"picked":"Tiny House"}],"items_purged_floors":[7],"is_endless":false,"potions_floor_spawned":[1,16],"killed_by":"Shelled Parasite and Fungi","ascension_level":12}