{"gold_per_floor":[114,129,129,144,159,189,189,219,269,284,284,314,326,368,380,492,504,531,543,605,532,559,571,613,625,662,704,731,43,43,73,73,173,173,188,188,188,204,204,204,234,284,309,339,354,354,384,399,399,399],"floor_reached":51,"playtime":2159,"items_purged":[],"score":1217,"play_id":"232a5fcc-baf5-4c9c-9f11-bd41b5da555e","local_time":"20181014153830","daily_mods":["Draft","Green Cards","Elite Swarm"],"is_ascension_mode":false,"campfire_choices":[{"data":"Creative AI","floor":7,"key":"SMITH"},{"floor":11,"key":"REST"},{"data":"White Noise","floor":15,"key":"SMITH"},{"data":"White Noise","floor":23,"key":"SMITH"},{"floor":25,"key":"REST"},{"data":"Echo Form","floor":30,"key":"SMITH"},{"data":"Corpse Explosion","floor":32,"key":"SMITH"},{"data":"Master of Strategy","floor":40,"key":"SMITH"},{"floor":46,"key":"REST"},{"floor":49,"key":"REST"}],"neow_cost":"","seed_source_timestamp":0,"circlet_count":0,"master_deck":["Slice","White Noise+1","Caltrops","Loop+1","PiercingWail","Cold Snap","Slice","Ball Lightning","Heatsinks","White Noise+1","Ball Lightning","Self Repair","Endless Agony","Backstab+1","Genetic Algorithm","Dash","Creative AI+1","Echo Form+1","Shame","Pain","Corpse Explosion+1","Clumsy","Regret","Regret","Master of Strategy+1","Mayhem","Panacea","Slice+1","Buffer","Writhe","Pain","Buffer"],"special_seed":17818,"relics":["Cracked Core","Ancient Tea Set","Singing Bowl","Regal Pillow","MawBank","DataDisk","Cursed Key","Enchiridion","Pen Nib","Boot","Strawberry","PreservedInsect","Bottled Lightning","Cables","Sling","Letter Opener","Blue Candle","Calling Bell","Bag of Preparation","Question Card","Peace Pipe","Mango","Du-Vu Doll","Potion Belt","Bag of Marbles","Juzu Bracelet","Matryoshka","Dodecahedron"],"potions_floor_usage":[6,8,14,16,28,38,38,44,47,50],"damage_taken":[{"damage":0,"enemies":"2 Louse","floor":1,"turns":2},{"damage":9,"enemies":"Jaw Worm","floor":2,"turns":3},{"damage":0,"enemies":"Small Slimes","floor":4,"turns":2},{"damage":4,"enemies":"2 Fungi Beasts","floor":5,"turns":2},{"damage":18,"enemies":"3 Sentries","floor":6,"turns":4},{"damage":11,"enemies":"Lagavulin","floor":8,"turns":5},{"damage":14,"enemies":"Looter","floor":10,"turns":3},{"damage":10,"enemies":"3 Sentries","floor":12,"turns":5},{"damage":16,"enemies":"Lagavulin","floor":14,"turns":5},{"damage":0,"enemies":"Slime Boss","floor":16,"turns":6},{"damage":16,"enemies":"3 Byrds","floor":18,"turns":5},{"damage":10,"enemies":"Chosen","floor":22,"turns":4},{"damage":26,"enemies":"Book of Stabbing","floor":24,"turns":3},{"damage":7,"enemies":"Gremlin Leader","floor":27,"turns":3},{"damage":6,"enemies":"3 Cultists","floor":28,"turns":4},{"damage":9,"enemies":"Book of Stabbing","floor":31,"turns":3},{"damage":26,"enemies":"Collector","floor":33,"turns":8},{"damage":9,"enemies":"3 Shapes","floor":35,"turns":3},{"damage":8,"enemies":"Mind Bloom Boss Battle","floor":37,"turns":6},{"damage":2,"enemies":"Mysterious Sphere","floor":38,"turns":2},{"damage":2,"enemies":"2 Orb Walkers","floor":41,"turns":2},{"damage":38,"enemies":"Nemesis","floor":44,"turns":3},{"damage":0,"enemies":"Orb Walker","floor":45,"turns":2},{"damage":7,"enemies":"2 Orb Walkers","floor":47,"turns":1},{"damage":32,"enemies":"3 Darklings","floor":48,"turns":3},{"damage":83,"enemies":"Awakened One","floor":50,"turns":8}],"seed_played":"8003308014887678719","potions_obtained":[{"floor":2,"key":"Explosive Potion"},{"floor":4,"key":"Weak Potion"},{"floor":8,"key":"SpeedPotion"},{"floor":10,"key":"GamblersBrew"},{"floor":14,"key":"Energy Potion"},{"floor":18,"key":"FearPotion"},{"floor":22,"key":"Energy Potion"},{"floor":27,"key":"Weak Potion"},{"floor":33,"key":"Swift Potion"},{"floor":35,"key":"SkillPotion"},{"floor":38,"key":"AttackPotion"},{"floor":44,"key":"AttackPotion"},{"floor":48,"key":"FairyPotion"}],"is_trial":false,"path_per_floor":["M","M","$","M","M","E","R","E","T","M","R","E","?","E","R","B",null,"M","?","T","?","M","R","E","R","T","E","M","$","R","E","R","B",null,"M","?","?","?","?","R","E","T","T","E","M","R","E","M","R","B"],"character_chosen":"DEFECT","items_purchased":["Cables","Sling","Letter Opener"],"campfire_rested":4,"item_purchase_floors":[29,29,29],"current_hp_per_floor":[75,73,73,73,75,64,64,62,62,57,79,76,60,60,60,69,83,76,60,60,60,59,59,49,92,92,94,97,97,97,100,100,76,102,102,92,107,112,112,112,110,110,110,81,83,124,124,101,126,50],"gold":399,"neow_bonus":"","is_prod":false,"is_daily":true,"chose_seed":false,"campfire_upgraded":6,"win_rate":0,"timestamp":1539524310,"path_taken":["M","M","$","M","M","E","R","E","T","M","R","E","?","E","R","BOSS","M","?","?","?","?","R","E","R","T","E","M","?","R","E","R","BOSS","M","?","?","?","?","R","E","?","T","E","M","R","E","M","R","BOSS"],"build_version":"2018-10-11","purchased_purges":0,"victory":true,"max_hp_per_floor":[75,75,75,75,75,75,75,77,77,79,79,79,79,81,81,83,83,85,85,85,85,87,87,96,96,96,98,100,100,100,100,100,102,102,104,104,120,120,120,120,120,120,120,122,124,124,124,126,126,126],"card_choices":[{"not_picked":["Dagger Throw","Scrape"],"picked":"Slice","floor":0},{"not_picked":["Sunder","Quick Slash"],"picked":"White Noise","floor":0},{"not_picked":["Rebound","Blizzard"],"picked":"Caltrops","floor":0},{"not_picked":["Outmaneuver","Blade Dance"],"picked":"Loop","floor":0},{"not_picked":["Redo","Reprogram"],"picked":"PiercingWail","floor":0},{"not_picked":["Compile Driver","Quick Slash"],"picked":"Cold Snap","floor":0},{"not_picked":["Steam","Barrage"],"picked":"Slice","floor":0},{"not_picked":["Blur","PiercingWail"],"picked":"Ball Lightning","floor":0},{"not_picked":["Bane","Blade Dance"],"picked":"Heatsinks","floor":0},{"not_picked":["Concentrate","Compile Driver"],"picked":"White Noise","floor":0},{"not_picked":["Aggregate","Outmaneuver"],"picked":"Ball Lightning","floor":0},{"not_picked":["Fusion","Streamline"],"picked":"Self Repair","floor":0},{"not_picked":["Coolheaded","Turbo"],"picked":"Endless Agony","floor":0},{"not_picked":["Leap","Flying Knee"],"picked":"Backstab","floor":0},{"not_picked":["Bane","Quick Slash"],"picked":"Genetic Algorithm","floor":0},{"not_picked":["Footwork","Streamline","Outmaneuver"],"picked":"SKIP","floor":1},{"not_picked":["Dodge and Roll","Fusion","Capacitor"],"picked":"SKIP","floor":2},{"not_picked":["Genetic Algorithm","Sweeping Beam"],"picked":"Dash","floor":4},{"not_picked":["Dagger Throw","Reflex","Conserve Battery"],"picked":"SKIP","floor":5},{"not_picked":["Meteor Strike","Grand Finale"],"picked":"Creative AI","floor":6},{"not_picked":["Core Surge","Machine Learning","Corpse Explosion"],"picked":"Singing Bowl","floor":8},{"not_picked":["Eviscerate","Compile Driver","Leg Sweep"],"picked":"Singing Bowl","floor":10},{"not_picked":["Amplify","Multi-Cast"],"picked":"Echo Form","floor":12},{"not_picked":["Wraith Form v2","Machine Learning","Amplify"],"picked":"Singing Bowl","floor":14},{"not_picked":["A Thousand Cuts","Echo Form","Die Die Die"],"picked":"Singing Bowl","floor":16},{"not_picked":["Streamline","Beam Cell+1","Flying Knee"],"picked":"Singing Bowl","floor":18},{"not_picked":["Caltrops","Chill+1","Compile Driver"],"picked":"Singing Bowl","floor":22},{"not_picked":["Envenom","Meteor Strike","Bullet Time"],"picked":"Singing Bowl","floor":24},{"not_picked":["Bullet Time","Creative AI","Hyperbeam"],"picked":"Singing Bowl","floor":27},{"not_picked":["Flying Knee","Go for the Eyes","Sweeping Beam"],"picked":"Singing Bowl","floor":28},{"not_picked":["Seek","Thunder Strike"],"picked":"Corpse Explosion","floor":31},{"not_picked":["Malaise","Venomology","Reboot"],"picked":"Singing Bowl","floor":33},{"not_picked":["Hologram+1","Outmaneuver+1","Hello World","Infinite Blades"],"picked":"Singing Bowl","floor":35},{"not_picked":["Dark Shackles","Swift Strike","Good Instincts"],"picked":"Master of Strategy","floor":36},{"not_picked":["Deep Breath","Mind Blast","The Bomb"],"picked":"Mayhem","floor":36},{"not_picked":["Sadistic Nature","Secret Technique","Forethought"],"picked":"Panacea","floor":36},{"not_picked":["Blizzard","Hologram","Turbo+1","Barrage+1"],"picked":"Singing Bowl","floor":37},{"not_picked":["Steam Power","Barrage","Ball Lightning+1"],"picked":"Slice+1","floor":38},{"not_picked":["Venomology","Creative AI","Fission"],"picked":"Buffer","floor":41},{"not_picked":["After Image","All For One","Core Surge","Corpse Explosion"],"picked":"Singing Bowl","floor":44},{"not_picked":["Steam Power+1","White Noise+1","Leg Sweep","Slice+1"],"picked":"Singing Bowl","floor":45},{"not_picked":["Night Terror","Core Surge","Adrenaline"],"picked":"Buffer","floor":47},{"not_picked":["Gash+1","Poisoned Stab","Beam Cell","Stack"],"picked":"Singing Bowl","floor":48}],"player_experience":151639,"relics_obtained":[{"floor":6,"key":"Ancient Tea Set"},{"floor":8,"key":"Singing Bowl"},{"floor":9,"key":"Regal Pillow"},{"floor":12,"key":"MawBank"},{"floor":14,"key":"DataDisk"},{"floor":19,"key":"Enchiridion"},{"floor":20,"key":"Pen Nib"},{"floor":24,"key":"Strawberry"},{"floor":26,"key":"PreservedInsect"},{"floor":27,"key":"Bottled Lightning"},{"floor":31,"key":"Blue Candle"},{"floor":34,"key":"Bag of Preparation"},{"floor":34,"key":"Question Card"},{"floor":34,"key":"Peace Pipe"},{"floor":37,"key":"Mango"},{"floor":38,"key":"Du-Vu Doll"},{"floor":41,"key":"Potion Belt"},{"floor":42,"key":"Bag of Marbles"},{"floor":43,"key":"Juzu Bracelet"},{"floor":44,"key":"Matryoshka"},{"floor":47,"key":"Dodecahedron"}],"event_choices":[{"event_name":"Shining Light","player_choice":"Entered Light","floor":13,"damage_taken":0},{"event_name":"Cursed Tome","player_choice":"Obtained Book","floor":19,"damage_taken":0},{"event_name":"Addict","player_choice":"Obtained Relic","floor":21,"damage_taken":0},{"event_name":"SensoryStone","player_choice":"Memory 3","floor":36,"damage_taken":0},{"event_name":"MindBloom","player_choice":"Fight","floor":37,"damage_taken":0},{"event_name":"Mysterious Sphere","player_choice":"Fight","floor":38,"damage_taken":0},{"event_name":"Tomb of Lord Red Mask","player_choice":"Ignored","floor":39,"damage_taken":0}],"is_beta":true,"boss_relics":[{"not_picked":["Eternal Feather","Fusion Hammer"],"picked":"Cursed Key"},{"not_picked":["White Beast Statue","Lizard Tail"],"picked":"Calling Bell"}],"items_purged_floors":[],"is_endless":false,"potions_floor_spawned":[2,4,8,10,14,18,22,27,33,35,38,44,48],"ascension_level":0}