{"gold_per_floor":[213,223,238,255,100,130,130,142,166,193,268,268,286,320,320,398,398,418,418,418],"floor_reached":20,"playtime":3135,"items_purged":["Strike_R"],"score":340,"play_id":"43ba6a32-8737-4d1f-902f-ad4567967291","local_time":"20181029143623","is_ascension_mode":true,"campfire_choices":[{"floor":7.0,"key":"REST"},{"floor":12.0,"key":"REST"},{"floor":15,"key":"REST"}],"neow_cost":"NONE","seed_source_timestamp":1713885521514761,"circlet_count":0,"master_deck":["Strike_R","Strike_R","Strike_R","Strike_R","Defend_R","Defend_R","Defend_R","Defend_R","Bash","AscendersBane","Clothesline","Thunderclap","Shrug It Off","Carnage","Iron Wave","Immolate","Shrug It Off","Battle Trance","Cleave","Sentinel","Double Tap","Blood for Blood+1"],"special_seed":0,"relics":["Burning Blood","Dream Catcher","Centennial Puzzle","Ancient Tea Set","Bag of Preparation","Snecko Eye"],"potions_floor_usage":[16,16],"damage_taken":[{"damage":2.0,"enemies":"2 Louse","floor":1.0,"turns":3.0},{"damage":13.0,"enemies":"Small Slimes","floor":2.0,"turns":4.0},{"damage":1.0,"enemies":"Cultist","floor":3.0,"turns":3.0},{"damage":14.0,"enemies":"Looter","floor":4.0,"turns":3.0},{"damage":45.0,"enemies":"Lagavulin","floor":6.0,"turns":7.0},{"damage":12.0,"enemies":"2 Fungi Beasts","floor":8.0,"turns":3.0},{"damage":8.0,"enemies":"Gremlin Nob","floor":10.0,"turns":3.0},{"damage":3.0,"enemies":"Blue Slaver","floor":13.0,"turns":2.0},{"damage":30,"enemies":"3 Sentries","floor":14,"turns":7},{"damage":48,"enemies":"The Guardian","floor":16,"turns":12},{"damage":0,"enemies":"Chosen","floor":18,"turns":4},{"damage":0,"enemies":"Shell Parasite","floor":20,"turns":1}],"seed_played":"-5619536575485631934","potions_obtained":[{"floor":1.0,"key":"Explosive Potion"},{"floor":4.0,"key":"SteroidPotion"},{"floor":10.0,"key":"AttackPotion"}],"is_trial":false,"path_per_floor":["M","M","M","M","$","E","R","M","T","E","?","R","M","E","R","B",null,"M","?"],"character_chosen":"IRONCLAD","items_purchased":["Carnage"],"campfire_rested":3,"item_purchase_floors":[5],"current_hp_per_floor":[72,65,70,62,62,23,45,39,39,37,26,48,51,27,49,7,58,64,43,43],"gold":418,"neow_bonus":"HUNDRED_GOLD","is_prod":false,"is_daily":false,"chose_seed":false,"campfire_upgraded":0,"win_rate":0,"timestamp":1540848983,"path_taken":["M","M","M","M","$","E","R","M","T","E","?","R","M","E","R","BOSS","M","?","?"],"build_version":"2018-10-25v2","purchased_purges":1,"victory":false,"max_hp_per_floor":[75,75,75,75,75,75,75,75,75,75,75,75,75,75,75,75,75,75,75,75],"card_choices":[{"not_picked":["Intimidate","Wild Strike"],"picked":"Clothesline","floor":1.0},{"not_picked":["Clothesline","Flame Barrier"],"picked":"Thunderclap","floor":2.0},{"not_picked":["Rage","Warcry","Flex"],"picked":"SKIP","floor":3.0},{"not_picked":["Cleave","Reckless Charge"],"picked":"Shrug It Off","floor":4.0},{"not_picked":["Clothesline","Inflame"],"picked":"Iron Wave","floor":6.0},{"not_picked":["Hemokinesis","Clash"],"picked":"Immolate","floor":8.0},{"not_picked":["Dropkick","Perfected Strike"],"picked":"Shrug It Off","floor":10.0},{"not_picked":["Twin Strike","Thunderclap"],"picked":"Battle Trance","floor":12.0},{"not_picked":["Battle Trance","Thunderclap"],"picked":"Cleave","floor":13.0},{"not_picked":["Anger","Heavy Blade"],"picked":"Sentinel","floor":14},{"not_picked":["Barricade","Juggernaut"],"picked":"Double Tap","floor":16},{"not_picked":["Wild Strike","Shrug It Off"],"picked":"Blood for Blood+1","floor":18}],"player_experience":1219285,"relics_obtained":[{"floor":6.0,"key":"Dream Catcher"},{"floor":9.0,"key":"Centennial Puzzle"},{"floor":10.0,"key":"Ancient Tea Set"},{"floor":14,"key":"Bag of Preparation"}],"event_choices":[{"damage_healed":0.0,"max_hp_gain":0.0,"max_hp_loss":0.0,"gold_gain":75.0,"event_name":"World of Goop","player_choice":"Gather Gold","floor":11.0,"gold_loss":0.0,"damage_taken":11.0},{"damage_healed":0,"gold_gain":0,"player_choice":"Obtained Book","damage_taken":21,"max_hp_gain":0,"max_hp_loss":0,"event_name":"Cursed Tome","floor":19,"gold_loss":0}],"is_beta":false,"boss_relics":[{"not_picked":["Black Blood","Runic Cube"],"picked":"Snecko Eye"}],"items_purged_floors":[5],"is_endless":false,"potions_floor_spawned":[1,4,10],"killed_by":"Shell Parasite","ascension_level":15}