{"gold_per_floor":[112,112,132,132,143,143,161,222,222,222,242,242,254,270,270,341,341,356,356,334,334],"floor_reached":21,"playtime":1377,"items_purged":[],"score":316,"play_id":"426d9e67-e7f2-498d-aa10-74da92a03e10","local_time":"20180927210355","is_ascension_mode":true,"campfire_choices":[{"data":"True Grit","floor":6,"key":"SMITH"},{"data":"Bash","floor":10,"key":"SMITH"},{"floor":12,"key":"REST"},{"floor":15,"key":"REST"}],"neow_cost":"","seed_source_timestamp":120860876150899,"circlet_count":0,"master_deck":["Strike_R","Strike_R","Strike_R","Strike_R","Strike_R+1","Defend_R","Defend_R","Defend_R","Defend_R","Bash+1","AscendersBane","Ghostly Armor","Iron Wave","True Grit+1","Clothesline+1","Impervious","Shrug It Off","Reaper","Juggernaut","Inflame"],"relics":["Burning Blood","Matryoshka","Whetstone","PreservedInsect","Dodecahedron","Odd Mushroom","Coffee Dripper"],"potions_floor_usage":[7,8,11,11,16,19,21],"damage_taken":[{"damage":7,"enemies":"Cultist","floor":1,"turns":4},{"damage":1,"enemies":"2 Louse","floor":3,"turns":4},{"damage":3,"enemies":"Small Slimes","floor":5,"turns":4},{"damage":4,"enemies":"3 Louse","floor":7,"turns":3},{"damage":48,"enemies":"Lagavulin Event","floor":8,"turns":10},{"damage":26,"enemies":"The Mushroom Lair","floor":11,"turns":6},{"damage":13,"enemies":"Lots of Slimes","floor":13,"turns":7},{"damage":9,"enemies":"Large Slime","floor":14,"turns":8},{"damage":46,"enemies":"The Guardian","floor":16,"turns":23},{"damage":9,"enemies":"Chosen","floor":18,"turns":5},{"damage":23,"enemies":"Colosseum Slavers","floor":19,"turns":7},{"damage":19,"enemies":"2 Thieves","floor":20,"turns":4},{"damage":46,"enemies":"Chosen and Byrds","floor":21,"turns":7}],"seed_played":"3623406517406793575","potions_obtained":[{"floor":1,"key":"Ancient Potion"},{"floor":4,"key":"Fire Potion"},{"floor":8,"key":"Block Potion"},{"floor":8,"key":"Weak Potion"},{"floor":14,"key":"SpeedPotion"},{"floor":16,"key":"SteroidPotion"},{"floor":18,"key":"BloodPotion"}],"is_trial":false,"path_per_floor":["M","T","M","?","M","R","M","?","T","R","?","R","M","M","R","B",null,"M","?","M"],"character_chosen":"IRONCLAD","items_purchased":[],"campfire_rested":2,"item_purchase_floors":[],"current_hp_per_floor":[67,67,72,72,75,75,75,33,33,33,13,35,28,25,47,7,58,61,44,31,0],"gold":334,"neow_bonus":"","is_prod":false,"is_daily":false,"chose_seed":false,"campfire_upgraded":2,"win_rate":0,"timestamp":1538107435,"path_taken":["M","?","M","?","M","R","M","?","T","R","?","R","M","M","R","BOSS","M","?","M","M"],"build_version":"2018-09-26","purchased_purges":0,"victory":false,"max_hp_per_floor":[75,75,75,75,75,75,75,75,75,75,75,75,75,75,75,75,75,75,75,75,75],"card_choices":[{"not_picked":["Thunderclap","Flex"],"picked":"Ghostly Armor","floor":1},{"not_picked":["Heavy Blade","Havoc"],"picked":"Iron Wave","floor":3},{"not_picked":["Heavy Blade","Perfected Strike"],"picked":"True Grit","floor":5},{"not_picked":["Sever Soul","Warcry"],"picked":"Clothesline","floor":7},{"not_picked":["Cleave","Anger"],"picked":"Impervious","floor":8},{"not_picked":["Battle Trance","Rupture"],"picked":"Shrug It Off","floor":13},{"not_picked":["Clothesline","Whirlwind"],"picked":"Reaper","floor":14},{"not_picked":["Immolate","Offering"],"picked":"Juggernaut","floor":16},{"not_picked":["Anger","Cleave","Clothesline"],"picked":"SKIP","floor":18},{"not_picked":["Heavy Blade","Flex"],"picked":"Inflame","floor":20}],"player_experience":841279,"relics_obtained":[{"floor":2,"key":"Matryoshka"},{"floor":8,"key":"Whetstone"},{"floor":9,"key":"PreservedInsect"},{"floor":9,"key":"Dodecahedron"},{"floor":11,"key":"Odd Mushroom"}],"event_choices":[{"event_name":"The Lab","player_choice":"Got Potions","floor":4,"damage_taken":0},{"event_name":"Dead Adventurer","player_choice":"Searched \u00271\u0027 times","floor":8,"damage_taken":0},{"event_name":"Mushrooms","player_choice":"Fought Mushrooms","floor":11,"damage_taken":0},{"event_name":"Colosseum","player_choice":"Fight","floor":19,"damage_taken":0},{"event_name":"Colosseum","player_choice":"Fled From Nobs","floor":19,"damage_taken":0}],"is_beta":true,"boss_relics":[{"not_picked":["Eternal Feather","Calling Bell"],"picked":"Coffee Dripper"}],"items_purged_floors":[],"is_endless":false,"potions_floor_spawned":[1,8,8,14,16,18,19],"killed_by":"Chosen and Byrds","ascension_level":17}