{"gold_per_floor":[109,126,146,146,146,181,181,33,59,71,71,81,94,126,126,225,225,235,4,4,4,4,67,67,0,23,38,72,72,103,114,114,114],"floor_reached":33,"playtime":2283,"items_purged":["Strike_G"],"score":457,"play_id":"48a744d7-3c91-4dee-9086-cdfde1f1778d","local_time":"20190105015509","is_ascension_mode":true,"campfire_choices":[{"floor":7.0,"key":"REST"},{"floor":15.0,"key":"REST"},{"floor":24.0,"key":"REST"},{"floor":29.0,"key":"REST"},{"floor":32,"key":"REST"}],"neow_cost":"NONE","seed_source_timestamp":1488516555140351,"circlet_count":0,"master_deck":["Defend_G+1","Defend_G+1","Defend_G+1","Defend_G+1","Defend_G+1","Strike_G+1","Strike_G+1","Strike_G+1","Survivor","Neutralize+1","Prepared","Slice","Flying Knee","Glass Knife","Cloak And Dagger","Riddle With Holes","Phantasmal Killer","Writhe","Necronomicurse","Underhanded Strike+1","Sucker Punch","Dagger Spray","Blade Dance","Crippling Poison","Leg Sweep+1","Flying Knee"],"special_seed":0,"relics":["Ring of the Snake","Bronze Scales","Blood Vial","Regal Pillow","FaceOfCleric","Mango","HoveringKite","Strawberry","Bag of Preparation","Necronomicon","Tiny Chest","Dream Catcher","Gremlin Horn","Question Card"],"potions_floor_usage":[],"damage_taken":[{"damage":0.0,"enemies":"Jaw Worm","floor":1.0,"turns":5.0},{"damage":3.0,"enemies":"2 Louse","floor":2.0,"turns":2.0},{"damage":0.0,"enemies":"Cultist","floor":3.0,"turns":5.0},{"damage":43.0,"enemies":"3 Sentries","floor":6.0,"turns":17.0},{"damage":11.0,"enemies":"Large Slime","floor":10.0,"turns":8.0},{"damage":1.0,"enemies":"3 Louse","floor":12.0,"turns":3.0},{"damage":7.0,"enemies":"Exordium Wildlife","floor":13.0,"turns":5.0},{"damage":19.0,"enemies":"Gremlin Nob","floor":14.0,"turns":4.0},{"damage":60.0,"enemies":"The Guardian","floor":16.0,"turns":16.0},{"damage":20.0,"enemies":"Chosen","floor":18.0,"turns":5.0},{"damage":20.0,"enemies":"Slavers","floor":23.0,"turns":4.0},{"damage":2.0,"enemies":"3 Byrds","floor":27.0,"turns":2.0},{"damage":39.0,"enemies":"Gremlin Leader","floor":28.0,"turns":6.0},{"damage":41,"enemies":"Slavers","floor":30,"turns":4},{"damage":1,"enemies":"Centurion and Healer","floor":31,"turns":4},{"damage":108,"enemies":"Automaton","floor":33,"turns":12}],"seed_played":"-3545132718133746445","potions_obtained":[{"floor":2.0,"key":"Block Potion"},{"floor":3.0,"key":"Weak Potion"},{"floor":16.0,"key":"Poison Potion"},{"floor":18.0,"key":"SteroidPotion"}],"is_trial":false,"path_per_floor":["M","M","M","?","?","E","R","$","T","M","?","M","M","E","R","B",null,"M","$","?","?","?","E","R","?","T","M","E","R","E","M","R","B"],"character_chosen":"THE_SILENT","items_purchased":["Blood Vial","Strawberry"],"campfire_rested":5,"item_purchase_floors":[8,19],"current_hp_per_floor":[63,60,60,60,53,10,31,31,31,22,22,24,20,18,59,2,67,50,57,57,57,41,24,68,68,68,69,33,77,39,41,86,0],"gold":114,"neow_bonus":"UPGRADE_CARD","is_prod":false,"is_daily":false,"chose_seed":false,"campfire_upgraded":0,"win_rate":0,"timestamp":1546671309,"path_taken":["M","M","M","?","?","E","R","$","T","?","?","?","M","E","R","BOSS","M","$","?","?","?","E","R","?","T","?","E","R","E","M","R","BOSS"],"build_version":"2019-01-03v4","purchased_purges":1,"victory":false,"max_hp_per_floor":[70,70,70,70,70,70,70,70,70,70,70,71,72,87,87,88,88,89,96,96,96,96,97,97,97,97,98,99,99,100,101,101,101],"card_choices":[{"not_picked":["Prepared","Eviscerate","Skewer"],"picked":"SKIP","floor":1.0},{"not_picked":["Deadly Poison","Acrobatics","Well Laid Plans"],"picked":"SKIP","floor":2.0},{"not_picked":["Eviscerate","Choke"],"picked":"Prepared","floor":3.0},{"not_picked":["Flechettes","Finisher"],"picked":"Slice","floor":6.0},{"not_picked":["Crippling Poison","Deflect"],"picked":"Flying Knee","floor":10.0},{"not_picked":["Deadly Poison","Prepared"],"picked":"Glass Knife","floor":12.0},{"not_picked":["Crippling Poison","Deflect"],"picked":"Cloak And Dagger","floor":13.0},{"not_picked":["Finisher","Doppelganger"],"picked":"Riddle With Holes","floor":14.0},{"not_picked":["Burst","Bullet Time"],"picked":"Phantasmal Killer","floor":16.0},{"not_picked":["Bane","Setup","Outmaneuver"],"picked":"SKIP","floor":18.0},{"not_picked":["Poisoned Stab+1","Escape Plan"],"picked":"Underhanded Strike+1","floor":23.0},{"not_picked":["Bane+1","Riddle With Holes"],"picked":"Sucker Punch","floor":27.0},{"not_picked":["Tactician+1","Skewer"],"picked":"Dagger Spray","floor":28.0},{"not_picked":["Deflect","Storm of Steel"],"picked":"Blade Dance","floor":29.0},{"not_picked":["Blade Dance","Acrobatics"],"picked":"Crippling Poison","floor":30},{"not_picked":["Blade Dance","Sucker Punch","Riddle With Holes"],"picked":"Leg Sweep+1","floor":31},{"not_picked":["Slice","Dagger Spray","Outmaneuver"],"picked":"Flying Knee","floor":32}],"player_experience":340489,"relics_obtained":[{"floor":6.0,"key":"Bronze Scales"},{"floor":9.0,"key":"Regal Pillow"},{"floor":14.0,"key":"Mango"},{"floor":22.0,"key":"Necronomicon"},{"floor":23.0,"key":"Tiny Chest"},{"floor":26.0,"key":"Dream Catcher"},{"floor":28.0,"key":"Gremlin Horn"},{"floor":30,"key":"Question Card"}],"event_choices":[{"damage_healed":0.0,"max_hp_gain":0.0,"max_hp_loss":0.0,"gold_gain":0.0,"event_name":"Liars Game","player_choice":"Ignored","floor":4.0,"gold_loss":0.0,"damage_taken":0.0},{"cards_removed":["Strike_G"],"damage_healed":0.0,"max_hp_gain":0.0,"max_hp_loss":0.0,"gold_gain":0.0,"event_name":"Golden Wing","player_choice":"Card Removal","floor":5.0,"gold_loss":0.0,"damage_taken":7.0},{"damage_healed":0.0,"max_hp_gain":0.0,"max_hp_loss":0.0,"gold_gain":0.0,"event_name":"FaceTrader","player_choice":"Trade","floor":11.0,"gold_loss":0.0,"damage_taken":0.0,"relics_obtained":["FaceOfCleric"]},{"damage_healed":0.0,"max_hp_gain":0.0,"max_hp_loss":0.0,"gold_gain":0.0,"event_name":"Back to Basics","player_choice":"Simplicity","floor":20.0,"gold_loss":0.0,"damage_taken":0.0,"cards_upgraded":["Defend_G","Defend_G","Defend_G","Defend_G","Defend_G","Strike_G","Strike_G","Strike_G"]},{"damage_healed":0.0,"max_hp_gain":0.0,"max_hp_loss":0.0,"gold_gain":0.0,"event_name":"The Mausoleum","player_choice":"Opened","floor":21.0,"gold_loss":0.0,"damage_taken":0.0,"relics_obtained":["Bag of Preparation"],"cards_obtained":["Writhe"]},{"damage_healed":0.0,"max_hp_gain":0.0,"max_hp_loss":0.0,"gold_gain":0.0,"event_name":"Cursed Tome","player_choice":"Obtained Book","floor":22.0,"gold_loss":0.0,"damage_taken":16.0},{"damage_healed":0.0,"max_hp_gain":0.0,"max_hp_loss":0.0,"gold_gain":0.0,"event_name":"Masked Bandits","player_choice":"Paid Fearfully","floor":25.0,"gold_loss":67.0,"damage_taken":0.0}],"is_beta":false,"boss_relics":[{"not_picked":["Fusion Hammer","Eternal Feather"],"picked":"HoveringKite"}],"items_purged_floors":[19],"is_endless":false,"potions_floor_spawned":[2,3,16,18],"killed_by":"Automaton","ascension_level":6}