{"path_per_floor":["M","?","M","M","?","R","M","$","T","M","M","R","M","M","R","B",null,"M","M","M","M","M","R","?","R","T","$","M","M","R","M","R","B",null,"M","$","M","M","?","R","?","?","T","R","M","R","?","M","R","B"],"character_chosen":"DEFECT","items_purchased":["Go for the Eyes","Seek","Flash of Steel+1","Secret Technique"],"gold_per_floor":[118,118,130,144,144,144,157,30,103,113,133,133,146,160,160,261,261,281,295,306,317,330,330,365,365,365,89,108,125,125,145,145,243,243,255,67,83,100,100,100,100,100,100,100,110,110,110,123,123,123],"floor_reached":51,"campfire_rested":1,"playtime":4243,"item_purchase_floors":[8,27,27,36],"current_hp_per_floor":[62,62,61,61,47,47,40,40,40,45,42,42,42,41,41,18,73,73,66,60,57,57,57,41,41,41,41,36,36,36,33,54,17,73,73,73,73,69,69,69,69,69,69,69,66,66,66,58,58,40],"items_purged":["Strike_B","Strike_B"],"gold":123,"score":622,"play_id":"d16e3ce8-6645-4752-b534-78d149753ab1","local_time":"20180604084032","is_prod":false,"is_daily":false,"chose_seed":false,"is_ascension_mode":false,"campfire_upgraded":7,"win_rate":0,"timestamp":1528126832,"campfire_choices":[{"data":"Chill","floor":6,"key":"SMITH"},{"data":"Hologram","floor":12,"key":"SMITH"},{"data":"Dualcast","floor":15,"key":"SMITH"},{"data":"Hologram","floor":23,"key":"SMITH"},{"data":"Steam","floor":25,"key":"SMITH"},{"data":"Loop","floor":30,"key":"SMITH"},{"floor":32,"key":"REST"},{"data":"Hologram","floor":40,"key":"SMITH"},{"data":"1","floor":44,"key":"LIFT"},{"data":"2","floor":46,"key":"LIFT"},{"data":"3","floor":49,"key":"LIFT"}],"path_taken":["M","?","M","M","?","R","M","?","T","?","M","R","M","M","R","BOSS","M","M","M","M","M","R","?","R","T","$","M","M","R","M","R","BOSS","M","$","M","M","?","R","?","?","T","R","M","R","?","M","R","BOSS"],"build_version":"2018-05-31","seed_source_timestamp":1188464714779592,"purchased_purges":2,"victory":true,"master_deck":["Strike_B+1","Strike_B+1","Defend_B","Defend_B","Defend_B","Zap+1","Dualcast+1","Rainbow","Sweeping Beam","Steam+1","Chill+1","Hologram+1","Go for the Eyes","Cold Snap+1","Barrage+1","Streamline+1","Streamline+1","Machine Learning","Steam","Doom and Gloom+1","Hologram+1","Glacier","Ball Lightning+1","Seek","Flash of Steel+1","Hologram+1","Loop+1","Reboot","Secret Technique","Compile Driver+1","Barrage+1","Stack"],"max_hp_per_floor":[68,68,68,68,68,68,68,68,68,73,73,73,73,73,73,73,73,73,73,73,73,73,73,73,73,73,73,73,73,73,73,73,73,73,73,73,73,73,73,73,73,73,73,73,73,73,73,73,73,73],"relics":["Cracked Core","Molten Egg 2","Sozu","Red Mask","Gremlin Horn","Nuclear Battery","Girya"],"card_choices":[{"not_picked":["Multi-Cast","Meteor Strike"],"picked":"Rainbow","floor":0},{"not_picked":["Leap","Cold Snap"],"picked":"Sweeping Beam","floor":1},{"not_picked":["Barrage","Turbo"],"picked":"Steam","floor":3},{"not_picked":["Barrage","Rebound"],"picked":"Chill","floor":4},{"not_picked":["Capacitor","Force Field"],"picked":"Hologram","floor":7},{"not_picked":["Turbo","All For One+1"],"picked":"Cold Snap+1","floor":10},{"not_picked":["Reprogram","Ball Lightning+1"],"picked":"Barrage+1","floor":11},{"not_picked":["Steam","Hologram"],"picked":"Streamline+1","floor":13},{"not_picked":["Steam Power","Go for the Eyes+1"],"picked":"Streamline+1","floor":14},{"not_picked":["Meteor Strike+1","Thunder Strike+1"],"picked":"Machine Learning","floor":16},{"not_picked":["Go for the Eyes+1","Reinforced Body+1"],"picked":"Steam","floor":18},{"not_picked":["Coolheaded","Reprogram"],"picked":"Doom and Gloom+1","floor":19},{"not_picked":["Sweeping Beam+1","Chaos+1"],"picked":"Turbo","floor":20},{"not_picked":["Rebound+1","Storm"],"picked":"Hologram","floor":21},{"not_picked":["Rebound+1","Undo"],"picked":"Glacier","floor":22},{"not_picked":["Hello World","Rebound+1"],"picked":"Ball Lightning+1","floor":24},{"not_picked":["Coolheaded","Barrage+1"],"picked":"Hologram","floor":28},{"not_picked":["Double Energy+1","Leap"],"picked":"Loop","floor":29},{"not_picked":["Loop","Ball Lightning+1","Consume"],"picked":"SKIP","floor":31},{"not_picked":["Rainbow","Thunder Strike+1"],"picked":"Reboot","floor":33},{"not_picked":["Static Discharge","Barrage+1","Doom and Gloom+1"],"picked":"SKIP","floor":35},{"not_picked":["Hologram+1","Rip and Tear+1"],"picked":"Compile Driver+1","floor":37},{"not_picked":["Ball Lightning+1","Rebound+1","Steam+1"],"picked":"SKIP","floor":38},{"not_picked":["Sweeping Beam+1","Compile Driver+1"],"picked":"Barrage+1","floor":45},{"not_picked":["Turbo+1","Sunder+1"],"picked":"Stack","floor":48}],"player_experience":789856,"potions_floor_usage":[10,24,50],"damage_taken":[{"damage":6,"enemies":"Jaw Worm","floor":1,"turns":3},{"damage":1,"enemies":"2 Louse","floor":3,"turns":2},{"damage":0,"enemies":"Small Slimes","floor":4,"turns":2},{"damage":7,"enemies":"Exordium Wildlife","floor":7,"turns":3},{"damage":0,"enemies":"Lots of Slimes","floor":10,"turns":3},{"damage":3,"enemies":"Blue Slaver","floor":11,"turns":3},{"damage":0,"enemies":"Exordium Wildlife","floor":13,"turns":3},{"damage":1,"enemies":"2 Fungi Beasts","floor":14,"turns":3},{"damage":23,"enemies":"Slime Boss","floor":16,"turns":8},{"damage":0,"enemies":"Spheric Guardian","floor":18,"turns":3},{"damage":7,"enemies":"3 Byrds","floor":19,"turns":4},{"damage":6,"enemies":"3 Cultists","floor":20,"turns":5},{"damage":3,"enemies":"Cultist and Chosen","floor":21,"turns":5},{"damage":0,"enemies":"Centurion and Healer","floor":22,"turns":5},{"damage":16,"enemies":"Masked Bandits","floor":24,"turns":4},{"damage":5,"enemies":"Snecko","floor":28,"turns":5},{"damage":0,"enemies":"3 Cultists","floor":29,"turns":3},{"damage":3,"enemies":"Centurion and Healer","floor":31,"turns":4},{"damage":37,"enemies":"Collector","floor":33,"turns":9},{"damage":0,"enemies":"3 Shapes","floor":35,"turns":4},{"damage":0,"enemies":"Orb Walker","floor":37,"turns":2},{"damage":4,"enemies":"Maw","floor":38,"turns":7},{"damage":3,"enemies":"3 Darklings","floor":45,"turns":4},{"damage":8,"enemies":"Sphere and 2 Shapes","floor":48,"turns":4},{"damage":18,"enemies":"Awakened One","floor":50,"turns":13}],"relics_obtained":[{"floor":9,"key":"Molten Egg 2"},{"floor":24,"key":"Red Mask"},{"floor":26,"key":"Gremlin Horn"},{"floor":43,"key":"Girya"}],"event_choices":[{"event_name":"Living Wall","player_choice":"Grow","floor":2,"damage_taken":0},{"event_name":"Shining Light","player_choice":"Entered Light","floor":5,"damage_taken":0},{"event_name":"Masked Bandits","player_choice":"Fought over 330 gold","floor":24,"damage_taken":0},{"event_name":"Purifier","player_choice":"One Purge","floor":39,"damage_taken":0},{"event_name":"SecretPortal","player_choice":"Rejected Portal.","floor":41,"damage_taken":0},{"event_name":"The Woman in Blue","player_choice":"Bought 0 Potions","floor":42,"damage_taken":0}],"boss_relics":[{"not_picked":["Runic Pyramid","Ectoplasm"],"picked":"Sozu"},{"not_picked":["Calling Bell","Philosopher\u0027s Stone"],"picked":"Nuclear Battery"}],"items_purged_floors":[8,27],"potions_floor_spawned":[7,11,14,18,22,24,33,38],"seed_played":"-2740533343237081094","ascension_level":0,"potions_obtained":[{"floor":7,"key":"Fruit Juice"},{"floor":11,"key":"AttackPotion"},{"floor":14,"key":"FocusPotion"}],"is_trial":false}