{"gold_per_floor":[114,128,203,223,242,304,304,304,304,339,339,355,38,64,64,164,164,164,164,164,164,20,20,20,20,20,20,20,20,20,20,20,20,20,20,0,0,0,0,0,0,0],"floor_reached":42,"playtime":2706,"items_purged":[],"score":748,"play_id":"1ca2b61c-c988-481b-9b9b-a55326f9348b","local_time":"20190104021231","is_ascension_mode":true,"campfire_choices":[{"data":"White Noise","floor":8.0,"key":"SMITH"},{"floor":11.0,"key":"REST"},{"data":"Glacier","floor":15.0,"key":"SMITH"},{"floor":23.0,"key":"REST"},{"floor":28.0,"key":"REST"},{"data":"Creative AI","floor":32.0,"key":"SMITH"},{"floor":41.0,"key":"REST"}],"neow_cost":"NONE","seed_source_timestamp":1402575112264159,"circlet_count":0,"master_deck":["Strike_B","Strike_B","Defend_B","Defend_B","Defend_B","Defend_B","Zap","Dualcast","Steam","Rebound","Sunder+1","BootSequence","White Noise+1","Ball Lightning","Glacier+1","Ball Lightning","Ball Lightning","Amplify","Creative AI+1","Cold Snap","Capacitor","Redo+1","Ball Lightning+1","Streamline+1","Steam+1","Auto Shields+1","Multi-Cast","Streamline+1","Electrodynamics","Hyperbeam+1","White Noise+1","Loop","Lockon+1","Leap+1"],"special_seed":0,"relics":["Cracked Core","Tiny Chest","Happy Flower","Mummified Hand","Mango","PreservedInsect","Ectoplasm","Girya","Molten Egg 2","Bag of Preparation","Omamori","Dream Catcher","Old Coin","Pantograph","Inserter","Red Mask","Vajra"],"potions_floor_usage":[],"damage_taken":[{"damage":1.0,"enemies":"Jaw Worm","floor":1.0,"turns":4.0},{"damage":12.0,"enemies":"Small Slimes","floor":2.0,"turns":2.0},{"damage":7.0,"enemies":"2 Louse","floor":4.0,"turns":2.0},{"damage":0.0,"enemies":"Exordium Wildlife","floor":5.0,"turns":2.0},{"damage":20.0,"enemies":"Lagavulin","floor":6.0,"turns":6.0},{"damage":0.0,"enemies":"3 Sentries","floor":10.0,"turns":3.0},{"damage":0.0,"enemies":"3 Louse","floor":12.0,"turns":3.0},{"damage":0.0,"enemies":"Gremlin Nob","floor":14.0,"turns":2.0},{"damage":22.0,"enemies":"Hexaghost","floor":16.0,"turns":7.0},{"damage":6.0,"enemies":"Shell Parasite","floor":18.0,"turns":3.0},{"damage":0.0,"enemies":"Chosen","floor":19.0,"turns":4.0},{"damage":7.0,"enemies":"Colosseum Slavers","floor":20.0,"turns":4.0},{"damage":24.0,"enemies":"Colosseum Nobs","floor":20.0,"turns":4.0},{"damage":0.0,"enemies":"Sentry and Sphere","floor":21.0,"turns":4.0},{"damage":10.0,"enemies":"Slavers","floor":24.0,"turns":4.0},{"damage":5.0,"enemies":"Cultist and Chosen","floor":25.0,"turns":5.0},{"damage":7.0,"enemies":"Book of Stabbing","floor":27.0,"turns":4.0},{"damage":22.0,"enemies":"Shelled Parasite and Fungi","floor":30.0,"turns":4.0},{"damage":3.0,"enemies":"Slavers","floor":31.0,"turns":2.0},{"damage":57.0,"enemies":"Collector","floor":33.0,"turns":7.0},{"damage":12.0,"enemies":"Orb Walker","floor":35.0,"turns":3.0},{"damage":8.0,"enemies":"3 Darklings","floor":38.0,"turns":5.0},{"damage":17.0,"enemies":"Writhing Mass","floor":39.0,"turns":5.0},{"damage":31.0,"enemies":"Nemesis","floor":40.0,"turns":5.0},{"damage":50,"enemies":"Reptomancer","floor":42,"turns":3}],"seed_played":"-2250276029946478629","potions_obtained":[{"floor":4.0,"key":"Regen Potion"},{"floor":6.0,"key":"Fire Potion"},{"floor":12.0,"key":"Fire Potion"},{"floor":14.0,"key":"Strength Potion"},{"floor":19.0,"key":"SmokeBomb"},{"floor":21.0,"key":"Ancient Potion"},{"floor":25.0,"key":"Strength Potion"},{"floor":30.0,"key":"FocusPotion"},{"floor":35.0,"key":"PowerPotion"},{"floor":39.0,"key":"Energy Potion"},{"floor":40.0,"key":"FairyPotion"}],"is_trial":false,"path_per_floor":["M","M","?","M","M","E","?","R","T","E","R","M","$","E","R","B",null,"M","M","?","M","$","R","E","M","T","E","R","?","M","E","R","B",null,"M","?","T","M","M","E","R","E"],"character_chosen":"DEFECT","items_purchased":["Mango","Ball Lightning","Bag of Preparation"],"campfire_rested":4,"item_purchase_floors":[13,13,22],"current_hp_per_floor":[67,55,44,37,37,32,32,32,32,32,54,54,68,68,68,46,78,72,72,41,41,41,67,57,52,52,45,71,71,49,46,46,14,70,58,58,58,50,33,2,28,0],"gold":0,"neow_bonus":"THREE_CARDS","is_prod":false,"is_daily":false,"chose_seed":false,"campfire_upgraded":3,"win_rate":0,"timestamp":1546585951,"path_taken":["M","M","?","M","M","E","?","R","T","E","R","M","$","E","R","BOSS","M","M","?","M","$","R","E","M","T","E","R","?","M","E","R","BOSS","M","?","?","?","M","E","R","E"],"build_version":"2019-01-03v3","purchased_purges":0,"victory":false,"max_hp_per_floor":[75,75,75,75,75,75,75,75,75,75,75,75,89,89,89,89,89,89,89,89,89,89,89,89,89,89,89,89,89,89,89,89,89,89,89,89,89,89,89,89,89,89],"card_choices":[{"not_picked":["Rip and Tear","Reprogram"],"picked":"Steam","floor":0.0},{"not_picked":["Chaos","Compile Driver"],"picked":"Rebound","floor":1.0},{"not_picked":["Coolheaded","Redo"],"picked":"Sunder","floor":2.0},{"not_picked":["Turbo","Storm"],"picked":"BootSequence","floor":4.0},{"not_picked":["Sweeping Beam","Barrage"],"picked":"White Noise","floor":5.0},{"not_picked":["Steam","Blizzard"],"picked":"Ball Lightning","floor":6.0},{"not_picked":["Hologram","Streamline"],"picked":"Glacier","floor":10.0},{"not_picked":["Turbo","Aggregate"],"picked":"Ball Lightning","floor":12.0},{"not_picked":["Streamline","Rebound"],"picked":"Amplify","floor":14.0},{"not_picked":["Buffer","Reboot"],"picked":"Creative AI","floor":16.0},{"not_picked":["Sweeping Beam","Hologram+1"],"picked":"Cold Snap","floor":18.0},{"not_picked":["Force Field","Melter","Tempest"],"picked":"SKIP","floor":19.0},{"not_picked":["Beam Cell","Gash"],"picked":"Capacitor","floor":20.0},{"not_picked":["All For One+1","FTL+1"],"picked":"Redo+1","floor":21.0},{"not_picked":["Stack","Auto Shields"],"picked":"Ball Lightning+1","floor":24.0},{"not_picked":["Coolheaded+1","White Noise"],"picked":"Streamline+1","floor":25.0},{"not_picked":["Gash+1","Storm"],"picked":"Steam+1","floor":27.0},{"not_picked":["Hologram","Go for the Eyes+1"],"picked":"Auto Shields+1","floor":28.0},{"not_picked":["Ball Lightning+1","Consume"],"picked":"Electrodynamics","floor":30.0},{"not_picked":["Aggregate+1","Go for the Eyes+1","Redo+1"],"picked":"SKIP","floor":31.0},{"not_picked":["Biased Cognition","Fission"],"picked":"Hyperbeam+1","floor":33.0},{"not_picked":["Turbo+1","Lockon+1"],"picked":"White Noise+1","floor":35.0},{"not_picked":["Gash+1","Beam Cell+1"],"picked":"Loop","floor":38.0},{"not_picked":["Turbo+1","Storm"],"picked":"Lockon+1","floor":39.0},{"not_picked":["Tempest+1","Sweeping Beam+1"],"picked":"Leap+1","floor":40.0}],"player_experience":333414,"relics_obtained":[{"floor":6.0,"key":"Tiny Chest"},{"floor":9.0,"key":"Happy Flower"},{"floor":10.0,"key":"Mummified Hand"},{"floor":14.0,"key":"PreservedInsect"},{"floor":20.0,"key":"Girya"},{"floor":20.0,"key":"Molten Egg 2"},{"floor":24.0,"key":"Omamori"},{"floor":26.0,"key":"Dream Catcher"},{"floor":27.0,"key":"Old Coin"},{"floor":31.0,"key":"Pantograph"},{"floor":40.0,"key":"Vajra"}],"event_choices":[{"damage_healed":0.0,"max_hp_gain":0.0,"max_hp_loss":0.0,"gold_gain":75.0,"event_name":"World of Goop","player_choice":"Gather Gold","floor":3.0,"gold_loss":0.0,"damage_taken":11.0},{"damage_healed":0.0,"max_hp_gain":0.0,"max_hp_loss":0.0,"gold_gain":0.0,"event_name":"Living Wall","player_choice":"Grow","floor":7.0,"gold_loss":0.0,"damage_taken":0.0,"cards_upgraded":["Sunder"]},{"damage_healed":0.0,"max_hp_gain":0.0,"max_hp_loss":0.0,"gold_gain":0.0,"event_name":"Colosseum","player_choice":"Fight","floor":20.0,"gold_loss":0.0,"damage_taken":0.0},{"damage_healed":0.0,"max_hp_gain":0.0,"max_hp_loss":0.0,"gold_gain":0.0,"event_name":"Colosseum","player_choice":"Fought Nobs","floor":20.0,"gold_loss":0.0,"damage_taken":0.0},{"damage_healed":0.0,"max_hp_gain":0.0,"max_hp_loss":0.0,"gold_gain":0.0,"cards_transformed":["Strike_B","Strike_B"],"event_name":"Drug Dealer","player_choice":"Became Test Subject","floor":29.0,"gold_loss":0.0,"damage_taken":0.0,"cards_obtained":["Multi-Cast","Streamline"]},{"damage_healed":0.0,"max_hp_gain":0.0,"max_hp_loss":0.0,"gold_gain":0.0,"event_name":"Tomb of Lord Red Mask","player_choice":"Paid","floor":36.0,"gold_loss":20.0,"damage_taken":0.0,"relics_obtained":["Red Mask"]}],"is_beta":false,"boss_relics":[{"not_picked":["Runic Pyramid","FrozenCore"],"picked":"Ectoplasm"},{"not_picked":["Black Star","Empty Cage"],"picked":"Inserter"}],"items_purged_floors":[],"is_endless":false,"potions_floor_spawned":[4,6,12,14,19,21,25,27,30,35,39,40],"killed_by":"Reptomancer","ascension_level":6}