{"gold_per_floor":[109,109,42,42,55,55,73,73,96,124,124,144,155,155],"floor_reached":14,"playtime":498,"items_purged":[],"score":158,"play_id":"6774d31b-795d-4728-9489-0e7a57737319","local_time":"20181106080635","is_ascension_mode":true,"campfire_choices":[{"data":"Zap","floor":6,"key":"SMITH"},{"data":"Redo","floor":8,"key":"SMITH"},{"data":"Dualcast","floor":11,"key":"SMITH"}],"neow_cost":"NONE","seed_source_timestamp":669458328512662,"circlet_count":0,"master_deck":["AscendersBane","Strike_B","Strike_B","Defend_B","Defend_B","Defend_B","Defend_B","Zap+1","Dualcast+1","Lockon","Redo+1","Hologram","Aggregate","Coolheaded","Sweeping Beam","Fusion+1","Ball Lightning","Redo+1"],"relics":["Cracked Core","NeowsBlessing","Dream Catcher","Toxic Egg 2"],"potions_floor_usage":[],"damage_taken":[{"damage":0,"enemies":"Jaw Worm","floor":1,"turns":1},{"damage":0,"enemies":"Small Slimes","floor":5,"turns":1},{"damage":0,"enemies":"Cultist","floor":7,"turns":1},{"damage":23,"enemies":"3 Sentries","floor":10,"turns":7},{"damage":12,"enemies":"Gremlin Gang","floor":12,"turns":5},{"damage":13,"enemies":"Exordium Thugs","floor":13,"turns":5},{"damage":16,"enemies":"Exordium Wildlife","floor":14,"turns":1}],"seed_played":"7573487516614730165","potions_obtained":[{"floor":1,"key":"Weak Potion"},{"floor":10,"key":"EssenceOfSteel"}],"is_trial":false,"path_per_floor":["M","?","$","?","M","R","M","R","T","E","R","M","M","M"],"character_chosen":"DEFECT","items_purchased":["Redo","Hologram"],"campfire_rested":0,"item_purchase_floors":[3,3],"current_hp_per_floor":[64,57,57,57,57,57,57,57,57,34,34,22,9,0],"gold":155,"neow_bonus":"THREE_ENEMY_KILL","is_prod":false,"is_daily":false,"chose_seed":false,"campfire_upgraded":3,"win_rate":0,"timestamp":1541520395,"path_taken":["M","?","$","?","?","R","?","R","T","E","R","M","M","?"],"build_version":"2018-11-01","purchased_purges":0,"victory":false,"max_hp_per_floor":[71,71,71,71,71,71,71,71,71,71,71,71,71,71],"card_choices":[{"not_picked":["Turbo","Melter"],"picked":"Lockon","floor":1},{"not_picked":["Conserve Battery","Steam"],"picked":"Coolheaded","floor":5},{"not_picked":["Auto Shields","Barrage"],"picked":"Sweeping Beam","floor":7},{"not_picked":["Reinforced Body","Compile Driver"],"picked":"Fusion","floor":10},{"not_picked":["Go for the Eyes","Loop"],"picked":"Ball Lightning","floor":12},{"not_picked":["Barrage","Sweeping Beam"],"picked":"Redo+1","floor":13}],"player_experience":1241255,"relics_obtained":[{"floor":9,"key":"Dream Catcher"},{"floor":10,"key":"Toxic Egg 2"}],"event_choices":[{"cards_removed":["Strike_B"],"damage_healed":0,"gold_gain":0,"player_choice":"Card Removal","damage_taken":7,"max_hp_gain":0,"max_hp_loss":0,"event_name":"Golden Wing","floor":2,"gold_loss":0},{"damage_healed":0,"gold_gain":0,"cards_transformed":["Strike_B"],"player_choice":"Transformed","damage_taken":0,"max_hp_gain":0,"max_hp_loss":0,"event_name":"Transmorgrifier","floor":4,"gold_loss":0,"cards_obtained":["Aggregate"]}],"is_beta":false,"boss_relics":[],"items_purged_floors":[],"is_endless":false,"potions_floor_spawned":[1,10],"killed_by":"Exordium Wildlife","ascension_level":15}