{"gold_per_floor":[367,367,92,137,37,37,77,98,98,98,98,98,98,132,132,228,228,241,39,39,39,57,57,97,97,97,135,135,135,135,156,156,272,272,285,285,175,175,188,111,125,125,150,150,175,188,208,253,253,253],"floor_reached":51,"playtime":3283,"items_purged":["Doubt","Injury","Parasite"],"score":1236,"play_id":"367bc02e-e114-4107-86d7-b8795a678d7f","local_time":"20190106165208","is_ascension_mode":true,"campfire_choices":[{"data":"HandOfGreed","floor":6,"key":"SMITH"},{"data":"Zap","floor":10,"key":"SMITH"},{"data":"Electrodynamics","floor":12,"key":"SMITH"},{"floor":15,"key":"REST"},{"data":"Defragment","floor":23,"key":"SMITH"},{"data":"Multi-Cast","floor":28,"key":"SMITH"},{"floor":32,"key":"REST"},{"floor":42,"key":"REST"},{"floor":44,"key":"REST"},{"floor":49,"key":"REST"}],"neow_cost":"CURSE","seed_source_timestamp":50969645941457,"circlet_count":0,"master_deck":["AscendersBane","Defend_B","Defend_B","Defend_B","Defend_B","Zap+1","Dualcast","HandOfGreed+1","Ball Lightning","Electrodynamics+1","Conserve Battery","Reprogram","All For One","Multi-Cast+1","Redo+1","Defragment+1","Glacier","Hologram+1","Undo","Glacier+1","Recycle+1","Hyperbeam+1","Gash+1","Glacier+1","Good Instincts+1","Impatience","Defragment","Defragment+1","Parasite"],"relics":["Cracked Core","Golden Idol","Calipers","Mercury Hourglass","Bird Faced Urn","Velvet Choker","Shuriken","Boot","Ancient Tea Set","Red Mask","Meat on the Bone","Nilry\u0027s Codex","Astrolabe","Pen Nib"],"potions_floor_usage":[14,33,33,45,46,50,50],"damage_taken":[{"damage":1,"enemies":"2 Louse","floor":1,"turns":3},{"damage":6,"enemies":"Jaw Worm","floor":4,"turns":5},{"damage":31,"enemies":"Gremlin Nob","floor":7,"turns":4},{"damage":1,"enemies":"Cultist","floor":8,"turns":3},{"damage":13,"enemies":"Lagavulin","floor":14,"turns":4},{"damage":47,"enemies":"The Guardian","floor":16,"turns":9},{"damage":0,"enemies":"Chosen","floor":18,"turns":3},{"damage":0,"enemies":"Spheric Guardian","floor":22,"turns":3},{"damage":18,"enemies":"Slavers","floor":24,"turns":3},{"damage":0,"enemies":"Masked Bandits","floor":27,"turns":2},{"damage":14,"enemies":"Snecko","floor":31,"turns":4},{"damage":24,"enemies":"Automaton","floor":33,"turns":14},{"damage":25,"enemies":"3 Darklings","floor":35,"turns":3},{"damage":0,"enemies":"3 Shapes","floor":39,"turns":3},{"damage":28,"enemies":"Jaw Worm Horde","floor":41,"turns":3},{"damage":47,"enemies":"Transient","floor":45,"turns":6},{"damage":6,"enemies":"Maw","floor":46,"turns":8},{"damage":32,"enemies":"Writhing Mass","floor":47,"turns":6},{"damage":15,"enemies":"Sphere and 2 Shapes","floor":48,"turns":7},{"damage":22,"enemies":"Donu and Deca","floor":50,"turns":12}],"seed_played":"994304309379081251","potions_obtained":[{"floor":7,"key":"Weak Potion"},{"floor":16,"key":"PowerPotion"},{"floor":22,"key":"LiquidBronze"},{"floor":39,"key":"Fire Potion"},{"floor":45,"key":"Fruit Juice"},{"floor":46,"key":"SkillPotion"},{"floor":47,"key":"FocusPotion"}],"is_trial":false,"path_per_floor":["M","?","$","M","$","R","E","M","T","R","?","R","?","E","R","B",null,"M","$","?","T","M","R","E","$","T","?","R","T","?","M","R","B",null,"M","?","?","$","M","$","M","R","T","R","M","M","M","M","R","B",null],"character_chosen":"DEFECT","items_purchased":["HandOfGreed","Defragment","Defragment"],"campfire_rested":5,"item_purchase_floors":[3,19,40],"current_hp_per_floor":[63,63,63,57,57,57,26,25,25,25,42,42,42,29,50,5,55,57,57,57,57,61,61,47,47,47,51,51,51,30,38,58,52,64,41,31,31,31,35,35,25,45,45,65,36,45,37,40,61,57],"gold":253,"neow_bonus":"TWO_FIFTY_GOLD","is_prod":false,"is_daily":false,"chose_seed":false,"campfire_upgraded":5,"win_rate":0,"timestamp":1546753928,"path_taken":["M","?","$","M","$","R","E","M","T","R","?","R","?","E","R","BOSS","M","$","?","?","?","R","E","$","T","?","R","?","?","M","R","BOSS","M","?","?","$","M","$","?","R","T","R","M","M","M","M","R","BOSS"],"build_version":"2018-11-15","purchased_purges":3,"victory":true,"max_hp_per_floor":[71,71,71,71,71,71,71,71,71,71,71,71,71,71,71,71,71,71,68,68,68,68,68,68,68,68,68,68,68,68,68,68,68,68,68,68,68,68,68,68,68,68,68,68,68,73,73,73,73,73],"card_choices":[{"not_picked":["Steam Power","Stack","Compile Driver"],"picked":"SKIP","floor":1},{"not_picked":["Go for the Eyes","Hologram"],"picked":"Ball Lightning","floor":4},{"not_picked":["Fusion","Leap"],"picked":"Electrodynamics","floor":7},{"not_picked":["Melter","Go for the Eyes"],"picked":"Conserve Battery","floor":8},{"not_picked":["Gash","BootSequence"],"picked":"All For One","floor":14},{"not_picked":["Amplify","Rainbow"],"picked":"Multi-Cast","floor":16},{"not_picked":["Recycle","Blizzard"],"picked":"Redo+1","floor":18},{"not_picked":["Double Energy","Steam+1"],"picked":"Hologram+1","floor":22},{"not_picked":["Darkness","Consume","Blizzard"],"picked":"SKIP","floor":24},{"not_picked":["Consume","Go for the Eyes"],"picked":"Undo","floor":27},{"not_picked":["Steam","Skim"],"picked":"Glacier+1","floor":31},{"not_picked":["Redo","Hologram"],"picked":"Glacier+1","floor":35},{"not_picked":["PanicButton","Trip"],"picked":"Good Instincts","floor":36},{"not_picked":["Sadistic Nature","Enlightenment"],"picked":"Discovery","floor":36},{"not_picked":["The Bomb","Discovery"],"picked":"Impatience","floor":36},{"not_picked":["Streamline","Turbo+1","Redo"],"picked":"SKIP","floor":39},{"not_picked":["Sweeping Beam","Stack","Cold Snap"],"picked":"SKIP","floor":41},{"not_picked":["Ball Lightning","Consume"],"picked":"Defragment+1","floor":45},{"not_picked":["Turbo","Melter","Scrape+1"],"picked":"SKIP","floor":46},{"not_picked":["Leap","Amplify","Stack"],"picked":"SKIP","floor":47},{"not_picked":["Chaos","Streamline","Heatsinks"],"picked":"SKIP","floor":48}],"player_experience":983965,"relics_obtained":[{"floor":7,"key":"Calipers"},{"floor":9,"key":"Mercury Hourglass"},{"floor":14,"key":"Bird Faced Urn"},{"floor":21,"key":"Shuriken"},{"floor":24,"key":"Boot"},{"floor":26,"key":"Ancient Tea Set"},{"floor":27,"key":"Red Mask"},{"floor":29,"key":"Meat on the Bone"},{"floor":30,"key":"Nilry\u0027s Codex"},{"floor":43,"key":"Pen Nib"}],"event_choices":[{"damage_healed":0,"gold_gain":0,"player_choice":"Take Wound","damage_taken":0,"relics_obtained":["Golden Idol"],"max_hp_gain":0,"max_hp_loss":0,"event_name":"Golden Idol","floor":2,"gold_loss":0,"cards_obtained":["Injury"]},{"damage_healed":17,"gold_gain":0,"player_choice":"Healed and dodged fight","damage_taken":0,"max_hp_gain":0,"max_hp_loss":0,"event_name":"Mushrooms","floor":11,"gold_loss":0,"cards_obtained":["Parasite"]},{"damage_healed":0,"gold_gain":0,"cards_transformed":["Strike_B"],"player_choice":"Change","damage_taken":0,"max_hp_gain":0,"max_hp_loss":0,"event_name":"Living Wall","floor":13,"gold_loss":0,"cards_obtained":["Reprogram"]},{"damage_healed":0,"gold_gain":0,"player_choice":"Read","damage_taken":0,"max_hp_gain":0,"max_hp_loss":0,"event_name":"The Library","floor":20,"gold_loss":0,"cards_obtained":["Glacier"]},{"damage_healed":0,"gold_gain":0,"player_choice":"Fought Bandits","damage_taken":0,"max_hp_gain":0,"max_hp_loss":0,"event_name":"Masked Bandits","floor":27,"gold_loss":0},{"damage_healed":0,"gold_gain":0,"player_choice":"Obtained Book","damage_taken":21,"max_hp_gain":0,"max_hp_loss":0,"event_name":"Cursed Tome","floor":30,"gold_loss":0},{"damage_healed":0,"gold_gain":0,"player_choice":"Memory 3","damage_taken":10,"max_hp_gain":0,"max_hp_loss":0,"event_name":"SensoryStone","floor":36,"gold_loss":0},{"cards_removed":["Discovery"],"damage_healed":0,"gold_gain":0,"player_choice":"Upgrade and Remove","damage_taken":0,"max_hp_gain":0,"max_hp_loss":0,"event_name":"Designer","floor":37,"gold_loss":110,"cards_upgraded":["Good Instincts"]}],"is_beta":true,"boss_relics":[{"not_picked":["Black Star","Calling Bell"],"picked":"Velvet Choker"},{"not_picked":["Cursed Key","Fusion Hammer"],"picked":"Astrolabe"}],"items_purged_floors":[3,5,19],"is_endless":false,"potions_floor_spawned":[7,16,22,24,31,39,45,46,47,48],"ascension_level":19}