{"gold_per_floor":[113,113,130,41,41,41,41,116,141,175,175,208,208,289,289,363,363,374,133,133,147,161,161,178,211,236,249,249,262,262,275,275,347,347,363,34,0,17,28,28,58,58,58,88,88,118,128,146,146,146],"floor_reached":51,"playtime":2468,"items_purged":["Strike_B"],"score":1431,"play_id":"df9393bf-6457-4ce1-b753-90b6957dfe9a","local_time":"20181116192226","is_ascension_mode":true,"campfire_choices":[{"data":"Dualcast","floor":7.0,"key":"SMITH"},{"floor":11.0,"key":"REST"},{"data":"Chill","floor":13.0,"key":"SMITH"},{"data":"Electrodynamics","floor":15.0,"key":"SMITH"},{"data":"Creative AI","floor":23.0,"key":"SMITH"},{"data":"Rainbow","floor":28,"key":"SMITH"},{"data":"Glacier","floor":30,"key":"SMITH"},{"data":"BootSequence","floor":32,"key":"SMITH"},{"floor":40,"key":"DIG"},{"floor":46,"key":"DIG"},{"floor":49,"key":"DIG"}],"neow_cost":"NONE","seed_source_timestamp":0,"circlet_count":0,"master_deck":["AscendersBane","Strike_B","Strike_B","Defend_B","Defend_B","Defend_B+1","Defend_B","Zap+1","Dualcast+1","Auto Shields+1","Chill+1","Glacier+1","Electrodynamics+1","Go for the Eyes+1","Rainbow+1","Cold Snap+1","Creative AI+1","All For One+1","BootSequence+1","Go for the Eyes+1","Coolheaded+1","All For One+1","Capacitor","Rainbow","Sunder+1","Consume+1"],"special_seed":0,"relics":["Cracked Core","NeowsBlessing","Bronze Scales","Molten Egg 2","Meat on the Bone","Mercury Hourglass","Coffee Dripper","Enchiridion","Dead Branch","Blood Vial","Cursed Key","Shovel","Red Mask","Potion Belt","Lantern","Boot","Tiny Chest","Strawberry"],"potions_floor_usage":[27,27,50,50,50],"damage_taken":[{"damage":0.0,"enemies":"Small Slimes","floor":1.0,"turns":1.0},{"damage":0.0,"enemies":"2 Louse","floor":3.0,"turns":1.0},{"damage":0.0,"enemies":"Gremlin Nob","floor":10.0,"turns":1.0},{"damage":22.0,"enemies":"3 Sentries","floor":12.0,"turns":6.0},{"damage":28.0,"enemies":"Slime Boss","floor":16.0,"turns":9.0},{"damage":10.0,"enemies":"2 Thieves","floor":18.0,"turns":4.0},{"damage":0.0,"enemies":"Spheric Guardian","floor":21.0,"turns":3.0},{"damage":10.0,"enemies":"Snake Plant","floor":22.0,"turns":3.0},{"damage":0.0,"enemies":"Sentry and Sphere","floor":24.0,"turns":6.0},{"damage":29,"enemies":"Book of Stabbing","floor":25,"turns":5},{"damage":0,"enemies":"Chosen and Byrds","floor":27,"turns":8},{"damage":11,"enemies":"Shelled Parasite and Fungi","floor":29,"turns":6},{"damage":12,"enemies":"Snake Plant","floor":31,"turns":3},{"damage":5,"enemies":"Champ","floor":33,"turns":9},{"damage":3,"enemies":"3 Darklings","floor":35,"turns":2},{"damage":0,"enemies":"Orb Walker","floor":38,"turns":3},{"damage":0,"enemies":"Maw","floor":39,"turns":7},{"damage":3,"enemies":"Giant Head","floor":41,"turns":11},{"damage":3,"enemies":"Reptomancer","floor":44,"turns":5},{"damage":25,"enemies":"Spire Growth","floor":47,"turns":4},{"damage":5,"enemies":"Transient","floor":48,"turns":6},{"damage":43,"enemies":"Time Eater","floor":50,"turns":20}],"seed_played":"-3762805535334292908","potions_obtained":[{"floor":12.0,"key":"Regen Potion"},{"floor":16.0,"key":"LiquidBronze"},{"floor":21.0,"key":"Strength Potion"},{"floor":22.0,"key":"Regen Potion"},{"floor":31,"key":"LiquidBronze"},{"floor":35,"key":"FairyPotion"},{"floor":38,"key":"Strength Potion"},{"floor":47,"key":"SneckoOil"},{"floor":48,"key":"EssenceOfSteel"}],"is_trial":false,"path_per_floor":["M","?","M","$","?","$","R","?","T","E","R","E","R","T","R","B",null,"M","$","?","M","M","R","M","E","T","M","R","M","R","M","R","B",null,"M","$","?","M","M","R","E","?","T","E","?","R","M","M","R","B",null],"character_chosen":"DEFECT","items_purchased":["Glacier","Creative AI","Shovel"],"campfire_rested":1,"item_purchase_floors":[4,19,36],"current_hp_per_floor":[64,43,43,43,43,43,43,32,32,32,53,31,31,31,31,15,57,47,47,26,38,40,40,40,23,23,71,71,60,60,50,50,47,65,64,64,64,66,68,68,67,67,67,66,66,66,43,40,47,18],"gold":146,"neow_bonus":"THREE_ENEMY_KILL","is_prod":false,"is_daily":false,"chose_seed":false,"campfire_upgraded":7,"win_rate":0,"timestamp":1542424946,"path_taken":["M","?","M","$","?","$","R","?","T","E","R","E","R","?","R","BOSS","M","$","?","M","M","R","M","E","T","M","R","M","R","M","R","BOSS","M","$","?","M","M","R","E","?","T","E","?","R","M","M","R","BOSS"],"build_version":"2018-11-15","purchased_purges":1,"victory":true,"max_hp_per_floor":[71,71,71,71,71,71,71,71,71,71,71,71,71,71,71,71,71,71,71,71,71,71,71,71,71,71,71,71,71,71,71,71,71,71,71,71,71,71,71,71,71,71,71,71,71,71,71,71,78,78],"card_choices":[{"not_picked":["Redo","Hologram"],"picked":"Auto Shields","floor":1.0},{"not_picked":["Leap","Rebound"],"picked":"Chill","floor":3.0},{"not_picked":["Thunder Strike","Compile Driver"],"picked":"Electrodynamics","floor":10.0},{"not_picked":["Heatsinks","Turbo"],"picked":"Go for the Eyes+1","floor":12.0},{"not_picked":["Amplify","Seek"],"picked":"Rainbow","floor":16.0},{"not_picked":["Stack","Hologram"],"picked":"Cold Snap+1","floor":18.0},{"not_picked":["Recycle","Rip and Tear+1","Streamline+1"],"picked":"SKIP","floor":21.0},{"not_picked":["Capacitor+1","Ball Lightning+1"],"picked":"All For One+1","floor":22.0},{"not_picked":["Leap","Cold Snap+1","Compile Driver+1"],"picked":"SKIP","floor":24.0},{"not_picked":["Hologram","Turbo"],"picked":"BootSequence","floor":25},{"not_picked":["Cold Snap+1","Conserve Battery","Leap"],"picked":"SKIP","floor":27},{"not_picked":["Barrage+1","Redo"],"picked":"Go for the Eyes+1","floor":29},{"not_picked":["Skim","Barrage+1"],"picked":"Coolheaded+1","floor":31},{"not_picked":["Buffer","Electrodynamics"],"picked":"All For One+1","floor":33},{"not_picked":["Gash+1","Rebound+1","Leap"],"picked":"SKIP","floor":35},{"not_picked":["Redo+1","Gash+1","Conserve Battery"],"picked":"SKIP","floor":38},{"not_picked":["Steam Power","Stack"],"picked":"Capacitor","floor":39},{"not_picked":["Ball Lightning+1","Chill"],"picked":"Rainbow","floor":41},{"not_picked":["Redo","Barrage+1","Blizzard+1"],"picked":"SKIP","floor":44},{"not_picked":["Static Discharge","Coolheaded"],"picked":"Sunder+1","floor":47},{"not_picked":["Streamline+1","Steam+1"],"picked":"Consume+1","floor":48}],"player_experience":936964,"relics_obtained":[{"floor":9.0,"key":"Bronze Scales"},{"floor":10.0,"key":"Molten Egg 2"},{"floor":12.0,"key":"Meat on the Bone"},{"floor":14.0,"key":"Mercury Hourglass"},{"floor":20.0,"key":"Enchiridion"},{"floor":25,"key":"Dead Branch"},{"floor":26,"key":"Blood Vial"},{"floor":40,"key":"Potion Belt"},{"floor":41,"key":"Lantern"},{"floor":44,"key":"Boot"},{"floor":46,"key":"Tiny Chest"},{"floor":49,"key":"Strawberry"}],"event_choices":[{"damage_healed":0.0,"max_hp_gain":0.0,"max_hp_loss":0.0,"gold_gain":0.0,"event_name":"Shining Light","player_choice":"Entered Light","floor":2.0,"gold_loss":0.0,"damage_taken":21.0,"cards_upgraded":["Auto Shields","Defend_B"]},{"damage_healed":0.0,"max_hp_gain":0.0,"max_hp_loss":0.0,"gold_gain":0.0,"event_name":"Living Wall","player_choice":"Grow","floor":5.0,"gold_loss":0.0,"damage_taken":0.0,"cards_upgraded":["Zap"]},{"damage_healed":0.0,"max_hp_gain":0.0,"max_hp_loss":0.0,"gold_gain":75.0,"event_name":"World of Goop","player_choice":"Gather Gold","floor":8.0,"gold_loss":0.0,"damage_taken":11.0},{"damage_healed":0.0,"max_hp_gain":0.0,"max_hp_loss":0.0,"gold_gain":0.0,"event_name":"Cursed Tome","player_choice":"Obtained Book","floor":20.0,"gold_loss":0.0,"damage_taken":21.0},{"damage_healed":0,"gold_gain":0,"player_choice":"Paid","damage_taken":0,"relics_obtained":["Red Mask"],"max_hp_gain":0,"max_hp_loss":0,"event_name":"Tomb of Lord Red Mask","floor":37,"gold_loss":34},{"cards_removed":["Strike_B"],"damage_healed":0,"gold_gain":0,"player_choice":"Removed Attack","damage_taken":0,"max_hp_gain":0,"max_hp_loss":0,"event_name":"Falling","floor":42,"gold_loss":0},{"damage_healed":0,"gold_gain":0,"player_choice":"Ignored","damage_taken":0,"max_hp_gain":0,"max_hp_loss":0,"event_name":"Mysterious Sphere","floor":45,"gold_loss":0}],"is_beta":true,"boss_relics":[{"not_picked":["White Beast Statue","Inserter"],"picked":"Coffee Dripper"},{"not_picked":["Empty Cage","Busted Crown"],"picked":"Cursed Key"}],"items_purged_floors":[19],"is_endless":false,"potions_floor_spawned":[12,16,21,22,24,31,35,38,47,48],"ascension_level":19}