{"gold_per_floor":[111,131,131,141,157,157,190,204,204,164,221,221,221,255,255,353,353,369,369,353,353,373,373],"floor_reached":23,"playtime":1343,"items_purged":[],"score":291,"play_id":"d297df8b-c94b-4e90-a44a-a36f62029973","local_time":"20181229213750","is_ascension_mode":true,"campfire_choices":[{"data":"Adrenaline","floor":6.0,"key":"SMITH"},{"floor":13.0,"key":"REST"},{"data":"Bouncing Flask","floor":15.0,"key":"SMITH"}],"neow_cost":"NONE","seed_source_timestamp":0,"circlet_count":0,"master_deck":["Defend_G","Defend_G","Defend_G","Defend_G","Defend_G","Strike_G","Strike_G","Strike_G","Strike_G","Survivor","Neutralize","Predator","Bouncing Flask","Adrenaline+1","Backflip","Escape Plan","Tactician","Prepared","Bouncing Flask+1","Catalyst","Envenom","Sucker Punch","Underhanded Strike","Dodge and Roll"],"special_seed":0,"relics":["Ring of the Snake","NeowsBlessing","Ornamental Fan","Blood Vial","Pen Nib","The Courier","HoveringKite","FaceOfCleric"],"potions_floor_usage":[22,23,23,23,23,23],"damage_taken":[{"damage":0.0,"enemies":"Cultist","floor":1.0,"turns":1.0},{"damage":0.0,"enemies":"Small Slimes","floor":2.0,"turns":1.0},{"damage":0.0,"enemies":"2 Louse","floor":4.0,"turns":1.0},{"damage":16.0,"enemies":"Lots of Slimes","floor":5.0,"turns":5.0},{"damage":19.0,"enemies":"Lagavulin","floor":7.0,"turns":5.0},{"damage":0.0,"enemies":"Gremlin Gang","floor":8.0,"turns":5.0},{"damage":20.0,"enemies":"3 Sentries","floor":14.0,"turns":8.0},{"damage":16.0,"enemies":"The Guardian","floor":16.0,"turns":8.0},{"damage":4,"enemies":"Chosen","floor":18,"turns":4},{"damage":29,"enemies":"2 Thieves","floor":20,"turns":4},{"damage":20,"enemies":"3 Cultists","floor":22,"turns":6},{"damage":18,"enemies":"Book of Stabbing","floor":23,"turns":4}],"seed_played":"2199780594964264435","potions_obtained":[{"floor":1.0,"key":"Swift Potion"},{"floor":2.0,"key":"Weak Potion"},{"floor":7.0,"key":"EssenceOfSteel"},{"floor":14.0,"key":"Strength Potion"},{"floor":21,"key":"GamblersBrew"},{"floor":21,"key":"Block Potion"},{"floor":21,"key":"EntropicBrew"},{"floor":22,"key":"Weak Potion"}],"is_trial":false,"path_per_floor":["M","M","?","M","M","R","E","M","T","$","?","?","R","E","R","B",null,"M","?","M","?","M","E"],"character_chosen":"THE_SILENT","items_purchased":["Bouncing Flask"],"campfire_rested":1,"item_purchase_floors":[10],"current_hp_per_floor":[63,63,63,63,47,47,28,28,28,28,28,28,49,31,31,17,57,55,55,29,29,12,0],"gold":373,"neow_bonus":"THREE_ENEMY_KILL","is_prod":false,"is_daily":false,"chose_seed":false,"campfire_upgraded":2,"win_rate":0,"timestamp":1546141070,"path_taken":["M","M","?","?","?","R","E","M","T","$","?","?","R","E","R","BOSS","M","?","?","?","M","E"],"build_version":"2018-12-20","purchased_purges":0,"victory":false,"max_hp_per_floor":[70,70,70,70,70,70,70,70,70,70,70,70,70,70,70,70,70,70,70,71,71,72,72],"card_choices":[{"not_picked":["Slice","Expertise"],"picked":"Predator","floor":1.0},{"not_picked":["Flechettes","Calculated Gamble"],"picked":"Bouncing Flask","floor":2.0},{"not_picked":["Slice","Terror"],"picked":"Backflip","floor":4.0},{"not_picked":["Cloak And Dagger","Dagger Spray"],"picked":"Escape Plan","floor":5.0},{"not_picked":["Flying Knee","Skewer"],"picked":"Tactician","floor":7.0},{"not_picked":["Underhanded Strike","Dagger Throw"],"picked":"Prepared","floor":8.0},{"not_picked":["Infinite Blades","Skewer"],"picked":"Catalyst","floor":14.0},{"not_picked":["Burst","Unload"],"picked":"Envenom","floor":16.0},{"not_picked":["Outmaneuver","Slice"],"picked":"Sucker Punch","floor":18},{"not_picked":["All Out Attack","Slice+1"],"picked":"Underhanded Strike","floor":20},{"not_picked":["Accuracy","Sucker Punch+1"],"picked":"Dodge and Roll","floor":22}],"player_experience":346895,"relics_obtained":[{"floor":7.0,"key":"Ornamental Fan"},{"floor":9.0,"key":"Blood Vial"},{"floor":14.0,"key":"The Courier"}],"event_choices":[{"damage_healed":0.0,"max_hp_gain":0.0,"max_hp_loss":0.0,"gold_gain":0.0,"cards_transformed":["Strike_G"],"event_name":"Transmorgrifier","player_choice":"Transformed","floor":3.0,"gold_loss":0.0,"damage_taken":0.0,"cards_obtained":["Adrenaline"]},{"damage_healed":0.0,"max_hp_gain":0.0,"max_hp_loss":0.0,"gold_gain":57.0,"event_name":"Golden Wing","player_choice":"Gained Gold","floor":11.0,"gold_loss":0.0,"damage_taken":0.0},{"damage_healed":0.0,"max_hp_gain":0.0,"max_hp_loss":0.0,"gold_gain":0.0,"event_name":"WeMeetAgain","player_choice":"Gave Potion","floor":12.0,"gold_loss":0.0,"damage_taken":0.0,"relics_obtained":["Pen Nib"]},{"damage_healed":0,"gold_gain":0,"player_choice":"Trade","damage_taken":0,"relics_obtained":["FaceOfCleric"],"max_hp_gain":0,"max_hp_loss":0,"event_name":"FaceTrader","floor":19,"gold_loss":0},{"damage_healed":0,"gold_gain":0,"player_choice":"Got Potions","damage_taken":0,"max_hp_gain":0,"max_hp_loss":0,"event_name":"Lab","floor":21,"gold_loss":0}],"is_beta":false,"boss_relics":[{"not_picked":["WristBlade","Pandora\u0027s Box"],"picked":"HoveringKite"}],"items_purged_floors":[],"is_endless":false,"potions_floor_spawned":[1,2,7,14,22],"killed_by":"Book of Stabbing","ascension_level":9}