{"gold_per_floor":[116,132,207,221,396,416,472,472],"floor_reached":8,"playtime":345,"items_purged":[],"score":67,"play_id":"07bf3077-9b56-4c07-9c49-97ad6a0ca193","local_time":"20181209162014","is_ascension_mode":true,"campfire_choices":[],"neow_cost":"NONE","seed_source_timestamp":1961999476943830,"circlet_count":0,"master_deck":["Strike_B","Strike_B","Strike_B","Strike_B","Defend_B","Defend_B","Defend_B","Defend_B","Zap","Lockon","Ball Lightning","Tempest","Ball Lightning","Doubt","Go for the Eyes","Melter"],"relics":["Cracked Core","Tiny Chest"],"potions_floor_usage":[8],"damage_taken":[{"damage":4,"enemies":"2 Louse","floor":1,"turns":3},{"damage":0,"enemies":"Small Slimes","floor":2,"turns":2},{"damage":0,"enemies":"Cultist","floor":4,"turns":2},{"damage":30,"enemies":"Gremlin Gang","floor":6,"turns":4},{"damage":25,"enemies":"Lagavulin","floor":7,"turns":5},{"damage":6,"enemies":"Exordium Wildlife","floor":8,"turns":2}],"seed_played":"-1436002898287678204","potions_obtained":[{"floor":6,"key":"AttackPotion"}],"is_trial":false,"path_per_floor":["M","M","?","M","?","M","E","M"],"character_chosen":"DEFECT","items_purchased":[],"campfire_rested":0,"item_purchase_floors":[],"current_hp_per_floor":[71,71,60,60,60,30,5,0],"gold":472,"neow_bonus":"TRANSFORM_CARD","is_prod":false,"is_daily":false,"chose_seed":false,"campfire_upgraded":0,"win_rate":0,"timestamp":1544394014,"path_taken":["M","M","?","M","?","M","E","M"],"build_version":"2018-12-06","purchased_purges":0,"victory":false,"max_hp_per_floor":[75,75,75,75,75,75,75,75],"card_choices":[{"not_picked":["Conserve Battery","Self Repair"],"picked":"Ball Lightning","floor":1},{"not_picked":["Go for the Eyes","Redo"],"picked":"Tempest","floor":2},{"not_picked":["Chill","Barrage"],"picked":"Ball Lightning","floor":4},{"not_picked":["Turbo","Skim"],"picked":"Go for the Eyes","floor":6},{"not_picked":["Chaos","Barrage"],"picked":"Melter","floor":7}],"player_experience":287993,"relics_obtained":[{"floor":7,"key":"Tiny Chest"}],"event_choices":[{"damage_healed":0,"gold_gain":75,"player_choice":"Gather Gold","damage_taken":11,"max_hp_gain":0,"max_hp_loss":0,"event_name":"World of Goop","floor":3,"gold_loss":0},{"damage_healed":0,"gold_gain":175,"player_choice":"AGREE","damage_taken":0,"max_hp_gain":0,"max_hp_loss":0,"event_name":"Liars Game","floor":5,"gold_loss":0,"cards_obtained":["Doubt"]}],"is_beta":false,"boss_relics":[],"items_purged_floors":[],"is_endless":false,"potions_floor_spawned":[6],"killed_by":"Exordium Wildlife","ascension_level":3}