{"path_per_floor":["M","$","M","M","M","R","T","R","T","M","R","?","M","M","R","B",null,"M","$","M","M","M","R","M","R","T","?","R","M","?","M","R","B",null,"M","?","M","M","?","R","M","R","T","?","?","$","R"],"character_chosen":"THE_SILENT","items_purchased":["Infinite Blades","Well Laid Plans","Vajra"],"gold_per_floor":[118,46,65,75,94,94,175,175,175,188,188,217,231,243,243,339,339,351,51,65,76,92,92,108,108,108,0,0,12,12,27,27,126,126,144,144,154,166,166,166,186,186,186,186,186,86,86,86],"floor_reached":48,"campfire_rested":5,"playtime":4466,"item_purchase_floors":[2,19,19],"current_hp_per_floor":[61,61,60,60,56,56,56,56,56,56,56,47,47,41,41,51,65,58,58,57,40,40,40,4,25,25,25,46,42,42,18,39,16,57,44,62,35,26,26,47,35,56,56,56,56,56,56,0],"items_purged":["Strike_G","Writhe"],"gold":86,"score":639,"play_id":"2df9fc5c-2ecc-401b-b5a3-d3b466eac0dd","local_time":"20180525113416","is_prod":false,"is_daily":false,"chose_seed":false,"is_ascension_mode":true,"campfire_upgraded":6,"win_rate":0,"timestamp":1527273256,"campfire_choices":[{"data":"Dagger Spray","floor":6,"key":"SMITH"},{"data":"Neutralize","floor":8,"key":"SMITH"},{"data":"Malaise","floor":11,"key":"SMITH"},{"data":"Cloak And Dagger","floor":15,"key":"SMITH"},{"data":"Footwork","floor":23,"key":"SMITH"},{"floor":25,"key":"REST"},{"floor":28,"key":"REST"},{"floor":32,"key":"REST"},{"floor":40,"key":"REST"},{"floor":42,"key":"REST"},{"data":"Adrenaline","floor":47,"key":"SMITH"}],"path_taken":["M","?","M","M","?","R","?","R","T","M","R","?","M","?","R","BOSS","M","$","M","M","M","R","M","R","T","?","R","M","?","M","R","BOSS","M","?","M","M","?","R","M","R","T","?","?","$","R","M"],"build_version":"2018-05-24","seed_source_timestamp":332979879180412,"purchased_purges":2,"victory":false,"master_deck":["Survivor","Neutralize+1","AscendersBane","Quick Slash","Infinite Blades","Backstab","Dagger Spray+1","Cloak And Dagger+1","Malaise+1","Envenom","Footwork+1","Blur","Predator","Infinite Blades","Well Laid Plans","Caltrops+1","Flying Knee","Adrenaline+1","Dagger Throw","Blade Dance","Predator","Slice","Prepared","Caltrops","Cloak And Dagger","Cloak And Dagger","Dodge and Roll+1","Glass Knife","Dramatic Entrance"],"max_hp_per_floor":[70,70,70,70,70,70,70,70,70,70,70,70,70,70,70,70,70,70,70,70,70,70,70,70,70,70,70,70,70,70,70,70,70,70,70,70,70,70,70,70,70,70,70,70,70,70,70,70],"relics":["Ring of the Snake","Happy Flower","Dodecahedron","Mummified Hand","Odd Mushroom","Orrery","Vajra","Bag of Marbles","Pandora\u0027s Box","Toolbox"],"card_choices":[{"not_picked":["Acrobatics","Deadly Poison"],"picked":"Quick Slash","floor":1},{"not_picked":["Choke","Deadly Poison"],"picked":"Backstab","floor":3},{"not_picked":["Acrobatics","Prepared"],"picked":"Dagger Spray","floor":4},{"not_picked":["Escape Plan","Acrobatics"],"picked":"Cloak And Dagger","floor":5},{"not_picked":["Crippling Poison","All Out Attack"],"picked":"Malaise","floor":10},{"not_picked":["Endless Agony","Bane","Dagger Spray"],"picked":"SKIP","floor":13},{"not_picked":["Bane","Underhanded Strike","Catalyst"],"picked":"SKIP","floor":14},{"not_picked":["Storm of Steel","Grand Finale"],"picked":"Envenom","floor":16},{"not_picked":["Prepared","Leg Sweep"],"picked":"Footwork","floor":17},{"not_picked":["Dagger Throw","Cloak And Dagger"],"picked":"Blur","floor":17},{"not_picked":["Flying Knee","Masterful Stab"],"picked":"Predator","floor":17},{"not_picked":["Heel Hook","Flying Knee"],"picked":"Infinite Blades","floor":18},{"not_picked":["Poisoned Stab","Crippling Poison","Quick Slash"],"picked":"SKIP","floor":20},{"not_picked":["Deflect","Setup+1","Dagger Throw"],"picked":"SKIP","floor":21},{"not_picked":["Acrobatics","Dagger Spray","Sucker Punch+1"],"picked":"SKIP","floor":22},{"not_picked":["Flechettes","All Out Attack"],"picked":"Caltrops+1","floor":24},{"not_picked":["Acrobatics","Catalyst","Quick Slash"],"picked":"SKIP","floor":29},{"not_picked":["Cloak And Dagger","Tools of the Trade","Poisoned Stab"],"picked":"SKIP","floor":31},{"not_picked":["Unload","Wraith Form v2"],"picked":"Adrenaline","floor":33},{"not_picked":["Deflect","Dagger Throw+1","Sucker Punch+1"],"picked":"SKIP","floor":35},{"not_picked":["Deadly Poison+1","Deflect","Acrobatics"],"picked":"SKIP","floor":37},{"not_picked":["Predator","Underhanded Strike+1"],"picked":"Dodge and Roll+1","floor":38},{"not_picked":["Sucker Punch+1","Dagger Throw+1"],"picked":"Glass Knife","floor":41},{"not_picked":["Secret Technique","Trip"],"picked":"Dramatic Entrance","floor":44}],"player_experience":704055,"potions_floor_usage":[16,16,22,24,24,33,33],"damage_taken":[{"damage":2,"enemies":"Cultist","floor":1,"turns":5},{"damage":1,"enemies":"2 Louse","floor":3,"turns":3},{"damage":0,"enemies":"Jaw Worm","floor":4,"turns":2},{"damage":4,"enemies":"Blue Slaver","floor":5,"turns":3},{"damage":0,"enemies":"2 Fungi Beasts","floor":10,"turns":2},{"damage":9,"enemies":"The Mushroom Lair","floor":12,"turns":3},{"damage":0,"enemies":"Red Slaver","floor":13,"turns":4},{"damage":6,"enemies":"Large Slime","floor":14,"turns":5},{"damage":5,"enemies":"Hexaghost","floor":16,"turns":10},{"damage":7,"enemies":"Shell Parasite","floor":18,"turns":6},{"damage":1,"enemies":"3 Byrds","floor":20,"turns":5},{"damage":17,"enemies":"Centurion and Healer","floor":21,"turns":7},{"damage":0,"enemies":"Snake Plant","floor":22,"turns":5},{"damage":36,"enemies":"Cultist and Chosen","floor":24,"turns":6},{"damage":4,"enemies":"Centurion and Healer","floor":29,"turns":8},{"damage":24,"enemies":"Snake Plant","floor":31,"turns":4},{"damage":23,"enemies":"Collector","floor":33,"turns":11},{"damage":13,"enemies":"3 Shapes","floor":35,"turns":7},{"damage":27,"enemies":"Orb Walker","floor":37,"turns":3},{"damage":9,"enemies":"Maw","floor":38,"turns":7},{"damage":12,"enemies":"4 Shapes","floor":41,"turns":10}],"relics_obtained":[{"floor":7,"key":"Dodecahedron"},{"floor":9,"key":"Mummified Hand"},{"floor":12,"key":"Odd Mushroom"},{"floor":26,"key":"Bag of Marbles"},{"floor":43,"key":"Toolbox"}],"event_choices":[{"event_name":"Mushrooms","player_choice":"Fought Mushrooms","floor":12,"damage_taken":0},{"event_name":"Masked Bandits","player_choice":"Paid Bandits 108 gold","floor":27,"damage_taken":0},{"event_name":"Transmorgrifier","player_choice":"Transform","floor":30,"damage_taken":0},{"event_name":"Winding Halls","player_choice":"Writhe","floor":36,"damage_taken":0},{"event_name":"Mysterious Sphere","player_choice":"Ignore","floor":39,"damage_taken":0},{"event_name":"SensoryStone","player_choice":"Memory 1","floor":44,"damage_taken":0},{"event_name":"Tomb of Lord Red Mask","player_choice":"Ignored","floor":45,"damage_taken":0}],"boss_relics":[{"not_picked":["Ectoplasm","Black Star"],"picked":"Orrery"},{"not_picked":["Velvet Choker","Runic Dome"],"picked":"Pandora\u0027s Box"}],"items_purged_floors":[19,46],"potions_floor_spawned":[4,5,14,16,21,22,29,37,38,41],"seed_played":"-641426494978063119","killed_by":"Sphere and 2 Shapes","ascension_level":10,"potions_obtained":[{"floor":4,"key":"Strength Potion"},{"floor":5,"key":"Regen Potion"},{"floor":14,"key":"Dexterity Potion"},{"floor":16,"key":"Explosive Potion"},{"floor":21,"key":"PowerPotion"},{"floor":22,"key":"LiquidBronze"},{"floor":29,"key":"Poison Potion"},{"floor":37,"key":"SpeedPotion"},{"floor":38,"key":"FearPotion"},{"floor":41,"key":"Swift Potion"}],"is_trial":false}