{"gold_per_floor":[113,113,132,143,159,194,194,194],"floor_reached":8,"playtime":587,"items_purged":[],"score":104,"play_id":"5eff0e26-8279-4c6f-a4c8-ab646a3e421a","local_time":"20181115100916","is_ascension_mode":true,"campfire_choices":[{"floor":7.0,"key":"REST"}],"neow_cost":"PERCENT_DAMAGE","seed_source_timestamp":1454312591357176,"circlet_count":0,"master_deck":["AscendersBane","Strike_B","Strike_B+1","Strike_B+1","Defend_B","Defend_B","Defend_B","Defend_B","Zap","Dualcast","Echo Form","Beam Cell","Cold Snap","Coolheaded","Coolheaded","Coolheaded"],"special_seed":0,"relics":["Cracked Core","Whetstone"],"potions_floor_usage":[8],"damage_taken":[{"damage":8.0,"enemies":"2 Louse","floor":1.0,"turns":2.0},{"damage":1.0,"enemies":"Cultist","floor":3.0,"turns":3.0},{"damage":0.0,"enemies":"Small Slimes","floor":4.0,"turns":3.0},{"damage":9.0,"enemies":"Looter","floor":5.0,"turns":3.0},{"damage":21.0,"enemies":"3 Sentries","floor":6.0,"turns":9.0},{"damage":28,"enemies":"Gremlin Nob","floor":8,"turns":4}],"seed_played":"5738010044151962626","potions_obtained":[{"floor":3.0,"key":"Strength Potion"}],"is_trial":false,"path_per_floor":["M","?","M","M","M","E","R","E"],"character_chosen":"DEFECT","items_purchased":[],"campfire_rested":1,"item_purchase_floors":[],"current_hp_per_floor":[38,38,37,37,28,7,28,0],"gold":194,"neow_bonus":"THREE_RARE_CARDS","is_prod":false,"is_daily":false,"chose_seed":false,"campfire_upgraded":0,"win_rate":0,"timestamp":1542305356,"path_taken":["M","?","M","?","M","E","R","E"],"build_version":"2018-11-08","purchased_purges":0,"victory":false,"max_hp_per_floor":[71,71,71,71,71,71,71,71],"card_choices":[{"not_picked":["Multi-Cast","Amplify"],"picked":"Echo Form","floor":0.0},{"not_picked":["Redo","Stack"],"picked":"Beam Cell","floor":1.0},{"not_picked":["Gash","Rip and Tear"],"picked":"Cold Snap","floor":3.0},{"not_picked":["Chaos","Loop"],"picked":"Coolheaded","floor":4.0},{"not_picked":["Rebound","Skim"],"picked":"Coolheaded","floor":5.0},{"not_picked":["Turbo","Lockon"],"picked":"Coolheaded","floor":6.0}],"player_experience":1294859,"relics_obtained":[{"floor":6.0,"key":"Whetstone"}],"event_choices":[{"cards_removed":["Strike_B"],"damage_healed":0.0,"max_hp_gain":0.0,"max_hp_loss":0.0,"gold_gain":0.0,"event_name":"Bonfire Elementals","player_choice":"Offered Basic","floor":2.0,"gold_loss":0.0,"damage_taken":0.0}],"is_beta":false,"boss_relics":[],"items_purged_floors":[],"is_endless":false,"potions_floor_spawned":[3],"killed_by":"Gremlin Nob","ascension_level":16}