{"gold_per_floor":[116,116,127,84,102,102,137,137,137,137,137,164,164,184,184,258,258,272,272,322,247,262,262,282,282,282,282,297,315,315,325,325,325],"floor_reached":33,"playtime":2115,"items_purged":["Strike_G"],"score":497,"play_id":"02e6ee58-4b0c-4e71-b23e-d09f20b5fd98","local_time":"20190116104507","is_ascension_mode":true,"campfire_choices":[{"data":"Glass Knife","floor":6,"key":"SMITH"},{"data":"Predator","floor":8,"key":"SMITH"},{"data":"After Image","floor":11,"key":"SMITH"},{"data":"Neutralize","floor":13,"key":"SMITH"},{"data":"Poisoned Stab","floor":15,"key":"SMITH"},{"floor":23,"key":"REST"},{"data":"Malaise","floor":27,"key":"SMITH"},{"data":"Dodge and Roll","floor":30,"key":"SMITH"},{"floor":32,"key":"REST"}],"neow_cost":"NONE","seed_source_timestamp":613826422086875,"circlet_count":0,"master_deck":["AscendersBane","Defend_G","Defend_G","Defend_G","Defend_G","Defend_G","Strike_G","Strike_G","Strike_G","Survivor","Neutralize+1","Footwork+1","Glass Knife+1","Crippling Poison","Predator+1","After Image+1","Poisoned Stab+1","Deadly Poison","Malaise+1","PiercingWail+1","Caltrops","Dodge and Roll+1","Poisoned Stab"],"relics":["Ring of the Snake","NeowsBlessing","Question Card","Centennial Puzzle","Letter Opener","Velvet Choker","Enchiridion","MutagenicStrength","Peace Pipe"],"potions_floor_usage":[22,28,31,33],"damage_taken":[{"damage":0,"enemies":"Jaw Worm","floor":1,"turns":1},{"damage":0,"enemies":"Cultist","floor":3,"turns":1},{"damage":0,"enemies":"Small Slimes","floor":5,"turns":1},{"damage":17,"enemies":"3 Sentries","floor":7,"turns":11},{"damage":5,"enemies":"Lagavulin","floor":12,"turns":5},{"damage":1,"enemies":"Blue Slaver","floor":14,"turns":4},{"damage":15,"enemies":"The Guardian","floor":16,"turns":10},{"damage":11,"enemies":"Shell Parasite","floor":18,"turns":5},{"damage":0,"enemies":"2 Thieves","floor":22,"turns":3},{"damage":7,"enemies":"Snake Plant","floor":24,"turns":5},{"damage":0,"enemies":"3 Cultists","floor":28,"turns":5},{"damage":1,"enemies":"Chosen and Byrds","floor":29,"turns":5},{"damage":9,"enemies":"Shelled Parasite and Fungi","floor":31,"turns":5},{"damage":69,"enemies":"Collector","floor":33,"turns":9}],"seed_played":"-4902059285374820131","potions_obtained":[{"floor":3,"key":"PowerPotion"},{"floor":12,"key":"Weak Potion"},{"floor":18,"key":"GhostInAJar"},{"floor":24,"key":"Fire Potion"},{"floor":28,"key":"Block Potion"}],"is_trial":false,"path_per_floor":["M","?","M","$","M","R","E","R","T","?","R","E","R","M","R","B",null,"M","?","?","$","M","R","M","?","T","R","M","M","R","M","R","B"],"character_chosen":"THE_SILENT","items_purchased":["Crippling Poison"],"campfire_rested":2,"item_purchase_floors":[4],"current_hp_per_floor":[59,59,59,59,59,59,42,42,42,42,42,37,37,36,36,21,55,44,23,23,23,23,42,35,35,35,35,35,34,34,25,44,0],"gold":325,"neow_bonus":"THREE_ENEMY_KILL","is_prod":false,"is_daily":false,"chose_seed":false,"campfire_upgraded":7,"win_rate":0,"timestamp":1547664307,"path_taken":["M","?","M","$","?","R","E","R","T","?","R","E","R","M","R","BOSS","M","?","?","$","?","R","M","?","T","R","M","M","R","M","R","BOSS"],"build_version":"2019-01-10","purchased_purges":1,"victory":false,"max_hp_per_floor":[66,66,66,66,66,66,66,66,66,66,66,66,66,66,66,66,66,66,66,66,66,66,66,66,66,66,66,66,66,66,66,66,66],"card_choices":[{"not_picked":["Dagger Spray","Riddle With Holes"],"picked":"Footwork","floor":1},{"not_picked":["Eviscerate","Acrobatics","Outmaneuver"],"picked":"SKIP","floor":3},{"not_picked":["Outmaneuver","Flying Knee"],"picked":"Predator","floor":5},{"not_picked":["PiercingWail","Dagger Throw"],"picked":"After Image","floor":7},{"not_picked":["Flying Knee","Heel Hook","Bullet Time"],"picked":"Poisoned Stab","floor":12},{"not_picked":["Slice","Concentrate","Dagger Throw"],"picked":"Deadly Poison","floor":14},{"not_picked":["Venomology","Envenom","Storm of Steel"],"picked":"Malaise","floor":16},{"not_picked":["Dagger Throw","Bane","Eviscerate","Finisher"],"picked":"SKIP","floor":18},{"not_picked":["Quick Slash","Concentrate","Underhanded Strike"],"picked":"PiercingWail+1","floor":22},{"not_picked":["Poisoned Stab","Escape Plan","Setup"],"picked":"Caltrops","floor":24},{"not_picked":["Grand Finale","PiercingWail","Bane","Skewer+1"],"picked":"SKIP","floor":28},{"not_picked":["Finisher","Outmaneuver","Quick Slash"],"picked":"Dodge and Roll","floor":29},{"not_picked":["Choke","Underhanded Strike","Dagger Spray"],"picked":"Poisoned Stab","floor":31}],"player_experience":1700131,"relics_obtained":[{"floor":7,"key":"Question Card"},{"floor":9,"key":"Centennial Puzzle"},{"floor":12,"key":"Letter Opener"},{"floor":19,"key":"Enchiridion"},{"floor":26,"key":"Peace Pipe"}],"event_choices":[{"damage_healed":0,"gold_gain":0,"cards_transformed":["Strike_G"],"player_choice":"Transformed","damage_taken":0,"max_hp_gain":0,"max_hp_loss":0,"event_name":"Transmorgrifier","floor":2,"gold_loss":0,"cards_obtained":["Glass Knife"]},{"damage_healed":0,"gold_gain":0,"player_choice":"Grow","damage_taken":0,"max_hp_gain":0,"max_hp_loss":0,"event_name":"Living Wall","floor":10,"gold_loss":0,"cards_upgraded":["Footwork"]},{"damage_healed":0,"gold_gain":0,"player_choice":"Obtained Book","damage_taken":21,"max_hp_gain":0,"max_hp_loss":0,"event_name":"Cursed Tome","floor":19,"gold_loss":0},{"damage_healed":0,"gold_gain":100,"player_choice":"Bet on Murderer","damage_taken":0,"max_hp_gain":0,"max_hp_loss":0,"event_name":"The Joust","floor":20,"gold_loss":50},{"damage_healed":0,"gold_gain":0,"player_choice":"Inject Mutagens","damage_taken":0,"relics_obtained":["MutagenicStrength"],"max_hp_gain":0,"max_hp_loss":0,"event_name":"Drug Dealer","floor":25,"gold_loss":0}],"is_beta":false,"boss_relics":[{"not_picked":["White Beast Statue","Runic Pyramid"],"picked":"Velvet Choker"}],"items_purged_floors":[21],"is_endless":false,"potions_floor_spawned":[3,12,16,18,24,28],"killed_by":"Collector","ascension_level":19}