{"gold_per_floor":[115,126,45,45,45,76,76,96,145,110,130,7,7,24,24,122,122,122],"floor_reached":18,"playtime":808,"items_purged":["Strike_R"],"score":162,"play_id":"d75dcba3-e646-4ccf-9dbb-fc96c92d80be","local_time":"20190113181736","is_ascension_mode":false,"campfire_choices":[{"data":"True Grit","floor":7.0,"key":"SMITH"},{"data":"Entrench","floor":13.0,"key":"SMITH"},{"data":"Pommel Strike","floor":15.0,"key":"SMITH"}],"neow_cost":"NONE","seed_source_timestamp":0,"circlet_count":0,"master_deck":["Strike_R","Strike_R","Strike_R","Defend_R","Defend_R","Defend_R","Defend_R","Bash","Pommel Strike+1","Metallicize","Entrench+1","True Grit+1","Shrug It Off","Armaments","Offering"],"special_seed":0,"relics":["Burning Blood","NeowsBlessing","Mercury Hourglass","Potion Belt","Eternal Feather"],"potions_floor_usage":[],"damage_taken":[{"damage":0.0,"enemies":"2 Louse","floor":1.0,"turns":1.0},{"damage":0.0,"enemies":"Small Slimes","floor":2.0,"turns":1.0},{"damage":0.0,"enemies":"Cultist","floor":5.0,"turns":1.0},{"damage":33.0,"enemies":"Gremlin Nob","floor":6.0,"turns":5.0},{"damage":7.0,"enemies":"Looter","floor":8.0,"turns":3.0},{"damage":14.0,"enemies":"Exordium Wildlife","floor":11.0,"turns":5.0},{"damage":1.0,"enemies":"Gremlin Gang","floor":14.0,"turns":4.0},{"damage":51.0,"enemies":"The Guardian","floor":16.0,"turns":16.0},{"damage":0,"enemies":"3 Byrds","floor":18,"turns":1}],"seed_played":"-5745800767676117634","potions_obtained":[{"floor":6.0,"key":"Strength Potion"},{"floor":8.0,"key":"EssenceOfSteel"}],"is_trial":false,"path_per_floor":["M","M","$","?","M","E","R","M","T","?","M","$","R","M","R","B",null,"M"],"character_chosen":"IRONCLAD","items_purchased":["Entrench","Armaments"],"campfire_rested":0,"item_purchase_floors":[3,12],"current_hp_per_floor":[80,80,80,73,79,52,52,51,51,71,63,63,63,68,68,23,80,80],"gold":122,"neow_bonus":"THREE_ENEMY_KILL","is_prod":false,"is_daily":false,"chose_seed":false,"campfire_upgraded":3,"win_rate":0.0,"timestamp":1547425056,"path_taken":["M","M","$","?","M","E","R","M","T","?","M","$","R","M","R","BOSS","M"],"build_version":"2019-01-10","purchased_purges":1,"victory":false,"max_hp_per_floor":[80,80,80,80,80,80,80,80,80,80,80,80,80,80,80,80,80,80],"card_choices":[{"not_picked":["Clash","Twin Strike"],"picked":"Pommel Strike","floor":1.0},{"not_picked":["Body Slam","Rage"],"picked":"Metallicize","floor":2.0},{"not_picked":["Dark Embrace","Second Wind","Dual Wield"],"picked":"SKIP","floor":5.0},{"not_picked":["Clothesline","Anger"],"picked":"True Grit","floor":6.0},{"not_picked":["Fire Breathing","Wild Strike","Dual Wield"],"picked":"SKIP","floor":8.0},{"not_picked":["Perfected Strike","Havoc"],"picked":"Shrug It Off","floor":11.0},{"not_picked":["Rupture","Pummel","Inflame"],"picked":"SKIP","floor":14.0},{"not_picked":["Limit Break","Immolate"],"picked":"Offering","floor":16.0}],"player_experience":79680,"relics_obtained":[{"floor":6.0,"key":"Mercury Hourglass"},{"floor":9.0,"key":"Potion Belt"}],"event_choices":[{"cards_removed":["Strike_R"],"damage_healed":0.0,"max_hp_gain":0.0,"max_hp_loss":0.0,"gold_gain":0.0,"event_name":"Golden Wing","player_choice":"Card Removal","floor":4.0,"gold_loss":0.0,"damage_taken":7.0},{"damage_healed":20.0,"max_hp_gain":0.0,"max_hp_loss":0.0,"gold_gain":0.0,"event_name":"The Cleric","player_choice":"Healed","floor":10.0,"gold_loss":35.0,"damage_taken":0.0}],"is_beta":false,"boss_relics":[{"not_picked":["Coffee Dripper","Runic Cube"],"picked":"Eternal Feather"}],"items_purged_floors":[12],"is_endless":false,"potions_floor_spawned":[6,8],"killed_by":"3 Byrds","ascension_level":0}