{"gold_per_floor":[13,28,45,62,62,62,74,74,122,122,122,122,47,73,73,173,173,193,211,211,8,24,24,50,50,105,36,36,53,53,73,73,73],"floor_reached":33,"playtime":1719,"items_purged":["Strike_G"],"score":292,"play_id":"69d88723-b12e-488b-835f-82bdec160390","local_time":"20190127134907","is_ascension_mode":true,"campfire_choices":[{"data":"Neutralize","floor":6,"key":"SMITH"},{"data":"Dagger Spray","floor":8,"key":"SMITH"},{"data":"Survivor","floor":11,"key":"SMITH"},{"data":"All Out Attack","floor":15,"key":"SMITH"},{"floor":23,"key":"REST"},{"data":"Footwork","floor":30,"key":"SMITH"},{"floor":32,"key":"RECALL"}],"neow_cost":"NO_GOLD","seed_source_timestamp":16832227287776,"circlet_count":0,"master_deck":["Defend_G","Defend_G","Defend_G","Defend_G","Defend_G","Strike_G","Strike_G","Strike_G","Survivor+1","Neutralize+1","Madness","Finesse","Dagger Spray+1","PiercingWail","Dagger Throw","All Out Attack+1","Footwork+1","Backflip","Adrenaline","Escape Plan","Footwork+1","Escape Plan","Slice","Deflect+1","Caltrops+1","Deflect"],"relics":["Ring of the Snake","Frozen Egg 2","Busted Crown","Art of War","Tiny Chest"],"potions_floor_usage":[14,14,33],"damage_taken":[{"damage":0,"enemies":"Jaw Worm","floor":1,"turns":4},{"damage":1,"enemies":"2 Louse","floor":2,"turns":2},{"damage":0,"enemies":"Small Slimes","floor":3,"turns":3},{"damage":15,"enemies":"Gremlin Gang","floor":4,"turns":6},{"damage":0,"enemies":"Blue Slaver","floor":7,"turns":4},{"damage":15,"enemies":"3 Sentries","floor":14,"turns":4},{"damage":39,"enemies":"Slime Boss","floor":16,"turns":13},{"damage":0,"enemies":"3 Byrds","floor":18,"turns":4},{"damage":9,"enemies":"2 Thieves","floor":19,"turns":5},{"damage":29,"enemies":"Sentry and Sphere","floor":22,"turns":6},{"damage":7,"enemies":"Gremlin Leader","floor":24,"turns":8},{"damage":16,"enemies":"Cultist and Chosen","floor":29,"turns":8},{"damage":0,"enemies":"Snake Plant","floor":31,"turns":4},{"damage":69,"enemies":"Champ","floor":33,"turns":22}],"seed_played":"918796685669570880","potions_obtained":[{"floor":1,"key":"SkillPotion"},{"floor":7,"key":"SkillPotion"},{"floor":18,"key":"Energy Potion"},{"floor":29,"key":"Regen Potion"},{"floor":31,"key":"FearPotion"}],"is_trial":false,"path_per_floor":["M","M","M","M","?","R","M","R","T","?","R","?","$","E","R","B",null,"M","M","?","$","M","R","E","?","T","$","?","M","R","M","R","B"],"character_chosen":"THE_SILENT","items_purchased":["Footwork+1","Escape Plan","Slice","Caltrops+1"],"campfire_rested":1,"item_purchase_floors":[21,21,21,27],"current_hp_per_floor":[70,69,69,54,47,47,47,47,47,64,64,64,64,49,49,10,67,67,58,58,58,29,49,42,64,64,64,64,48,48,48,48,0],"gold":73,"neow_bonus":"RANDOM_COLORLESS_2","is_prod":false,"is_daily":false,"chose_seed":false,"campfire_upgraded":5,"win_rate":0,"timestamp":1548593347,"path_taken":["M","M","M","M","?","R","M","R","T","?","R","?","$","E","R","BOSS","M","?","?","$","?","R","E","?","T","?","?","M","R","M","R","BOSS"],"build_version":"2019-01-23","purchased_purges":1,"victory":false,"max_hp_per_floor":[70,70,70,70,70,70,70,70,70,70,70,67,67,67,67,67,67,67,67,67,67,67,67,67,67,67,67,67,67,67,67,67,67],"card_choices":[{"not_picked":["All Out Attack","PiercingWail"],"picked":"Dagger Spray","floor":1},{"not_picked":["Bouncing Flask","Quick Slash"],"picked":"PiercingWail","floor":2},{"not_picked":["Burst","Expertise"],"picked":"Dagger Throw","floor":3},{"not_picked":["Bouncing Flask","Blade Dance"],"picked":"All Out Attack","floor":4},{"not_picked":["Underhanded Strike","Finisher"],"picked":"Footwork","floor":7},{"not_picked":["Grand Finale","Deflect"],"picked":"Backflip","floor":14},{"not_picked":["Grand Finale","Doppelganger"],"picked":"Adrenaline","floor":16},{"not_picked":["Acrobatics+1"],"picked":"SKIP","floor":18},{"not_picked":[],"picked":"Escape Plan","floor":19},{"not_picked":["Reflex"],"picked":"SKIP","floor":22},{"not_picked":[],"picked":"Deflect+1","floor":24},{"not_picked":[],"picked":"Deflect","floor":29},{"not_picked":["Sucker Punch"],"picked":"SKIP","floor":31}],"player_experience":196104,"relics_obtained":[{"floor":14,"key":"Frozen Egg 2"},{"floor":24,"key":"Art of War"},{"floor":26,"key":"Tiny Chest"}],"event_choices":[{"cards_removed":["Strike_G"],"damage_healed":0,"gold_gain":0,"player_choice":"Card Removal","damage_taken":7,"max_hp_gain":0,"max_hp_loss":0,"event_name":"Golden Wing","floor":5,"gold_loss":0},{"damage_healed":17,"gold_gain":0,"player_choice":"Healed and dodged fight","damage_taken":0,"max_hp_gain":0,"max_hp_loss":0,"event_name":"Mushrooms","floor":10,"gold_loss":0,"cards_obtained":["Parasite"]},{"cards_removed":["Parasite"],"damage_healed":0,"gold_gain":0,"player_choice":"Purged","damage_taken":0,"max_hp_gain":0,"max_hp_loss":0,"event_name":"Purifier","floor":12,"gold_loss":0},{"damage_healed":0,"gold_gain":0,"player_choice":"Ignored","damage_taken":0,"max_hp_gain":0,"max_hp_loss":0,"event_name":"N\u0027loth","floor":20,"gold_loss":0},{"damage_healed":22,"gold_gain":0,"player_choice":"Heal","damage_taken":0,"max_hp_gain":0,"max_hp_loss":0,"event_name":"The Library","floor":25,"gold_loss":0},{"damage_healed":0,"gold_gain":0,"player_choice":"Ignored","damage_taken":0,"max_hp_gain":0,"max_hp_loss":0,"event_name":"Beggar","floor":28,"gold_loss":0}],"is_beta":true,"boss_relics":[{"not_picked":["Velvet Choker","Runic Pyramid"],"picked":"Busted Crown"}],"items_purged_floors":[13],"is_endless":false,"potions_floor_spawned":[1,7,18,29,31],"killed_by":"Champ","ascension_level":2}