{"gold_per_floor":[16,30,40,40,60,86,86,112,112,77,90,118,118,118,118,219,219,238,127,127,127,146,174,174,199,246,262,262,274,274,274,274,369,369,384,384,401,419,436,468,468,496,577,0,20,20,30,45,45,45],"floor_reached":50,"playtime":4293,"items_purged":["Strike_G"],"score":784,"play_id":"d1b3e046-f59b-4898-9c93-d4ea2da227c0","local_time":"20190207140546","is_ascension_mode":true,"campfire_choices":[{"floor":7,"key":"REST"},{"floor":13,"key":"REST"},{"floor":15,"key":"REST"},{"floor":24,"key":"REST"},{"floor":28,"key":"REST"},{"floor":30,"key":"REST"},{"data":"Noxious Fumes","floor":32,"key":"SMITH"},{"floor":41,"key":"REST"},{"floor":49,"key":"REST"}],"neow_cost":"NO_GOLD","seed_source_timestamp":2326871149924388,"circlet_count":0,"master_deck":["Defend_G","Defend_G","Defend_G","Defend_G","Defend_G","Strike_G","Strike_G","Strike_G","Survivor","Neutralize","Well Laid Plans","Noxious Fumes+1","Terror","Venomology","Deflect","Bouncing Flask","Malaise","Bane","Sucker Punch","Adrenaline","Dagger Throw+1","Infinite Blades","Leg Sweep+1","Backflip+1","Outmaneuver","Infinite Blades+1","Dagger Throw+1","After Image","Dagger Spray+1","Cloak And Dagger","Crippling Poison+1","Poisoned Stab+1","Slice+1","Slice+1","Blur+1","Acrobatics+1"],"relics":["Ring of the Snake","Juzu Bracelet","Bird Faced Urn","Bottled Flame","Mummified Hand","WristBlade","Bag of Preparation","Bottled Lightning","Strawberry","Black Star","Orichalcum","Letter Opener","Shuriken","Centennial Puzzle","Molten Egg 2","Red Mask"],"potions_floor_usage":[6,8,11,12,16,16,16,23,23,23,23,25,27,27,29,38,39,39,39,39,39,40,40,42,42,42,45,45,47,47,48,50,50,50,50],"damage_taken":[{"damage":1,"enemies":"2 Louse","floor":1,"turns":4},{"damage":1,"enemies":"Cultist","floor":2,"turns":4},{"damage":7,"enemies":"Jaw Worm","floor":3,"turns":6},{"damage":8,"enemies":"Red Slaver","floor":5,"turns":6},{"damage":15,"enemies":"3 Sentries","floor":6,"turns":6},{"damage":49,"enemies":"Gremlin Nob","floor":8,"turns":6},{"damage":3,"enemies":"Blue Slaver","floor":11,"turns":3},{"damage":22,"enemies":"3 Sentries","floor":12,"turns":8},{"damage":74,"enemies":"Slime Boss","floor":16,"turns":13},{"damage":14,"enemies":"Spheric Guardian","floor":18,"turns":5},{"damage":11,"enemies":"3 Byrds","floor":22,"turns":6},{"damage":48,"enemies":"Gremlin Leader","floor":23,"turns":10},{"damage":31,"enemies":"Book of Stabbing","floor":25,"turns":8},{"damage":3,"enemies":"Snake Plant","floor":27,"turns":4},{"damage":30,"enemies":"Sentry and Sphere","floor":29,"turns":6},{"damage":32,"enemies":"Champ","floor":33,"turns":14},{"damage":52,"enemies":"3 Darklings","floor":35,"turns":11},{"damage":0,"enemies":"Orb Walker","floor":37,"turns":5},{"damage":9,"enemies":"Sphere and 2 Shapes","floor":38,"turns":7},{"damage":17,"enemies":"4 Shapes","floor":39,"turns":7},{"damage":58,"enemies":"Giant Head","floor":40,"turns":9},{"damage":26,"enemies":"Nemesis","floor":42,"turns":7},{"damage":0,"enemies":"Jaw Worm Horde","floor":45,"turns":3},{"damage":2,"enemies":"Maw","floor":47,"turns":6},{"damage":11,"enemies":"Spire Growth","floor":48,"turns":4},{"damage":83,"enemies":"Time Eater","floor":50,"turns":9}],"seed_played":"8834761800001584230","potions_obtained":[{"floor":1,"key":"Swift Potion"},{"floor":3,"key":"Swift Potion"},{"floor":5,"key":"Dexterity Potion"},{"floor":8,"key":"Fire Potion"},{"floor":22,"key":"Dexterity Potion"},{"floor":25,"key":"AttackPotion"},{"floor":29,"key":"Ancient Potion"},{"floor":35,"key":"Dexterity Potion"},{"floor":40,"key":"EssenceOfSteel"},{"floor":45,"key":"EssenceOfSteel"},{"floor":47,"key":"Fire Potion"},{"floor":48,"key":"Block Potion"}],"is_trial":false,"path_per_floor":["M","M","M","?","M","E","R","E","T","?","M","E","R","?","R","B",null,"M","$","?","?","M","E","R","E","T","M","R","M","R","?","R","B",null,"M","?","M","M","M","E","R","E","T","?","M","?","M","M","R","B"],"character_chosen":"THE_SILENT","items_purchased":["Infinite Blades"],"campfire_rested":8,"item_purchase_floors":[19],"current_hp_per_floor":[76,75,68,68,60,45,70,21,21,42,39,21,46,46,71,1,63,53,53,53,53,48,6,31,6,13,14,41,19,46,76,76,52,81,39,80,80,72,61,13,37,21,21,21,29,29,37,32,56,0],"gold":45,"neow_bonus":"TWENTY_PERCENT_HP_BONUS","is_prod":false,"is_daily":false,"chose_seed":false,"campfire_upgraded":1,"win_rate":0,"timestamp":1549508746,"path_taken":["M","M","M","?","?","E","R","E","T","?","M","E","R","?","R","BOSS","M","$","?","?","M","E","R","E","T","M","R","M","R","?","R","BOSS","M","?","M","M","M","E","R","E","T","?","M","?","M","M","R","BOSS"],"build_version":"2019-01-23","purchased_purges":1,"victory":false,"max_hp_per_floor":[84,84,84,84,84,84,84,84,84,84,84,84,84,84,84,84,84,84,84,84,84,84,84,84,84,91,91,91,91,91,91,91,91,91,91,80,80,80,80,80,80,80,80,80,80,80,80,80,80,80],"card_choices":[{"not_picked":["Outmaneuver","Calculated Gamble"],"picked":"Well Laid Plans","floor":1},{"not_picked":["Flying Knee","Dagger Spray"],"picked":"Noxious Fumes","floor":2},{"not_picked":["Prepared","Blur"],"picked":"Terror","floor":3},{"not_picked":["Flying Knee","Eviscerate"],"picked":"Bouncing Flask","floor":5},{"not_picked":["Poisoned Stab","Dodge and Roll"],"picked":"Malaise","floor":6},{"not_picked":["Bouncing Flask","Acrobatics"],"picked":"Cloak And Dagger","floor":8},{"not_picked":["PiercingWail","Prepared"],"picked":"Bane","floor":11},{"not_picked":["Calculated Gamble","Slice"],"picked":"Sucker Punch","floor":12},{"not_picked":["Phantasmal Killer","Glass Knife"],"picked":"Adrenaline","floor":16},{"not_picked":["Setup","Bane"],"picked":"Dagger Throw+1","floor":18},{"not_picked":["Poisoned Stab","Heel Hook+1"],"picked":"Leg Sweep+1","floor":22},{"not_picked":["Dagger Throw","Poisoned Stab"],"picked":"Backflip+1","floor":23},{"not_picked":["Deflect","Expertise+1"],"picked":"Outmaneuver","floor":25},{"not_picked":["Dodge and Roll","Blade Dance"],"picked":"Infinite Blades+1","floor":27},{"not_picked":["Tactician","Bane"],"picked":"Dagger Throw+1","floor":29},{"not_picked":["Burst","Die Die Die"],"picked":"After Image","floor":33},{"not_picked":["Slice+1","Poisoned Stab"],"picked":"Dagger Spray+1","floor":35},{"not_picked":["Prepared+1","Flying Knee"],"picked":"Cloak And Dagger","floor":37},{"not_picked":["Blade Dance+1","Dagger Throw+1"],"picked":"Crippling Poison+1","floor":38},{"not_picked":["Acrobatics","Choke","Slice+1"],"picked":"SKIP","floor":39},{"not_picked":["Tools of the Trade","Well Laid Plans"],"picked":"Poisoned Stab+1","floor":40},{"not_picked":["Dash+1","Bane"],"picked":"Slice+1","floor":42},{"not_picked":["Deflect","Backstab+1"],"picked":"Slice+1","floor":45},{"not_picked":["Riddle With Holes+1","All Out Attack+1"],"picked":"Blur+1","floor":47},{"not_picked":["All Out Attack+1","Prepared+1"],"picked":"Acrobatics+1","floor":48}],"player_experience":292071,"relics_obtained":[{"floor":6,"key":"Juzu Bracelet"},{"floor":8,"key":"Bird Faced Urn"},{"floor":9,"key":"Bottled Flame"},{"floor":12,"key":"Mummified Hand"},{"floor":23,"key":"Bag of Preparation"},{"floor":25,"key":"Bottled Lightning"},{"floor":26,"key":"Strawberry"},{"floor":40,"key":"Orichalcum"},{"floor":40,"key":"Letter Opener"},{"floor":42,"key":"Shuriken"},{"floor":42,"key":"Centennial Puzzle"},{"floor":43,"key":"Molten Egg 2"}],"event_choices":[{"damage_healed":0,"gold_gain":0,"player_choice":"3 cards matched","damage_taken":0,"max_hp_gain":0,"max_hp_loss":0,"event_name":"Match and Keep!","floor":4,"gold_loss":0,"cards_obtained":["Writhe","Venomology","Deflect"]},{"damage_healed":21,"gold_gain":0,"player_choice":"Healed","damage_taken":0,"max_hp_gain":0,"max_hp_loss":0,"event_name":"The Cleric","floor":10,"gold_loss":35},{"cards_removed":["Writhe"],"damage_healed":0,"gold_gain":0,"player_choice":"Forget","damage_taken":0,"max_hp_gain":0,"max_hp_loss":0,"event_name":"Living Wall","floor":14,"gold_loss":0},{"cards_removed":["Strike_G"],"damage_healed":0,"gold_gain":0,"player_choice":"Offered Basic","damage_taken":0,"max_hp_gain":0,"max_hp_loss":0,"event_name":"Bonfire Elementals","floor":20,"gold_loss":0},{"damage_healed":0,"gold_gain":0,"player_choice":"Ignored","damage_taken":0,"max_hp_gain":0,"max_hp_loss":0,"event_name":"Cursed Tome","floor":21,"gold_loss":0},{"damage_healed":30,"gold_gain":0,"player_choice":"Heal","damage_taken":0,"max_hp_gain":0,"max_hp_loss":0,"event_name":"The Library","floor":31,"gold_loss":0},{"damage_healed":80,"gold_gain":0,"player_choice":"Heal","damage_taken":0,"max_hp_gain":0,"max_hp_loss":11,"event_name":"The Moai Head","floor":36,"gold_loss":0},{"damage_healed":0,"gold_gain":0,"player_choice":"Paid","damage_taken":0,"relics_obtained":["Red Mask"],"max_hp_gain":0,"max_hp_loss":0,"event_name":"Tomb of Lord Red Mask","floor":44,"gold_loss":577},{"cards_removed":["Cloak And Dagger"],"damage_healed":0,"gold_gain":0,"player_choice":"Removed Skill","damage_taken":0,"max_hp_gain":0,"max_hp_loss":0,"event_name":"Falling","floor":46,"gold_loss":0}],"is_beta":false,"boss_relics":[{"not_picked":["Busted Crown","Orrery"],"picked":"WristBlade"},{"not_picked":["Snecko Eye","White Beast Statue"],"picked":"Black Star"}],"items_purged_floors":[19],"is_endless":false,"potions_floor_spawned":[1,3,5,8,22,25,29,35,38,40,45,47,48],"killed_by":"Time Eater","ascension_level":7}