{"gold_per_floor":[114,114,189,189,201,201,236,236,236,246,122,87,106,116,116,194,194,205,218,228,143,154,154,168,68,68,68,68,82,97,13,13,91,91,109,109,122,222,222,222,248,248,248,264,264,280,292,319,319,319],"floor_reached":51,"playtime":3588,"items_purged":["Strike_R","Strike_R"],"score":1416,"play_id":"75cfe4b6-0560-40e8-b7f1-873495352174","local_time":"20181031084404","is_ascension_mode":true,"campfire_choices":[{"data":"Whirlwind","floor":6.0,"key":"SMITH"},{"data":"True Grit","floor":8.0,"key":"SMITH"},{"data":"Clothesline","floor":15.0,"key":"SMITH"},{"data":"Demon Form","floor":23.0,"key":"SMITH"},{"data":"Shockwave","floor":27.0,"key":"SMITH"},{"floor":32.0,"key":"REST"},{"data":"1","floor":40.0,"key":"LIFT"},{"floor":42.0,"key":"REST"},{"floor":45.0,"key":"REST"},{"floor":49,"key":"REST"}],"neow_cost":"NONE","seed_source_timestamp":146549247700391,"circlet_count":0,"master_deck":["Strike_R+1","Strike_R","Strike_R","Defend_R","Defend_R","Defend_R","Defend_R","Bash","AscendersBane","Whirlwind+1","True Grit+1","Feed","Thunderclap+1","Demon Form+1","Battle Trance","Shockwave+1","Finesse","Double Tap","Sentinel+1","Flame Barrier+1","Sword Boomerang","Ghostly Armor+1","Clothesline+1"],"special_seed":0,"relics":["Burning Blood","Centennial Puzzle","Dodecahedron","Mango","Mercury Hourglass","Sozu","Letter Opener","Whetstone","Fusion Hammer","Girya","Anchor","Gremlin Horn","Omamori"],"potions_floor_usage":[],"damage_taken":[{"damage":1.0,"enemies":"Cultist","floor":1.0,"turns":3.0},{"damage":8.0,"enemies":"Jaw Worm","floor":5.0,"turns":4.0},{"damage":47.0,"enemies":"Lagavulin","floor":7.0,"turns":6.0},{"damage":5.0,"enemies":"Small Slimes","floor":10.0,"turns":3.0},{"damage":13.0,"enemies":"Blue Slaver","floor":13.0,"turns":4.0},{"damage":18.0,"enemies":"Exordium Wildlife","floor":14.0,"turns":4.0},{"damage":0.0,"enemies":"Slime Boss","floor":16.0,"turns":6.0},{"damage":30.0,"enemies":"2 Thieves","floor":18.0,"turns":3.0},{"damage":0.0,"enemies":"3 Byrds","floor":19.0,"turns":2.0},{"damage":25.0,"enemies":"Shelled Parasite and Fungi","floor":20.0,"turns":6.0},{"damage":16.0,"enemies":"Sentry and Sphere","floor":22.0,"turns":4.0},{"damage":0.0,"enemies":"3 Cultists","floor":24.0,"turns":2.0},{"damage":23.0,"enemies":"Snake Plant","floor":29.0,"turns":5.0},{"damage":17.0,"enemies":"Centurion and Healer","floor":30.0,"turns":4.0},{"damage":65.0,"enemies":"Champ","floor":33.0,"turns":12.0},{"damage":4.0,"enemies":"3 Darklings","floor":35.0,"turns":3.0},{"damage":12.0,"enemies":"Orb Walker","floor":37.0,"turns":3.0},{"damage":0.0,"enemies":"Mind Bloom Boss Battle","floor":38.0,"turns":6.0},{"damage":76.0,"enemies":"Nemesis","floor":41.0,"turns":7.0},{"damage":5.0,"enemies":"Jaw Worm Horde","floor":44.0,"turns":3.0},{"damage":0.0,"enemies":"3 Darklings","floor":46.0,"turns":3.0},{"damage":6.0,"enemies":"Maw","floor":47.0,"turns":6.0},{"damage":34,"enemies":"Giant Head","floor":48,"turns":6},{"damage":79,"enemies":"Awakened One","floor":50,"turns":11}],"seed_played":"-516162831364008493","potions_obtained":[{"floor":1.0,"key":"GamblersBrew"},{"floor":13.0,"key":"Poison Potion"},{"floor":16.0,"key":"GamblersBrew"}],"is_trial":false,"path_per_floor":["M","?","?","T","M","R","E","R","T","M","$","?","M","M","R","B",null,"M","M","M","?","M","R","M","$","T","R","?","M","M","$","R","B",null,"M","?","M","?","?","R","E","R","T","M","R","M","M","E","R","B"],"character_chosen":"IRONCLAD","items_purchased":["Fire Potion","Finesse"],"campfire_rested":4,"item_purchase_floors":[11,31],"current_hp_per_floor":[73,78,67,67,65,65,38,38,38,42,42,66,62,53,53,62,95,74,83,67,67,60,60,66,66,66,66,66,52,41,41,77,18,95,97,97,91,97,97,97,27,63,63,67,104,110,110,85,123,50],"gold":319,"neow_bonus":"RANDOM_COMMON_RELIC","is_prod":false,"is_daily":false,"chose_seed":false,"campfire_upgraded":5,"win_rate":0,"timestamp":1541000644,"path_taken":["M","?","?","?","M","R","E","R","T","M","$","?","M","M","R","BOSS","M","M","M","?","M","R","M","$","T","R","?","?","M","?","R","BOSS","M","?","M","?","?","R","E","R","T","M","R","M","M","E","R","BOSS"],"build_version":"2018-10-25v2","purchased_purges":2,"victory":true,"max_hp_per_floor":[75,80,80,80,80,80,94,94,94,97,97,97,100,103,103,106,106,109,112,115,115,118,118,118,118,118,118,118,121,121,121,121,121,121,121,121,121,121,121,121,121,121,121,124,124,124,124,127,127,127],"card_choices":[{"not_picked":["Flex","Headbutt"],"picked":"Whirlwind","floor":1.0},{"not_picked":["Body Slam","Ghostly Armor"],"picked":"True Grit","floor":5.0},{"not_picked":["Combust","Headbutt"],"picked":"Feed","floor":7.0},{"not_picked":["Pommel Strike","Cleave"],"picked":"Thunderclap","floor":10.0},{"not_picked":["Combust","Twin Strike","Corruption"],"picked":"SKIP","floor":13.0},{"not_picked":["Infernal Blade","Blood for Blood"],"picked":"Clothesline","floor":14.0},{"not_picked":["Exhume","Limit Break"],"picked":"Demon Form","floor":16.0},{"not_picked":["Iron Wave","True Grit"],"picked":"Battle Trance","floor":18.0},{"not_picked":["Twin Strike","Combust","Wild Strike"],"picked":"SKIP","floor":19.0},{"not_picked":["Battle Trance","Armaments+1"],"picked":"Shockwave","floor":20.0},{"not_picked":["Blood for Blood","Heavy Blade","Headbutt"],"picked":"SKIP","floor":22.0},{"not_picked":["Thunderclap","Inflame+1","Twin Strike"],"picked":"SKIP","floor":24.0},{"not_picked":["Thunderclap","Flex","Perfected Strike"],"picked":"SKIP","floor":29.0},{"not_picked":["Clothesline","Carnage","Flex"],"picked":"SKIP","floor":30.0},{"not_picked":["Juggernaut","Fiend Fire"],"picked":"Double Tap","floor":33.0},{"not_picked":["Sever Soul+1","Warcry"],"picked":"Sentinel+1","floor":35.0},{"not_picked":["Carnage+1","Clash+1"],"picked":"Flame Barrier+1","floor":37.0},{"not_picked":["Iron Wave+1","Spot Weakness"],"picked":"Sword Boomerang","floor":38.0},{"not_picked":["Seeing Red","Warcry"],"picked":"Ghostly Armor+1","floor":41.0},{"not_picked":["Armaments","Twin Strike+1","Sword Boomerang"],"picked":"SKIP","floor":44.0},{"not_picked":["Iron Wave","Heavy Blade+1"],"picked":"Clothesline+1","floor":46.0},{"not_picked":["Searing Blow","Power Through","Double Tap"],"picked":"SKIP","floor":47.0},{"not_picked":["Rampage","Heavy Blade+1","Clothesline"],"picked":"SKIP","floor":48}],"player_experience":1232497,"relics_obtained":[{"floor":4.0,"key":"Dodecahedron"},{"floor":7.0,"key":"Mango"},{"floor":9.0,"key":"Mercury Hourglass"},{"floor":26.0,"key":"Whetstone"},{"floor":38.0,"key":"Girya"},{"floor":41.0,"key":"Anchor"},{"floor":43.0,"key":"Gremlin Horn"},{"floor":48,"key":"Omamori"}],"event_choices":[{"damage_healed":0.0,"max_hp_gain":5.0,"max_hp_loss":0.0,"gold_gain":0.0,"event_name":"Big Fish","player_choice":"Donut","floor":2.0,"gold_loss":0.0,"damage_taken":0.0},{"damage_healed":0.0,"max_hp_gain":0.0,"max_hp_loss":0.0,"gold_gain":75.0,"event_name":"World of Goop","player_choice":"Gather Gold","floor":3.0,"gold_loss":0.0,"damage_taken":11.0},{"damage_healed":24.0,"max_hp_gain":0.0,"max_hp_loss":0.0,"gold_gain":0.0,"event_name":"The Cleric","player_choice":"Healed","floor":12.0,"gold_loss":35.0,"damage_taken":0.0},{"damage_healed":0.0,"max_hp_gain":0.0,"max_hp_loss":0.0,"gold_gain":0.0,"event_name":"Addict","player_choice":"Obtained Relic","floor":21.0,"gold_loss":85.0,"damage_taken":0.0,"relics_obtained":["Letter Opener"]},{"damage_healed":0.0,"max_hp_gain":0.0,"max_hp_loss":0.0,"gold_gain":0.0,"event_name":"Beggar","player_choice":"Ignored","floor":28.0,"gold_loss":0.0,"damage_taken":0.0},{"cards_removed":["Clothesline"],"damage_healed":0.0,"max_hp_gain":0.0,"max_hp_loss":0.0,"gold_gain":0.0,"event_name":"Falling","player_choice":"Removed Attack","floor":36.0,"gold_loss":0.0,"damage_taken":0.0},{"damage_healed":0.0,"max_hp_gain":0.0,"max_hp_loss":0.0,"gold_gain":0.0,"event_name":"MindBloom","player_choice":"Fight","floor":38.0,"gold_loss":0.0,"damage_taken":0.0},{"damage_healed":0.0,"max_hp_gain":0.0,"max_hp_loss":0.0,"gold_gain":0.0,"event_name":"Tomb of Lord Red Mask","player_choice":"Ignored","floor":39.0,"gold_loss":0.0,"damage_taken":0.0}],"is_beta":false,"boss_relics":[{"not_picked":["Orrery","Coffee Dripper"],"picked":"Sozu"},{"not_picked":["Runic Pyramid","Runic Cube"],"picked":"Fusion Hammer"}],"items_purged_floors":[11,25],"is_endless":false,"potions_floor_spawned":[1,13,14,16,18,30,33,38,44,48],"ascension_level":15}