{"path_per_floor":["M","?","?","$","M","E","R","M","T","$","?","M","E","M","R","B",null,"M","$","M","?","?","R","M","R","T","M","$","M","M","?","R","B",null,"M","M","$","M","M","R","E","R","T","R","M","?","M","M","R"],"character_chosen":"THE_SILENT","items_purchased":["Noxious Fumes","Backstab","Ninja Scroll","Noxious Fumes","Toxic Egg 2","Corpse Explosion","Bag of Marbles","Bottled Lightning","Bag of Preparation"],"gold_per_floor":[144,144,144,73,118,208,208,253,328,0,0,45,135,180,180,480,480,525,207,252,252,252,252,297,297,297,342,49,94,139,139,139,439,439,484,529,129,174,219,219,309,309,309,309,354,0,45,90,90],"floor_reached":50,"campfire_rested":9,"playtime":1163,"current_hp_per_floor":[70,70,70,70,70,55,70,70,70,70,70,70,70,70,70,9,70,35,35,19,3,3,24,33,54,54,44,44,44,44,44,65,35,70,70,70,70,44,27,48,37,58,58,70,58,58,58,49,70],"items_purged":[],"gold":90,"score":612,"play_id":"9dbd6876-4460-40b9-b309-7e19e9540ed4","local_time":"20180321021642","daily_mods":["Allstar","Midas","Lethality"],"is_prod":false,"is_daily":true,"is_ascension_mode":false,"campfire_upgraded":0,"timestamp":1521562602,"path_taken":["M","?","?","$","M","E","R","?","T","?","?","M","E","M","R","BOSS","M","$","M","?","?","R","M","R","T","?","$","M","M","?","R","BOSS","M","M","$","M","M","R","E","R","T","R","M","?","M","M","R","BOSS"],"build_version":"2018-03-15v3","purchased_purges":0,"victory":false,"master_deck":["Defend_G","Defend_G","Defend_G","Defend_G","Defend_G","Strike_G","Strike_G","Strike_G","Strike_G","Survivor","Neutralize","Mind Blast+1","Sadistic Nature","Poisoned Stab","Noxious Fumes","Dagger Spray","Accuracy+1","Bane","Backstab","Skewer","Noxious Fumes+1","Dagger Spray","Poisoned Stab","After Image+1","Bane+1","Noxious Fumes+1","Catalyst+1","Necronomicurse","Poisoned Stab","Cloak And Dagger+1","Corpse Explosion","Caltrops+1","Crippling Poison+1","Bullet Time+1","Choke+1","Backflip+1","Outmaneuver+1","Quick Slash+1","Noxious Fumes+1","Flying Knee+1","Concentrate+1"],"max_hp_per_floor":[70,70,70,70,70,70,70,70,70,70,70,70,70,70,70,70,70,70,70,70,70,70,70,70,70,70,70,70,70,70,70,70,70,70,70,70,70,70,70,70,70,70,70,70,70,70,70,70,70],"relics":["Ring of the Snake","Frozen Egg 2","Pantograph","Ninja Scroll","Paper Crane","The Specimen","Toxic Egg 2","Necronomicon","Letter Opener","Bag of Marbles","Philosopher\u0027s Stone","Bottled Lightning","Bag of Preparation","Smiling Mask","Ancient Tea Set","Red Mask"],"card_choices":[{"not_picked":["Acrobatics","Riddle With Holes"],"picked":"Poisoned Stab"},{"not_picked":["Dagger Throw","Underhanded Strike"],"picked":"Dagger Spray"},{"not_picked":["Sucker Punch","Dagger Throw"],"picked":"Accuracy"},{"not_picked":["Flying Knee","Doppelganger"],"picked":"Bane"},{"not_picked":["Acrobatics","Calculated Gamble"],"picked":"Noxious Fumes"},{"not_picked":["Masterful Stab","Blur"],"picked":"Dagger Spray"},{"not_picked":["Dodge and Roll","Infinite Blades"],"picked":"Poisoned Stab"},{"not_picked":["Tools of the Trade","Doppelganger"],"picked":"After Image"},{"not_picked":["Quick Slash","Deadly Poison"],"picked":"Bane"},{"not_picked":["Outmaneuver","Bane"],"picked":"Catalyst"},{"not_picked":["All Out Attack","Slice"],"picked":"Poisoned Stab"},{"not_picked":["Underhanded Strike","Expertise"],"picked":"Cloak And Dagger"},{"not_picked":["Finisher","Cloak And Dagger"],"picked":"Caltrops"},{"not_picked":["Slice","Acrobatics"],"picked":"Crippling Poison"},{"not_picked":["Wraith Form","Burst"],"picked":"Bullet Time"},{"not_picked":["Prepared","Catalyst"],"picked":"Choke"},{"not_picked":["Riddle With Holes","Dodge and Roll"],"picked":"Backflip"},{"not_picked":["Acrobatics","Prepared"],"picked":"Outmaneuver"},{"not_picked":["Sucker Punch","Outmaneuver"],"picked":"Quick Slash"},{"not_picked":["Choke","Dodge and Roll"],"picked":"Noxious Fumes"},{"not_picked":["Accuracy","Flechettes"],"picked":"Flying Knee"},{"not_picked":["Deadly Poison","Underhanded Strike"],"picked":"Concentrate"}],"player_experience":267195,"potions_floor_usage":[6,24,33,33,41,41,50,50,50],"damage_taken":[{"damage":0,"enemies":"2 Louse","floor":1,"turns":2},{"damage":0,"enemies":"Small Slimes","floor":5,"turns":3},{"damage":15,"enemies":"Lagavulin","floor":6,"turns":4},{"damage":0,"enemies":"Cultist","floor":8,"turns":2},{"damage":0,"enemies":"3 Louse","floor":12,"turns":1},{"damage":0,"enemies":"Gremlin Nob","floor":13,"turns":2},{"damage":0,"enemies":"Exordium Thugs","floor":14,"turns":2},{"damage":61,"enemies":"The Guardian","floor":16,"turns":7},{"damage":35,"enemies":"3 Byrds","floor":18,"turns":4},{"damage":16,"enemies":"2 Thieves","floor":20,"turns":3},{"damage":0,"enemies":"Centurion and Healer","floor":24,"turns":4},{"damage":10,"enemies":"Cultist and Chosen","floor":27,"turns":5},{"damage":0,"enemies":"3 Cultists","floor":29,"turns":2},{"damage":0,"enemies":"Centurion and Healer","floor":30,"turns":2},{"damage":35,"enemies":"Automaton","floor":33,"turns":6},{"damage":0,"enemies":"3 Shapes","floor":35,"turns":1},{"damage":0,"enemies":"Orb Walker","floor":36,"turns":1},{"damage":26,"enemies":"Maw","floor":38,"turns":6},{"damage":17,"enemies":"Sphere and 2 Shapes","floor":39,"turns":3},{"damage":23,"enemies":"Giant Head","floor":41,"turns":5},{"damage":12,"enemies":"4 Shapes","floor":45,"turns":1},{"damage":0,"enemies":"3 Darklings","floor":47,"turns":2},{"damage":9,"enemies":"Sphere and 2 Shapes","floor":48,"turns":2},{"damage":71,"enemies":"Time Eater","floor":50,"turns":4}],"event_choices":[{"event_name":"Living Wall","player_choice":"Grow","floor":2,"damage_taken":0},{"event_name":"Bonfire Elementals","player_choice":"BASIC","floor":3,"damage_taken":0},{"event_name":"Match and Keep!","player_choice":"1 cards matched","floor":11,"damage_taken":0},{"event_name":"Cursed Tome","player_choice":"Obtained Book","floor":21,"damage_taken":0},{"event_name":"Drug Dealer","player_choice":"Ignored","floor":22,"damage_taken":0},{"event_name":"Vampires","player_choice":"Ignored","floor":31,"damage_taken":0},{"event_name":"Tomb of Lord Red Mask","player_choice":"Paid","floor":46,"damage_taken":0}],"boss_relics":[{"not_picked":["Runic Pyramid","Eternal Feather"],"picked":"The Specimen"},{"not_picked":["Calling Bell","Velvet Choker"],"picked":"Philosopher\u0027s Stone"}],"potions_floor_spawned":[5,13,16,18,27,30,33,36,41,45],"seed_played":"-7629097336603244972","killed_by":"Time Eater","ascension_level":0,"is_trial":false}