{"gold_per_floor":[115,115,1,1,1,29,44,44,44,62,97,109,109,109,109,205,205,230,145,165,165],"floor_reached":21,"playtime":853,"items_purged":["Strike_B"],"score":392,"play_id":"282244ad-f0d1-4f1e-9031-59debfa92af8","local_time":"20180922224724","is_ascension_mode":true,"campfire_choices":[{"data":"Sunder","floor":8,"key":"SMITH"},{"data":"Fission","floor":13,"key":"SMITH"},{"data":"Zap","floor":15,"key":"SMITH"}],"neow_cost":"NONE","seed_source_timestamp":77315419302506,"circlet_count":0,"master_deck":["Strike_B","Strike_B","Strike_B","Defend_B","Defend_B","Defend_B","Defend_B","Zap+1","Dualcast","AscendersBane","BootSequence","Fission+1","Sunder+1","Glacier","Compile Driver","Cold Snap","Amplify","Core Surge","Hologram"],"relics":["Cracked Core","NeowsBlessing","Kunai","Matryoshka","Lantern","Golden Idol","Lizard Tail","Mummified Hand"],"potions_floor_usage":[16,16,18,20],"damage_taken":[{"damage":0,"enemies":"Cultist","floor":1,"turns":1},{"damage":0,"enemies":"Gremlin Nob","floor":6,"turns":1},{"damage":0,"enemies":"Small Slimes","floor":7,"turns":1},{"damage":0,"enemies":"Jaw Worm","floor":10,"turns":2},{"damage":7,"enemies":"3 Sentries","floor":11,"turns":8},{"damage":13,"enemies":"Gremlin Gang","floor":12,"turns":6},{"damage":5,"enemies":"Hexaghost","floor":16,"turns":14},{"damage":12,"enemies":"3 Byrds","floor":18,"turns":7},{"damage":13,"enemies":"Chosen","floor":20,"turns":5},{"damage":24,"enemies":"Centurion and Healer","floor":21,"turns":10}],"seed_played":"1482642202546617867","potions_obtained":[{"floor":7,"key":"FocusPotion"},{"floor":10,"key":"GamblersBrew"},{"floor":16,"key":"AttackPotion"},{"floor":18,"key":"Fire Potion"},{"floor":20,"key":"Explosive Potion"}],"is_trial":false,"path_per_floor":["M","?","$","?","$","E","M","R","T","M","E","M","R","?","R","B",null,"M","?","M"],"character_chosen":"DEFECT","items_purchased":["Sunder"],"campfire_rested":0,"item_purchase_floors":[3],"current_hp_per_floor":[64,64,64,64,64,64,64,64,64,64,57,44,44,20,20,15,57,45,45,32,8],"gold":165,"neow_bonus":"THREE_ENEMY_KILL","is_prod":false,"is_daily":false,"chose_seed":false,"campfire_upgraded":3,"win_rate":0,"timestamp":1537681644,"path_taken":["M","?","?","?","$","E","M","R","T","?","E","M","R","?","R","BOSS","M","?","M","?"],"build_version":"2018-09-20","purchased_purges":1,"victory":false,"max_hp_per_floor":[71,71,71,71,71,71,71,71,71,71,71,71,71,71,71,71,71,71,71,71,71],"card_choices":[{"not_picked":["Cold Snap","Hologram"],"picked":"BootSequence","floor":1},{"not_picked":["Defragment","Consume"],"picked":"Glacier","floor":6},{"not_picked":["Melter","Barrage"],"picked":"Compile Driver","floor":7},{"not_picked":["Hologram","Go for the Eyes"],"picked":"Cold Snap","floor":10},{"not_picked":["Stack","Sunder"],"picked":"Amplify","floor":11},{"not_picked":["Streamline","Gash","Steam"],"picked":"SKIP","floor":12},{"not_picked":["Fission","Rainbow"],"picked":"Core Surge","floor":16},{"not_picked":["Rebound","Turbo","Self Repair"],"picked":"SKIP","floor":18},{"not_picked":["Steam","Gash"],"picked":"Hologram","floor":20}],"player_experience":816841,"relics_obtained":[{"floor":6,"key":"Kunai"},{"floor":9,"key":"Matryoshka"},{"floor":11,"key":"Lantern"}],"event_choices":[{"event_name":"Match and Keep!","player_choice":"1 cards matched","floor":2,"damage_taken":0},{"event_name":"The Cleric","player_choice":"Leave","floor":4,"damage_taken":0},{"event_name":"Golden Idol","player_choice":"Take Damage","floor":14,"damage_taken":0},{"event_name":"Addict","player_choice":"Obtained Relic","floor":19,"damage_taken":0}],"is_beta":true,"boss_relics":[{"not_picked":["Snecko Eye","Orrery"],"picked":"Lizard Tail"}],"items_purged_floors":[3],"is_endless":false,"potions_floor_spawned":[7,10,12,16,18,20],"killed_by":"Centurion and Healer","ascension_level":17}