{"path_per_floor":["M","M","?","M","?","R","M","E","T","E","R","E","R","M","R","B",null,"M"],"character_chosen":"IRONCLAD","items_purchased":[],"gold_per_floor":[118,136,136,154,154,154,174,202,225,255,255,288,288,299,299,403,403,422,332],"floor_reached":19,"campfire_rested":0,"playtime":922,"item_purchase_floors":[],"current_hp_per_floor":[79,80,80,80,80,80,80,80,80,74,74,73,73,66,66,39,80,28,0],"items_purged":[],"gold":332,"score":206,"play_id":"d75049f7-df60-421f-a80c-89a0502c82f7","local_time":"20180520141346","is_prod":false,"is_daily":false,"chose_seed":false,"is_ascension_mode":true,"campfire_upgraded":4,"timestamp":1526818426,"campfire_choices":[{"data":"Iron Wave","floor":6,"key":"SMITH"},{"data":"Searing Blow","floor":11,"key":"SMITH"},{"data":"Searing Blow+1","floor":13,"key":"SMITH"},{"data":"Armaments","floor":15,"key":"SMITH"}],"path_taken":["M","M","?","M","?","R","?","E","T","E","R","E","R","?","R","BOSS","M","M"],"build_version":"2018-05-18","seed_source_timestamp":8210023695727,"purchased_purges":0,"victory":false,"master_deck":["Strike_R","Strike_R","Strike_R","Strike_R","Strike_R","Defend_R","Defend_R","Defend_R+1","Defend_R","Barricade+1","Power Through+1","Iron Wave+1","Perfected Strike","Headbutt","Searing Blow+2","Armaments+1","Impervious","Rage"],"max_hp_per_floor":[80,80,80,80,80,80,80,80,80,80,80,80,80,80,80,80,80,80,80],"relics":["Burning Blood","War Paint","Dream Catcher","Blood Vial","Du-Vu Doll","Runic Cube"],"card_choices":[{"not_picked":["Blood for Blood","Havoc"],"picked":"Power Through","floor":1},{"not_picked":["True Grit","Disarm"],"picked":"Iron Wave","floor":2},{"not_picked":["Wild Strike","Pommel Strike"],"picked":"Perfected Strike","floor":4},{"not_picked":["Rupture","Heavy Blade"],"picked":"Headbutt","floor":7},{"not_picked":["Cleave","Combust","Exhume"],"picked":"SKIP","floor":8},{"not_picked":["Clothesline","Body Slam"],"picked":"Searing Blow","floor":10},{"not_picked":["True Grit","Rupture","Headbutt"],"picked":"SKIP","floor":12},{"not_picked":["Twin Strike","Clash"],"picked":"Armaments","floor":14},{"not_picked":["Berserk","Brutality"],"picked":"Impervious","floor":16},{"not_picked":["Headbutt","Second Wind"],"picked":"Rage","floor":18}],"player_experience":114366,"potions_floor_usage":[],"damage_taken":[{"damage":7,"enemies":"Jaw Worm","floor":1,"turns":3},{"damage":0,"enemies":"Cultist","floor":2,"turns":4},{"damage":1,"enemies":"Small Slimes","floor":4,"turns":4},{"damage":0,"enemies":"3 Louse","floor":7,"turns":4},{"damage":4,"enemies":"Lagavulin","floor":8,"turns":9},{"damage":12,"enemies":"3 Sentries","floor":10,"turns":8},{"damage":9,"enemies":"Gremlin Nob","floor":12,"turns":5},{"damage":15,"enemies":"Lots of Slimes","floor":14,"turns":4},{"damage":35,"enemies":"The Guardian","floor":16,"turns":15},{"damage":58,"enemies":"Chosen","floor":18,"turns":6},{"damage":30,"enemies":"2 Thieves","floor":19,"turns":3}],"relics_obtained":[{"floor":8,"key":"War Paint"},{"floor":9,"key":"Dream Catcher"},{"floor":10,"key":"Blood Vial"},{"floor":12,"key":"Du-Vu Doll"}],"event_choices":[{"event_name":"Upgrade Shrine","player_choice":"Upgraded","floor":3,"damage_taken":0},{"event_name":"Purifier","player_choice":"One Purge","floor":5,"damage_taken":0}],"boss_relics":[{"not_picked":["Lizard Tail","Black Star"],"picked":"Runic Cube"}],"items_purged_floors":[],"potions_floor_spawned":[1,7,12,14],"seed_played":"-4691897363482661991","killed_by":"2 Thieves","ascension_level":2,"potions_obtained":[{"floor":1,"key":"SteroidPotion"},{"floor":7,"key":"AttackPotion"},{"floor":12,"key":"LiquidBronze"}],"is_trial":false}