{"gold_per_floor":[116,116,126,126,137,137,168,183,208,243,262,262,282,292,292,394,394,407,418,428,28,46,46,46,6,6,6,16,16,16,29,29,29],"floor_reached":33,"playtime":1499,"items_purged":[],"score":261,"play_id":"930f3486-e421-4a21-95e5-0648fca52e26","local_time":"20180826232713","is_ascension_mode":false,"campfire_choices":[{"data":"Crippling Poison","floor":6,"key":"SMITH"},{"data":"Bouncing Flask","floor":12,"key":"SMITH"},{"data":"Bane","floor":15,"key":"SMITH"},{"data":"Poisoned Stab","floor":23,"key":"SMITH"},{"floor":27,"key":"REST"},{"floor":32,"key":"REST"}],"neow_cost":"NONE","seed_source_timestamp":47431921055059,"circlet_count":0,"master_deck":["Defend_G","Defend_G","Defend_G","Defend_G","Strike_G","Strike_G","Strike_G","Strike_G","Survivor","Neutralize","Sucker Punch","Bane","Crippling Poison+1","Well Laid Plans","Bouncing Flask+1","Poisoned Stab+1","Backstab","Bane+1","After Image","Backflip+1","Heel Hook","Flash of Steel","Terror+1","Backstab","After Image"],"relics":["Ring of the Snake","Snake Skull","Anchor","Blood Vial","Art of War","Snecko Eye","Ice Cream","Matryoshka","Enchiridion"],"potions_floor_usage":[7,13,13,28,28,33,33],"damage_taken":[{"damage":0,"enemies":"2 Louse","floor":1,"turns":2},{"damage":1,"enemies":"Cultist","floor":3,"turns":3},{"damage":0,"enemies":"Jaw Worm","floor":5,"turns":3},{"damage":13,"enemies":"Lagavulin","floor":7,"turns":7},{"damage":0,"enemies":"3 Louse","floor":8,"turns":3},{"damage":12,"enemies":"Gremlin Nob","floor":10,"turns":3},{"damage":0,"enemies":"Red Slaver","floor":11,"turns":2},{"damage":5,"enemies":"Exordium Thugs","floor":13,"turns":3},{"damage":0,"enemies":"Blue Slaver","floor":14,"turns":2},{"damage":16,"enemies":"Slime Boss","floor":16,"turns":9},{"damage":0,"enemies":"Spheric Guardian","floor":18,"turns":1},{"damage":0,"enemies":"Chosen","floor":19,"turns":3},{"damage":0,"enemies":"Snecko","floor":20,"turns":3},{"damage":9,"enemies":"Shelled Parasite and Fungi","floor":22,"turns":5},{"damage":0,"enemies":"Centurion and Healer","floor":28,"turns":4},{"damage":0,"enemies":"Sentry and Sphere","floor":31,"turns":3},{"damage":79,"enemies":"Collector","floor":33,"turns":9}],"seed_played":"6061346322229888786","potions_obtained":[{"floor":1,"key":"Dexterity Potion"},{"floor":3,"key":"Strength Potion"},{"floor":5,"key":"Ancient Potion"},{"floor":11,"key":"Dexterity Potion"},{"floor":14,"key":"SpeedPotion"},{"floor":18,"key":"Dexterity Potion"},{"floor":20,"key":"SmokeBomb"},{"floor":28,"key":"Dexterity Potion"},{"floor":31,"key":"SpeedPotion"}],"is_trial":false,"path_per_floor":["M","?","M","?","M","R","E","M","T","E","M","R","M","M","R","B",null,"M","M","M","$","M","R","?","$","T","R","M","?","$","M","R"],"character_chosen":"THE_SILENT","items_purchased":["Ice Cream","Flash of Steel","Backstab"],"campfire_rested":2,"item_purchase_floors":[21,21,25],"current_hp_per_floor":[70,70,69,69,69,69,56,56,56,46,48,48,45,47,47,33,70,70,70,70,70,61,61,48,48,48,70,72,56,56,58,75,0],"gold":29,"neow_bonus":"RANDOM_COMMON_RELIC","is_prod":false,"is_daily":false,"chose_seed":false,"campfire_upgraded":4,"win_rate":0.0,"timestamp":1535318833,"path_taken":["M","?","M","?","M","R","E","M","T","E","M","R","M","M","R","BOSS","M","M","M","$","M","R","?","$","T","R","M","?","$","M","R","BOSS"],"build_version":"2018-08-23v2","purchased_purges":0,"victory":false,"max_hp_per_floor":[70,70,70,70,70,70,70,70,70,70,70,70,70,70,70,70,70,70,70,70,70,70,70,75,75,75,75,75,75,75,75,75,75],"card_choices":[{"not_picked":["Footwork","Reflex"],"picked":"Sucker Punch","floor":1},{"not_picked":["Quick Slash","Outmaneuver"],"picked":"Crippling Poison","floor":3},{"not_picked":["Deflect","Prepared"],"picked":"Well Laid Plans","floor":5},{"not_picked":["Cloak And Dagger","Deflect"],"picked":"Bouncing Flask","floor":7},{"not_picked":["Underhanded Strike","Acrobatics","Wraith Form v2"],"picked":"SKIP","floor":8},{"not_picked":["Finisher","Cloak And Dagger"],"picked":"Poisoned Stab","floor":10},{"not_picked":["Choke","Outmaneuver","Eviscerate"],"picked":"SKIP","floor":11},{"not_picked":["Dagger Spray","Acrobatics"],"picked":"Backstab","floor":13},{"not_picked":["Infinite Blades","Poisoned Stab"],"picked":"Bane","floor":14},{"not_picked":["A Thousand Cuts","Tools of the Trade"],"picked":"After Image","floor":16},{"not_picked":["Blade Dance","Dagger Throw","Outmaneuver"],"picked":"SKIP","floor":18},{"not_picked":["Underhanded Strike","Tactician"],"picked":"Backflip+1","floor":19},{"not_picked":["Flying Knee","Outmaneuver"],"picked":"Heel Hook","floor":20},{"not_picked":["Dagger Throw","Tactician"],"picked":"Terror+1","floor":22},{"not_picked":["Dodge and Roll+1","Quick Slash"],"picked":"After Image","floor":28},{"not_picked":["Quick Slash+1","Cloak And Dagger","Reflex"],"picked":"SKIP","floor":31}],"player_experience":65756,"relics_obtained":[{"floor":7,"key":"Anchor"},{"floor":9,"key":"Blood Vial"},{"floor":10,"key":"Art of War"},{"floor":26,"key":"Matryoshka"},{"floor":29,"key":"Enchiridion"}],"event_choices":[{"event_name":"Transmorgrifier","player_choice":"Transform","floor":2,"damage_taken":0},{"event_name":"Purifier","player_choice":"One Purge","floor":4,"damage_taken":0},{"event_name":"Forgotten Altar","player_choice":"Shed Blood","floor":24,"damage_taken":0},{"event_name":"Cursed Tome","player_choice":"Obtained Book","floor":29,"damage_taken":0}],"is_beta":true,"boss_relics":[{"not_picked":["Eternal Feather","Coffee Dripper"],"picked":"Snecko Eye"}],"items_purged_floors":[],"is_endless":false,"potions_floor_spawned":[1,3,5,11,14,18,20,28,31],"killed_by":"Collector","ascension_level":0}