{"gold_per_floor":[116,116,16,16,34,69,69,19,74,74,128,153,163,35,35,114,114,74,74,74,20,220,220],"floor_reached":23,"playtime":583,"items_purged":["Regret"],"score":436,"play_id":"40c9c6ce-40c7-4dff-b856-cd3ee3578d33","local_time":"20181211141448","is_ascension_mode":true,"campfire_choices":[{"data":"Body Slam","floor":10.0,"key":"SMITH"},{"floor":15.0,"key":"REST"}],"neow_cost":"NONE","seed_source_timestamp":66096184110943,"circlet_count":0,"master_deck":["AscendersBane","Strike_R","Strike_R","Strike_R","Strike_R","Defend_R","Defend_R+1","Defend_R","Bash","Pommel Strike","Entrench","Shockwave","Body Slam+1","Intimidate+1","Battle Trance","Iron Wave+1","Armaments","True Grit","Infernal Blade","Limit Break","Inflame","Havoc"],"special_seed":0,"relics":["Burning Blood","NeowsBlessing","War Paint","Molten Egg 2","Tiny Chest","Regal Pillow","Smiling Mask","Sozu"],"potions_floor_usage":[],"damage_taken":[{"damage":0.0,"enemies":"2 Louse","floor":1.0,"turns":1.0},{"damage":0.0,"enemies":"Jaw Worm","floor":5.0,"turns":1.0},{"damage":0.0,"enemies":"3 Sentries","floor":6.0,"turns":2.0},{"damage":53.0,"enemies":"Lagavulin","floor":12.0,"turns":6.0},{"damage":0.0,"enemies":"Cultist","floor":13.0,"turns":3.0},{"damage":58.0,"enemies":"Slime Boss","floor":16.0,"turns":12.0},{"damage":27.0,"enemies":"2 Thieves","floor":18.0,"turns":5.0},{"damage":32,"enemies":"Book of Stabbing","floor":23,"turns":4}],"seed_played":"2813306192975669601","potions_obtained":[{"floor":1.0,"key":"SkillPotion"},{"floor":6.0,"key":"PowerPotion"},{"floor":12.0,"key":"LiquidBronze"},{"floor":13.0,"key":"Strength Potion"}],"is_trial":false,"path_per_floor":["M","?","$","?","M","E","?","$","T","R","T","E","M","$","R","B",null,"M","?","T","$","?","E"],"character_chosen":"IRONCLAD","items_purchased":["Shockwave","Body Slam","Iron Wave+1","Infernal Blade","Havoc"],"campfire_rested":1,"item_purchase_floors":[3,3,8,14,21],"current_hp_per_floor":[74,74,74,74,75,75,75,75,75,75,75,28,34,34,71,19,61,40,40,40,40,40,8],"gold":220,"neow_bonus":"THREE_ENEMY_KILL","is_prod":false,"is_daily":false,"chose_seed":false,"campfire_upgraded":1,"win_rate":0,"timestamp":1544562888,"path_taken":["M","?","$","?","?","E","?","?","T","R","?","E","M","$","R","BOSS","M","?","?","$","?","E"],"build_version":"2018-12-06","purchased_purges":1,"victory":false,"max_hp_per_floor":[75,75,75,75,75,75,75,75,75,75,75,75,75,75,75,75,75,75,75,75,75,75,75],"card_choices":[{"not_picked":["Evolve","Headbutt"],"picked":"Pommel Strike","floor":1.0},{"not_picked":["Cleave","Second Wind"],"picked":"Intimidate","floor":5.0},{"not_picked":["Rage","Burning Pact"],"picked":"Battle Trance","floor":6.0},{"not_picked":["Heavy Blade+1","Rampage+1"],"picked":"Armaments","floor":12.0},{"not_picked":["Power Through","Wild Strike+1"],"picked":"True Grit","floor":13.0},{"not_picked":["Double Tap","Berserk"],"picked":"Limit Break","floor":16.0},{"not_picked":["True Grit+1","Iron Wave+1"],"picked":"Inflame","floor":18.0}],"player_experience":597607,"relics_obtained":[{"floor":6.0,"key":"War Paint"},{"floor":9.0,"key":"Tiny Chest"},{"floor":11.0,"key":"Regal Pillow"},{"floor":12.0,"key":"Smiling Mask"}],"event_choices":[{"damage_healed":0.0,"max_hp_gain":0.0,"max_hp_loss":0.0,"gold_gain":0.0,"cards_transformed":["Defend_R"],"event_name":"Living Wall","player_choice":"Change","floor":2.0,"gold_loss":0.0,"damage_taken":0.0,"cards_obtained":["Entrench"]},{"cards_removed":["Strike_R"],"damage_healed":0.0,"max_hp_gain":0.0,"max_hp_loss":0.0,"gold_gain":0.0,"event_name":"Purifier","player_choice":"Purged","floor":4.0,"gold_loss":0.0,"damage_taken":0.0},{"damage_healed":0.0,"max_hp_gain":0.0,"max_hp_loss":0.0,"gold_gain":0.0,"event_name":"Big Fish","player_choice":"Box","floor":7.0,"gold_loss":0.0,"damage_taken":0.0,"relics_obtained":["Molten Egg 2"],"cards_obtained":["Regret"]},{"damage_healed":0.0,"max_hp_gain":0.0,"max_hp_loss":0.0,"gold_gain":0.0,"event_name":"Ghosts","player_choice":"Ignored","floor":19.0,"gold_loss":0.0,"damage_taken":0.0},{"damage_healed":0.0,"max_hp_gain":0.0,"max_hp_loss":0.0,"gold_gain":200.0,"event_name":"Wheel of Change","player_choice":"Gold","floor":22.0,"gold_loss":0.0,"damage_taken":0.0}],"is_beta":false,"boss_relics":[{"not_picked":["Ectoplasm","Coffee Dripper"],"picked":"Sozu"}],"items_purged_floors":[14],"is_endless":false,"potions_floor_spawned":[1,6,12,13,18],"killed_by":"Book of Stabbing","ascension_level":20}