{"gold_per_floor":[119,146,157,23,23,54,54,87,87,115,215,215,225,252,252,327,327,339,354,354,51,64,64,64],"floor_reached":24,"playtime":770,"items_purged":["Regret"],"score":594,"play_id":"363c6e65-225b-4b72-aff9-2c999c457f79","local_time":"20181210233819","is_ascension_mode":true,"campfire_choices":[{"floor":12,"key":"REST"},{"data":"Corruption","floor":15,"key":"SMITH"},{"floor":23,"key":"REST"}],"neow_cost":"NONE","seed_source_timestamp":11562141461125,"circlet_count":0,"master_deck":["AscendersBane","Strike_R","Strike_R","Strike_R","Strike_R","Strike_R","Defend_R","Defend_R","Defend_R","Defend_R","Bash","Corruption+1","True Grit","Carnage","Cleave","Uppercut","Clothesline","Armaments+1","Burning Pact+1","Limit Break+1","Clumsy","Regret","Writhe","Writhe","Juggernaut","Infernal Blade+1","Warcry+1"],"special_seed":0,"relics":["Burning Blood","NeowsBlessing","Vajra","Blood Vial","Lantern","Torii","Pantograph","Bottled Tornado","Toxic Egg 2","StoneCalendar","Calling Bell","Boot","Letter Opener","Bird Faced Urn","Pear"],"potions_floor_usage":[10,22],"damage_taken":[{"damage":0.0,"enemies":"Cultist","floor":1.0,"turns":1.0},{"damage":0.0,"enemies":"Small Slimes","floor":3.0,"turns":2.0},{"damage":0.0,"enemies":"Gremlin Nob","floor":6.0,"turns":2.0},{"damage":34.0,"enemies":"3 Sentries","floor":8.0,"turns":7.0},{"damage":21,"enemies":"Lagavulin","floor":10,"turns":6},{"damage":3,"enemies":"2 Louse","floor":13,"turns":2},{"damage":12,"enemies":"3 Sentries","floor":14,"turns":6},{"damage":46,"enemies":"Hexaghost","floor":16,"turns":9},{"damage":31,"enemies":"Chosen","floor":18,"turns":7},{"damage":31,"enemies":"2 Thieves","floor":19,"turns":5},{"damage":37,"enemies":"Chosen and Byrds","floor":22,"turns":7},{"damage":47,"enemies":"Slavers","floor":24,"turns":2}],"seed_played":"126259357484269316","potions_obtained":[{"floor":3.0,"key":"Dexterity Potion"},{"floor":13,"key":"FairyPotion"},{"floor":16,"key":"EssenceOfSteel"},{"floor":22,"key":"SpeedPotion"}],"is_trial":false,"path_per_floor":["M","T","M","$","?","E","?","E","T","E","?","R","M","E","R","B",null,"M","M","?","$","M","R","E"],"character_chosen":"IRONCLAD","items_purchased":["Carnage","Cleave","Juggernaut","Infernal Blade+1"],"campfire_rested":2,"item_purchase_floors":[4,4,21,21],"current_hp_per_floor":[74,74,75,75,75,75,57,31,31,18,18,40,45,41,41,28,63,42,21,31,31,14,39,0],"gold":64,"neow_bonus":"THREE_ENEMY_KILL","is_prod":false,"is_daily":false,"chose_seed":false,"campfire_upgraded":1,"win_rate":0,"timestamp":1544510299,"path_taken":["M","?","M","$","?","E","?","E","T","E","?","R","?","E","R","BOSS","M","M","?","$","M","R","E"],"build_version":"2018-12-06","purchased_purges":1,"victory":false,"max_hp_per_floor":[75,75,75,75,75,75,75,75,75,75,75,75,75,75,75,75,75,75,75,85,85,85,85,85],"card_choices":[{"not_picked":["Thunderclap","Spot Weakness"],"picked":"Corruption","floor":1.0},{"not_picked":["Headbutt","Rampage"],"picked":"True Grit","floor":3.0},{"not_picked":["Combust","Intimidate"],"picked":"Uppercut","floor":6.0},{"not_picked":["Thunderclap","Searing Blow"],"picked":"Clothesline","floor":8.0},{"not_picked":["Combust","Warcry","Intimidate"],"picked":"SKIP","floor":10},{"not_picked":["Twin Strike","Havoc+1"],"picked":"Armaments+1","floor":13},{"not_picked":["Perfected Strike","Intimidate+1"],"picked":"Burning Pact+1","floor":14},{"not_picked":["Bludgeon","Reaper"],"picked":"Limit Break+1","floor":16},{"not_picked":["Bloodletting+1","Cleave+1","Twin Strike"],"picked":"SKIP","floor":18},{"not_picked":["Evolve","Thunderclap","Whirlwind"],"picked":"SKIP","floor":19},{"not_picked":["Clash","Iron Wave"],"picked":"Warcry+1","floor":22}],"player_experience":591178,"relics_obtained":[{"floor":2.0,"key":"Vajra"},{"floor":6.0,"key":"Lantern"},{"floor":8.0,"key":"Pantograph"},{"floor":9.0,"key":"Bottled Tornado"},{"floor":10,"key":"Toxic Egg 2"},{"floor":14,"key":"StoneCalendar"},{"floor":17,"key":"Boot"},{"floor":17,"key":"Letter Opener"},{"floor":17,"key":"Bird Faced Urn"}],"event_choices":[{"damage_healed":0.0,"max_hp_gain":0.0,"max_hp_loss":0.0,"gold_gain":0.0,"event_name":"Big Fish","player_choice":"Box","floor":5.0,"gold_loss":0.0,"damage_taken":0.0,"relics_obtained":["Blood Vial"],"cards_obtained":["Regret"]},{"damage_healed":0.0,"max_hp_gain":0.0,"max_hp_loss":0.0,"gold_gain":0.0,"event_name":"Scrap Ooze","player_choice":"Success","floor":7.0,"gold_loss":0.0,"damage_taken":18.0,"relics_obtained":["Torii"]},{"damage_healed":0,"gold_gain":100,"player_choice":"Gold","damage_taken":0,"max_hp_gain":0,"max_hp_loss":0,"event_name":"Wheel of Change","floor":11,"gold_loss":0},{"damage_healed":0,"gold_gain":0,"player_choice":"Opened","damage_taken":0,"relics_obtained":["Pear"],"max_hp_gain":0,"max_hp_loss":0,"event_name":"The Mausoleum","floor":20,"gold_loss":0,"cards_obtained":["Writhe"]}],"is_beta":false,"boss_relics":[{"not_picked":["Astrolabe","White Beast Statue"],"picked":"Calling Bell"}],"items_purged_floors":[21],"is_endless":false,"potions_floor_spawned":[3,13,16,18,22],"killed_by":"Slavers","ascension_level":20}