{"path_per_floor":["M","$","M","?","T","R","E","M","T","E","M","R","M","M","R","B",null,"M","?","?","M","M"],"character_chosen":"DEFECT","items_purchased":["Hello World","Blizzard"],"gold_per_floor":[119,2,12,87,87,87,149,166,166,200,212,212,227,241,241,337,337,347,547,547,528,542,542],"floor_reached":23,"campfire_rested":2,"playtime":1047,"item_purchase_floors":[2,2],"current_hp_per_floor":[70,70,63,52,52,52,33,33,33,29,24,46,43,38,60,64,75,51,51,51,29,10,0],"items_purged":[],"gold":542,"score":233,"play_id":"c8f6a21e-3aa0-4391-b7c7-0d8857c2790b","local_time":"20180603181317","is_prod":false,"is_daily":false,"chose_seed":false,"is_ascension_mode":true,"campfire_upgraded":1,"win_rate":0,"timestamp":1528042397,"campfire_choices":[{"data":"Zap","floor":6,"key":"SMITH"},{"floor":12,"key":"REST"},{"floor":15,"key":"REST"}],"path_taken":["M","$","M","?","?","R","E","M","T","E","M","R","M","M","R","BOSS","M","?","?","M","M","E"],"build_version":"2018-05-30v2","seed_source_timestamp":2072182897240,"purchased_purges":0,"victory":false,"master_deck":["Strike_B","Strike_B","Strike_B","Strike_B","Defend_B","Defend_B","Defend_B","Defend_B","Zap+1","Dualcast","Cold Snap","Hello World","Blizzard","Go for the Eyes","Leap","Gash","Leap+1","White Noise+1","Consume+1","Defragment","Amplify+1","Go for the Eyes","Reinforced Body+1","Sweeping Beam","Compile Driver","Go for the Eyes","Gash+1","Sweeping Beam+1","Auto Shields+1"],"max_hp_per_floor":[75,75,75,75,75,75,75,75,75,75,75,75,75,75,75,75,75,75,75,75,75,75,75],"relics":["Sozu","Pantograph","Tiny Chest","Centennial Puzzle","Toxic Egg 2","Orrery"],"card_choices":[{"not_picked":["Steam","Leap"],"picked":"Cold Snap","floor":1},{"not_picked":["Doom and Gloom","Streamline"],"picked":"Go for the Eyes","floor":3},{"not_picked":["Compile Driver","Storm"],"picked":"Leap","floor":7},{"not_picked":["Coolheaded","Rebound"],"picked":"Gash","floor":8},{"not_picked":["Skim","Ball Lightning"],"picked":"Leap","floor":10},{"not_picked":["Go for the Eyes","FTL"],"picked":"White Noise+1","floor":11},{"not_picked":["Multi-Cast+1","Turbo+1"],"picked":"Consume+1","floor":13},{"not_picked":["Rebound","Go for the Eyes"],"picked":"Defragment","floor":14},{"not_picked":["Buffer","Rainbow+1"],"picked":"Amplify+1","floor":16},{"not_picked":["Coolheaded+1","Cold Snap"],"picked":"Go for the Eyes","floor":17},{"not_picked":["Coolheaded+1","Glacier+1"],"picked":"Reinforced Body+1","floor":17},{"not_picked":["Go for the Eyes","Doom and Gloom"],"picked":"Sweeping Beam","floor":17},{"not_picked":["Cold Snap","Rebound"],"picked":"Compile Driver","floor":17},{"not_picked":["Fusion+1","Turbo+1"],"picked":"Go for the Eyes","floor":17},{"not_picked":["Hologram+1","Rebound"],"picked":"Gash+1","floor":18},{"not_picked":["Doom and Gloom","Ball Lightning"],"picked":"Sweeping Beam+1","floor":21},{"not_picked":["Barrage","Doom and Gloom"],"picked":"Auto Shields+1","floor":22}],"player_experience":208255,"potions_floor_usage":[],"damage_taken":[{"damage":5,"enemies":"Small Slimes","floor":1,"turns":3},{"damage":7,"enemies":"Jaw Worm","floor":3,"turns":3},{"damage":19,"enemies":"Lagavulin","floor":7,"turns":8},{"damage":0,"enemies":"2 Louse","floor":8,"turns":2},{"damage":4,"enemies":"3 Sentries","floor":10,"turns":7},{"damage":5,"enemies":"Lots of Slimes","floor":11,"turns":5},{"damage":3,"enemies":"Looter","floor":13,"turns":3},{"damage":12,"enemies":"2 Fungi Beasts","floor":14,"turns":4},{"damage":11,"enemies":"Slime Boss","floor":16,"turns":7},{"damage":24,"enemies":"3 Byrds","floor":18,"turns":6},{"damage":22,"enemies":"2 Thieves","floor":21,"turns":4},{"damage":19,"enemies":"Snake Plant","floor":22,"turns":4},{"damage":14,"enemies":"Gremlin Leader","floor":23,"turns":2}],"relics_obtained":[{"floor":5,"key":"Pantograph"},{"floor":7,"key":"Tiny Chest"},{"floor":9,"key":"Centennial Puzzle"},{"floor":10,"key":"Toxic Egg 2"}],"event_choices":[{"event_name":"World of Goop","player_choice":"Gather Gold","floor":4,"damage_taken":0},{"event_name":"Wheel of Change","player_choice":"Gold","floor":19,"damage_taken":0},{"event_name":"The Woman in Blue","player_choice":"Bought 0 Potions","floor":20,"damage_taken":0}],"boss_relics":[{"not_picked":["Calling Bell","White Beast Statue"],"picked":"Orrery"}],"items_purged_floors":[],"potions_floor_spawned":[7,10,13,16,18],"seed_played":"-2344755779743369814","killed_by":"Gremlin Leader","ascension_level":3,"potions_obtained":[],"is_trial":false}