{"gold_per_floor":[119,131,145,145,145,118,118,118,118,118,138,170,185,91,91,188,188,206,218,218,218,64,64,75,85,85,100,19,119,119,139,139,244,244,258,22,34,309,327,327,337,337,412,424,451,451],"floor_reached":46,"playtime":2526,"items_purged":[],"score":522,"play_id":"9a9444eb-9fbf-427d-aa64-eb4c1bf59f25","local_time":"20190206113322","is_ascension_mode":true,"campfire_choices":[{"data":"Blind","floor":7.0,"key":"SMITH"},{"data":"Die Die Die","floor":10,"key":"SMITH"},{"floor":15,"key":"REST"},{"floor":23,"key":"REST"},{"floor":32,"key":"REST"},{"floor":40,"key":"REST"},{"floor":42,"key":"REST"}],"neow_cost":"NONE","seed_source_timestamp":77725612571806,"circlet_count":0,"master_deck":["Defend_G+1","Defend_G","Defend_G","Defend_G","Defend_G","Strike_G","Strike_G","Strike_G+1","Strike_G","Strike_G","Survivor+1","Neutralize+1","Blind+1","Dagger Spray","Endless Agony","Backflip","Dagger Spray","Swift Strike","Die Die Die+1","Flying Knee","Masterful Stab","Die Die Die","Sucker Punch","Impatience","Adrenaline","Dodge and Roll","Backstab","Leg Sweep","Outmaneuver+1","Cloak And Dagger+1","All Out Attack","Flying Knee","Deep Breath","Deflect","Neutralize","Adrenaline","Backstab","Burst","Crippling Poison+1","Accuracy","Regret","Sucker Punch+1","Predator+1","Blade Dance+1","Deflect+1"],"special_seed":0,"relics":["Ring of the Snake","Blood Vial","Anchor","Black Star","Nloth\u0027s Gift","Whetstone","Kunai","Calipers","The Courier","WristBlade","Ice Cream","Toxic Egg 2","Vajra","Bag of Marbles"],"potions_floor_usage":[11,16,24,25,29,29,33,41,44],"damage_taken":[{"damage":13.0,"enemies":"Jaw Worm","floor":1.0,"turns":8.0},{"damage":0.0,"enemies":"Cultist","floor":2.0,"turns":3.0},{"damage":0.0,"enemies":"Small Slimes","floor":3.0,"turns":2.0},{"damage":6,"enemies":"Exordium Thugs","floor":11,"turns":3},{"damage":10,"enemies":"3 Sentries","floor":12,"turns":3},{"damage":0,"enemies":"Exordium Wildlife","floor":13,"turns":2},{"damage":65,"enemies":"The Guardian","floor":16,"turns":14},{"damage":0,"enemies":"3 Byrds","floor":18,"turns":3},{"damage":0,"enemies":"2 Thieves","floor":19,"turns":2},{"damage":0,"enemies":"Snecko","floor":24,"turns":4},{"damage":0,"enemies":"Cultist and Chosen","floor":25,"turns":5},{"damage":30,"enemies":"Snake Plant","floor":27,"turns":6},{"damage":0,"enemies":"Colosseum Slavers","floor":29,"turns":6},{"damage":18,"enemies":"Colosseum Nobs","floor":29,"turns":5},{"damage":1,"enemies":"Centurion and Healer","floor":31,"turns":7},{"damage":24,"enemies":"Champ","floor":33,"turns":44},{"damage":0,"enemies":"3 Shapes","floor":35,"turns":4},{"damage":22,"enemies":"3 Darklings","floor":37,"turns":5},{"damage":36,"enemies":"4 Shapes","floor":39,"turns":3},{"damage":34,"enemies":"Spire Growth","floor":41,"turns":5},{"damage":10,"enemies":"Jaw Worm Horde","floor":44,"turns":5},{"damage":22,"enemies":"Reptomancer","floor":45,"turns":9},{"damage":5,"enemies":"Sphere and 2 Shapes","floor":46,"turns":3}],"seed_played":"8453740340527925724","potions_obtained":[{"floor":1.0,"key":"GamblersBrew"},{"floor":2.0,"key":"PowerPotion"},{"floor":13,"key":"Block Potion"},{"floor":16,"key":"Regen Potion"},{"floor":18,"key":"PowerPotion"},{"floor":24,"key":"SteroidPotion"},{"floor":25,"key":"Explosive Potion"},{"floor":29,"key":"Block Potion"},{"floor":37,"key":"SkillPotion"},{"floor":41,"key":"Block Potion"},{"floor":45,"key":"SneckoOil"}],"is_trial":false,"path_per_floor":["M","M","M","?","$","$","R","?","T","R","M","E","M","$","R","B",null,"M","M","?","?","$","R","M","M","T","M","$","?","?","M","R","B",null,"M","$","M","?","M","R","M","R","T","M","E","M"],"character_chosen":"THE_SILENT","items_purchased":["Dagger Spray","Impatience","Whetstone","All Out Attack","Ice Cream"],"campfire_rested":5,"item_purchase_floors":[6,14,22,28,36],"current_hp_per_floor":[57,57,57,57,57,57,57,57,57,57,53,45,47,47,68,5,70,70,70,57,57,57,75,75,75,75,45,45,46,46,47,69,47,75,75,75,53,53,19,41,9,31,31,23,3,0],"gold":451,"neow_bonus":"RANDOM_COLORLESS","is_prod":false,"is_daily":false,"chose_seed":false,"campfire_upgraded":2,"win_rate":0,"timestamp":1549424002,"path_taken":["M","M","M","?","?","$","R","?","T","R","M","E","M","$","R","BOSS","M","M","?","?","$","R","M","M","T","?","$","?","?","M","R","BOSS","M","$","?","?","M","R","M","R","T","M","E","M"],"build_version":"2019-01-23","purchased_purges":0,"victory":false,"max_hp_per_floor":[70,70,70,70,70,70,70,70,70,70,70,70,70,70,70,70,70,70,70,75,75,75,75,75,75,75,75,75,75,75,75,75,75,75,75,75,75,75,75,75,75,75,75,75,75,75],"card_choices":[{"not_picked":["Accuracy","Caltrops"],"picked":"Dagger Spray","floor":1.0},{"not_picked":["Dagger Throw","Prepared"],"picked":"Endless Agony","floor":2.0},{"not_picked":["Venomology","Bouncing Flask"],"picked":"Backflip","floor":3.0},{"not_picked":["PiercingWail","Tactician"],"picked":"Masterful Stab","floor":11},{"not_picked":["Finisher","Crippling Poison"],"picked":"Die Die Die","floor":12},{"not_picked":["Dagger Spray","Slice"],"picked":"Sucker Punch","floor":13},{"not_picked":["Wraith Form v2","Doppelganger"],"picked":"Adrenaline","floor":16},{"not_picked":["Deadly Poison","Predator"],"picked":"Dodge and Roll","floor":18},{"not_picked":["Dagger Throw","Acrobatics+1"],"picked":"Backstab","floor":19},{"not_picked":["Bane","Predator"],"picked":"Leg Sweep","floor":24},{"not_picked":["Bouncing Flask+1","Caltrops"],"picked":"Outmaneuver+1","floor":25},{"not_picked":["Venomology","Outmaneuver+1"],"picked":"Cloak And Dagger+1","floor":27},{"not_picked":["Noxious Fumes","Poisoned Stab"],"picked":"Flying Knee","floor":29},{"not_picked":["PiercingWail","Dodge and Roll+1"],"picked":"Backstab","floor":31},{"not_picked":["Tools of the Trade","After Image"],"picked":"Burst","floor":33},{"not_picked":["Flechettes","Bane"],"picked":"Crippling Poison+1","floor":35},{"not_picked":["Cloak And Dagger+1","Bane+1"],"picked":"Accuracy","floor":37},{"not_picked":["Poisoned Stab+1","Slice"],"picked":"Sucker Punch+1","floor":39},{"not_picked":["Dagger Throw+1","Deadly Poison+1"],"picked":"Predator+1","floor":41},{"not_picked":["Dagger Spray","Prepared+1"],"picked":"Blade Dance+1","floor":44},{"not_picked":["Eviscerate+1","Venomology+1"],"picked":"Deflect+1","floor":45}],"player_experience":85257,"relics_obtained":[{"floor":9,"key":"Blood Vial"},{"floor":12,"key":"Anchor"},{"floor":26,"key":"Kunai"},{"floor":29,"key":"Calipers"},{"floor":29,"key":"The Courier"},{"floor":43,"key":"Toxic Egg 2"},{"floor":45,"key":"Vajra"},{"floor":45,"key":"Bag of Marbles"}],"event_choices":[{"damage_healed":0.0,"max_hp_gain":0.0,"max_hp_loss":0.0,"gold_gain":0.0,"event_name":"WeMeetAgain","player_choice":"Gave Potion","floor":4.0,"gold_loss":0.0,"damage_taken":0.0,"relics_obtained":["War Paint"]},{"damage_healed":0,"gold_gain":0,"player_choice":"3 cards matched","damage_taken":0,"max_hp_gain":0,"max_hp_loss":0,"event_name":"Match and Keep!","floor":8,"gold_loss":0,"cards_obtained":["Swift Strike","Die Die Die","Flying Knee"]},{"damage_healed":0,"gold_gain":0,"player_choice":"Shed Blood","damage_taken":18,"max_hp_gain":5,"max_hp_loss":0,"event_name":"Forgotten Altar","floor":20,"gold_loss":0},{"damage_healed":0,"gold_gain":0,"player_choice":"Traded Relic","damage_taken":0,"relics_obtained":["Nloth\u0027s Gift"],"max_hp_gain":0,"max_hp_loss":0,"event_name":"N\u0027loth","floor":21,"relics_lost":["War Paint"],"gold_loss":0},{"damage_healed":0,"gold_gain":0,"player_choice":"Fight","damage_taken":0,"max_hp_gain":0,"max_hp_loss":0,"event_name":"Colosseum","floor":29,"gold_loss":0},{"damage_healed":0,"gold_gain":0,"player_choice":"Fought Nobs","damage_taken":0,"max_hp_gain":0,"max_hp_loss":0,"event_name":"Colosseum","floor":29,"gold_loss":0},{"damage_healed":0,"gold_gain":0,"player_choice":"4 cards matched","damage_taken":0,"max_hp_gain":0,"max_hp_loss":0,"event_name":"Match and Keep!","floor":30,"gold_loss":0,"cards_obtained":["Deep Breath","Deflect","Neutralize","Adrenaline"]},{"damage_healed":0,"gold_gain":275,"player_choice":"Desecrate","damage_taken":0,"max_hp_gain":0,"max_hp_loss":0,"event_name":"Golden Shrine","floor":38,"gold_loss":0,"cards_obtained":["Regret"]}],"is_beta":false,"boss_relics":[{"not_picked":["Sozu","Runic Dome"],"picked":"Black Star"},{"not_picked":["Lizard Tail","Runic Pyramid"],"picked":"WristBlade"}],"items_purged_floors":[],"is_endless":false,"potions_floor_spawned":[1,2,13,16,18,24,25,29,29,37,41,45],"killed_by":"Sphere and 2 Shapes","ascension_level":2}