{"gold_per_floor":[118,218,229,245,258,258,289,289,365,365,382,396,396,416,416,515,515,525,525,48,61,71,102,149,163,190,204,129,129,129,139,139,139],"floor_reached":33,"playtime":1655,"items_purged":["Doubt"],"score":369,"play_id":"5aea2005-000b-4d51-9f9e-3622e8ad823f","local_time":"20190127234611","is_ascension_mode":true,"campfire_choices":[{"data":"Bash","floor":6,"key":"SMITH"},{"data":"1","floor":8,"key":"LIFT"},{"data":"2","floor":10,"key":"LIFT"},{"data":"Whirlwind","floor":15,"key":"SMITH"},{"floor":29,"key":"REST"},{"floor":32,"key":"REST"}],"neow_cost":"NONE","seed_source_timestamp":1486214578691973,"circlet_count":0,"master_deck":["Strike_R","Strike_R","Strike_R","Strike_R","Strike_R","Defend_R","Defend_R","Defend_R","Defend_R","Bash+1","Metallicize","Flame Barrier","Anger","Rage","Whirlwind+1","Fiend Fire","Juggernaut","Regret","Flame Barrier+1","Corruption","Armaments","Shrug It Off","Feel No Pain","Barricade","Body Slam"],"relics":["Burning Blood","Bag of Preparation","Girya","Shuriken","Calling Bell","Oddly Smooth Stone","Question Card","Unceasing Top","Red Skull","Dead Branch","Blue Candle","Centennial Puzzle"],"potions_floor_usage":[5,22,22,30,33],"damage_taken":[{"damage":3,"enemies":"Small Slimes","floor":1,"turns":3},{"damage":2,"enemies":"Cultist","floor":3,"turns":4},{"damage":0,"enemies":"2 Louse","floor":4,"turns":3},{"damage":27,"enemies":"Gremlin Gang","floor":5,"turns":8},{"damage":26,"enemies":"Gremlin Nob","floor":7,"turns":5},{"damage":5,"enemies":"Exordium Thugs","floor":11,"turns":4},{"damage":0,"enemies":"3 Louse","floor":12,"turns":3},{"damage":8,"enemies":"Looter","floor":14,"turns":3},{"damage":0,"enemies":"Slime Boss","floor":16,"turns":4},{"damage":22,"enemies":"Chosen","floor":18,"turns":6},{"damage":2,"enemies":"Spheric Guardian","floor":21,"turns":1},{"damage":36,"enemies":"3 Cultists","floor":22,"turns":5},{"damage":32,"enemies":"Gremlin Leader","floor":23,"turns":7},{"damage":3,"enemies":"Cultist and Chosen","floor":25,"turns":3},{"damage":4,"enemies":"Centurion and Healer","floor":27,"turns":5},{"damage":12,"enemies":"Colosseum Slavers","floor":30,"turns":3},{"damage":3,"enemies":"Snecko","floor":31,"turns":3},{"damage":67,"enemies":"Automaton","floor":33,"turns":8}],"seed_played":"6452735103119664901","potions_obtained":[{"floor":1,"key":"SteroidPotion"},{"floor":7,"key":"BloodPotion"},{"floor":11,"key":"SkillPotion"},{"floor":14,"key":"Swift Potion"},{"floor":27,"key":"Weak Potion"},{"floor":31,"key":"FearPotion"}],"is_trial":false,"path_per_floor":["M","?","M","M","M","R","E","R","T","R","M","M","?","M","R","B",null,"M","?","$","M","M","E","T","M","T","M","?","R","?","M","R","B"],"character_chosen":"IRONCLAD","items_purchased":["Dead Branch","Corruption","Armaments"],"campfire_rested":2,"item_purchase_floors":[20,20,20],"current_hp_per_floor":[80,80,80,80,59,59,39,39,39,39,40,46,46,44,44,50,80,64,64,64,68,38,12,12,15,15,17,17,41,35,38,62,0],"gold":139,"neow_bonus":"RANDOM_COMMON_RELIC","is_prod":false,"is_daily":false,"chose_seed":false,"campfire_upgraded":2,"win_rate":0,"timestamp":1548600371,"path_taken":["M","?","M","?","M","R","E","R","T","R","M","M","?","M","R","BOSS","M","?","$","M","?","E","?","M","T","M","?","R","?","M","R","BOSS"],"build_version":"2019-01-23","purchased_purges":1,"victory":false,"max_hp_per_floor":[80,80,80,80,80,80,80,80,80,80,80,80,80,80,80,80,80,80,80,80,80,80,80,80,80,80,80,80,80,80,80,80,80],"card_choices":[{"not_picked":["Blood for Blood","Shrug It Off"],"picked":"Metallicize","floor":1},{"not_picked":["Body Slam","Twin Strike"],"picked":"Flame Barrier","floor":3},{"not_picked":["Intimidate","Fire Breathing","Dual Wield"],"picked":"SKIP","floor":4},{"not_picked":["Clothesline","Dual Wield"],"picked":"Anger","floor":5},{"not_picked":["Perfected Strike","Pommel Strike","Burning Pact"],"picked":"SKIP","floor":7},{"not_picked":["Combust","Bloodletting"],"picked":"Rage","floor":11},{"not_picked":["Thunderclap","Entrench"],"picked":"Whirlwind","floor":12},{"not_picked":["Intimidate","Bloodletting"],"picked":"Fiend Fire","floor":14},{"not_picked":["Offering","Reaper"],"picked":"Juggernaut","floor":16},{"not_picked":["True Grit","Pommel Strike","Rupture"],"picked":"Flame Barrier+1","floor":18},{"not_picked":["Whirlwind","Burning Pact+1","Heavy Blade+1","Searing Blow"],"picked":"SKIP","floor":21},{"not_picked":["Pommel Strike","Flex","Wild Strike"],"picked":"Shrug It Off","floor":22},{"not_picked":["Twin Strike","Sever Soul","Evolve"],"picked":"Feel No Pain","floor":23},{"not_picked":["Heavy Blade+1","Thunderclap","Dropkick"],"picked":"Barricade","floor":25},{"not_picked":["Clash+1","Twin Strike","Perfected Strike+1","Armaments"],"picked":"SKIP","floor":27},{"not_picked":["Pommel Strike","Rampage","True Grit"],"picked":"Body Slam","floor":31}],"player_experience":710402,"relics_obtained":[{"floor":7,"key":"Girya"},{"floor":9,"key":"Shuriken"},{"floor":17,"key":"Oddly Smooth Stone"},{"floor":17,"key":"Question Card"},{"floor":17,"key":"Unceasing Top"},{"floor":23,"key":"Blue Candle"},{"floor":26,"key":"Centennial Puzzle"}],"event_choices":[{"damage_healed":0,"gold_gain":100,"player_choice":"Pray","damage_taken":0,"max_hp_gain":0,"max_hp_loss":0,"event_name":"Golden Shrine","floor":2,"gold_loss":0},{"damage_healed":0,"gold_gain":0,"player_choice":"Ignored","damage_taken":0,"max_hp_gain":0,"max_hp_loss":0,"event_name":"Liars Game","floor":13,"gold_loss":0},{"damage_healed":0,"gold_gain":0,"player_choice":"Gave Potion","damage_taken":0,"relics_obtained":["Red Skull"],"max_hp_gain":0,"max_hp_loss":0,"event_name":"WeMeetAgain","floor":19,"gold_loss":0},{"cards_removed":["Pain"],"damage_healed":0,"gold_gain":0,"player_choice":"Gave Gold","damage_taken":0,"max_hp_gain":0,"max_hp_loss":0,"event_name":"Beggar","floor":28,"gold_loss":75},{"damage_healed":0,"gold_gain":0,"player_choice":"Fight","damage_taken":0,"max_hp_gain":0,"max_hp_loss":0,"event_name":"Colosseum","floor":30,"gold_loss":0},{"damage_healed":0,"gold_gain":0,"player_choice":"Fled From Nobs","damage_taken":0,"max_hp_gain":0,"max_hp_loss":0,"event_name":"Colosseum","floor":30,"gold_loss":0}],"is_beta":false,"boss_relics":[{"not_picked":["Snecko Eye","Runic Pyramid"],"picked":"Calling Bell"}],"items_purged_floors":[20],"is_endless":false,"potions_floor_spawned":[1,7,11,14,18,27,30,31],"killed_by":"Automaton","ascension_level":3}