{"gold_per_floor":[117,267,267,267,284,284,316,326,326,326,345,363,373,388,388,388],"floor_reached":16,"playtime":3939,"items_purged":[],"score":245,"play_id":"3d707b19-56dd-4513-a7e1-5bb96efd40fd","local_time":"20181217084411","is_ascension_mode":true,"campfire_choices":[{"data":"Havoc","floor":6,"key":"SMITH"},{"data":"True Grit","floor":10,"key":"SMITH"},{"data":"Whirlwind","floor":15,"key":"SMITH"}],"neow_cost":"NONE","seed_source_timestamp":437565033168772,"circlet_count":0,"master_deck":["AscendersBane","Strike_R","Strike_R","Strike_R","Strike_R","Strike_R","Defend_R","Defend_R","Defend_R","Defend_R","Bash","Havoc+1","Thunderclap","Reaper","True Grit+1","Clothesline","Wild Strike","Whirlwind+1"],"relics":["Burning Blood","NeowsBlessing","Kunai","Bag of Preparation","Omamori"],"potions_floor_usage":[],"damage_taken":[{"damage":0,"enemies":"Jaw Worm","floor":1,"turns":1},{"damage":0,"enemies":"Small Slimes","floor":5,"turns":1},{"damage":0,"enemies":"Lagavulin","floor":7,"turns":1},{"damage":6,"enemies":"Cultist","floor":8,"turns":3},{"damage":12,"enemies":"Exordium Wildlife","floor":11,"turns":6},{"damage":9,"enemies":"Red Slaver","floor":12,"turns":5},{"damage":8,"enemies":"2 Fungi Beasts","floor":13,"turns":3},{"damage":13,"enemies":"Looter","floor":14,"turns":3},{"damage":85,"enemies":"Slime Boss","floor":16,"turns":7}],"seed_played":"6834926490116206615","potions_obtained":[{"floor":1,"key":"SteroidPotion"},{"floor":5,"key":"Dexterity Potion"}],"is_trial":false,"path_per_floor":["M","?","?","?","M","R","E","M","T","R","M","M","M","M","R","B"],"character_chosen":"IRONCLAD","items_purchased":[],"campfire_rested":0,"item_purchase_floors":[],"current_hp_per_floor":[74,74,69,69,75,75,75,75,75,75,73,75,73,66,66,0],"gold":388,"neow_bonus":"THREE_ENEMY_KILL","is_prod":false,"is_daily":false,"chose_seed":false,"campfire_upgraded":3,"win_rate":0,"timestamp":1545065051,"path_taken":["M","?","?","?","M","R","E","M","T","R","M","?","M","M","R","BOSS"],"build_version":"2018-12-13","purchased_purges":0,"victory":false,"max_hp_per_floor":[75,75,75,75,75,75,75,75,75,75,75,75,75,75,75,75],"card_choices":[{"not_picked":["Rage","Seeing Red"],"picked":"Havoc","floor":1},{"not_picked":["Ghostly Armor","Iron Wave"],"picked":"Thunderclap","floor":5},{"not_picked":["Flame Barrier","Sever Soul"],"picked":"Reaper","floor":7},{"not_picked":["Flex","Power Through"],"picked":"True Grit","floor":8},{"not_picked":["Perfected Strike","Headbutt","Fire Breathing"],"picked":"SKIP","floor":11},{"not_picked":["True Grit","Sever Soul"],"picked":"Clothesline","floor":12},{"not_picked":["Pummel","Flex"],"picked":"Wild Strike","floor":13},{"not_picked":["Flex","Heavy Blade"],"picked":"Whirlwind","floor":14}],"player_experience":1570038,"relics_obtained":[{"floor":7,"key":"Bag of Preparation"},{"floor":9,"key":"Omamori"}],"event_choices":[{"damage_healed":0,"gold_gain":150,"player_choice":"AGREE","damage_taken":0,"max_hp_gain":0,"max_hp_loss":0,"event_name":"Liars Game","floor":2,"gold_loss":0,"cards_obtained":["Doubt"]},{"damage_healed":0,"gold_gain":0,"player_choice":"Success","damage_taken":5,"relics_obtained":["Kunai"],"max_hp_gain":0,"max_hp_loss":0,"event_name":"Scrap Ooze","floor":3,"gold_loss":0},{"cards_removed":["Doubt"],"damage_healed":0,"gold_gain":0,"player_choice":"Purged","damage_taken":0,"max_hp_gain":0,"max_hp_loss":0,"event_name":"Purifier","floor":4,"gold_loss":0}],"is_beta":false,"boss_relics":[],"items_purged_floors":[],"is_endless":false,"potions_floor_spawned":[1,5,7,13],"killed_by":"Slime Boss","ascension_level":18}