{"gold_per_floor":[115,39,39,53,71,82,82,113,163,183,197,197,212,241,241,315,315,331,344,70,86,86,86,86,101,101,134,152,112,12,41,41,117,117,132,132,152,168,268,294,306,330,342,387,409,421,449,110,110,110],"floor_reached":50,"playtime":5291,"items_purged":["Strike_B","Strike_B"],"score":1073,"play_id":"984dfbdb-7be6-4105-933f-687548f1a3d5","local_time":"20190205160029","is_ascension_mode":true,"campfire_choices":[{"data":"Streamline","floor":7.0,"key":"SMITH"},{"data":"Zap","floor":12.0,"key":"SMITH"},{"data":"White Noise","floor":15.0,"key":"SMITH"},{"data":"Hyperbeam","floor":23.0,"key":"SMITH"},{"data":"Defragment","floor":32.0,"key":"SMITH"},{"data":"Defragment","floor":41.0,"key":"SMITH"},{"floor":46,"key":"REST"},{"floor":49,"key":"RECALL"}],"neow_cost":"CURSE","seed_source_timestamp":747721445799532,"circlet_count":0,"master_deck":["AscendersBane","Strike_B","Strike_B","Defend_B","Defend_B+1","Defend_B","Defend_B","Zap+1","Dualcast","Parasite","Streamline+1","Glacier","Sweeping Beam","Core Surge","Skim","Leap+1","FTL","Chaos","White Noise+1","Hyperbeam+1","Beam Cell","Steam+1","Capacitor","Consume+1","Defragment+1","Biased Cognition","Loop+1","Loop+1","Force Field+1","Defragment+1","Seek"],"special_seed":0,"relics":["Cracked Core","Thread and Needle","Cables","Strawberry","Oddly Smooth Stone","Philosopher\u0027s Stone","MealTicket","Dream Catcher","Bottled Flame","Bronze Scales","Juzu Bracelet","Inserter","Incense Burner","MawBank","War Paint","Potion Belt"],"potions_floor_usage":[42,50,50,50,50],"damage_taken":[{"damage":3.0,"enemies":"Jaw Worm","floor":1.0,"turns":4.0},{"damage":0.0,"enemies":"Cultist","floor":4.0,"turns":3.0},{"damage":0.0,"enemies":"2 Louse","floor":5.0,"turns":2.0},{"damage":4.0,"enemies":"Large Slime","floor":6.0,"turns":6.0},{"damage":6.0,"enemies":"3 Sentries","floor":8.0,"turns":5.0},{"damage":7.0,"enemies":"Lots of Slimes","floor":10.0,"turns":3.0},{"damage":2.0,"enemies":"Looter","floor":11.0,"turns":2.0},{"damage":0.0,"enemies":"Blue Slaver","floor":13.0,"turns":2.0},{"damage":3.0,"enemies":"Lagavulin","floor":14.0,"turns":7.0},{"damage":3.0,"enemies":"The Guardian","floor":16.0,"turns":13.0},{"damage":0.0,"enemies":"Shell Parasite","floor":18.0,"turns":4.0},{"damage":7.0,"enemies":"Spheric Guardian","floor":19.0,"turns":4.0},{"damage":10.0,"enemies":"Cultist and Chosen","floor":21.0,"turns":6.0},{"damage":17.0,"enemies":"Sentry and Sphere","floor":25.0,"turns":4.0},{"damage":6.0,"enemies":"Slavers","floor":27.0,"turns":6.0},{"damage":19.0,"enemies":"Shelled Parasite and Fungi","floor":28.0,"turns":5.0},{"damage":0.0,"enemies":"Gremlin Leader","floor":31.0,"turns":7.0},{"damage":16.0,"enemies":"Collector","floor":33.0,"turns":10.0},{"damage":0.0,"enemies":"3 Shapes","floor":35.0,"turns":1.0},{"damage":0.0,"enemies":"Orb Walker","floor":37.0,"turns":2.0},{"damage":4.0,"enemies":"Spire Growth","floor":38.0,"turns":7.0},{"damage":21.0,"enemies":"Mind Bloom Boss Battle","floor":39.0,"turns":6.0},{"damage":0.0,"enemies":"Giant Head","floor":40.0,"turns":11.0},{"damage":6,"enemies":"Writhing Mass","floor":42,"turns":6},{"damage":15,"enemies":"Reptomancer","floor":44,"turns":6},{"damage":31,"enemies":"Transient","floor":45,"turns":5},{"damage":22,"enemies":"Spire Growth","floor":47,"turns":5},{"damage":24,"enemies":"Donu and Deca","floor":50,"turns":5}],"seed_played":"5493364063976634160","potions_obtained":[{"floor":3.0,"key":"Block Potion"},{"floor":3.0,"key":"Fire Potion"},{"floor":8.0,"key":"EssenceOfSteel"},{"floor":16.0,"key":"FocusPotion"},{"floor":25.0,"key":"EssenceOfSteel"},{"floor":33.0,"key":"LiquidBronze"},{"floor":40.0,"key":"Regen Potion"}],"is_trial":false,"path_per_floor":["M","$","?","M","M","M","R","E","T","M","M","R","M","E","R","B",null,"M","M","$","M","?","R","?","M","T","E","M","?","$","E","R","B",null,"M","?","M","M","?","E","R","M","T","E","M","R","M","$","R","B"],"character_chosen":"DEFECT","items_purchased":["Glacier","MealTicket","Potion Belt","EssenceOfSteel","Ancient Potion","Poison Potion"],"campfire_rested":1,"item_purchase_floors":[2,20,48,48,48,48],"current_hp_per_floor":[61,61,61,61,61,57,57,51,58,51,49,49,49,46,46,43,69,69,62,62,52,52,52,78,61,61,55,36,36,51,51,51,35,67,67,67,67,63,42,42,42,51,51,36,5,28,6,21,21,0],"gold":110,"neow_bonus":"ONE_RARE_RELIC","is_prod":false,"is_daily":false,"chose_seed":false,"campfire_upgraded":6,"win_rate":0,"timestamp":1549400429,"path_taken":["M","$","?","M","M","?","R","E","T","M","M","R","M","E","R","BOSS","M","M","$","M","?","R","?","M","T","E","M","?","$","E","R","BOSS","M","?","M","M","?","E","R","M","T","E","M","R","M","$","R","BOSS"],"build_version":"2019-01-23","purchased_purges":2,"victory":false,"max_hp_per_floor":[71,71,71,71,71,71,71,71,78,78,78,78,78,78,78,78,78,78,78,78,78,78,78,78,78,78,78,78,78,78,78,78,78,78,78,78,78,78,78,78,78,78,78,78,78,78,78,78,78,78],"card_choices":[{"not_picked":["Compile Driver","Stack"],"picked":"Streamline","floor":1.0},{"not_picked":["Redo","Turbo","Fusion"],"picked":"SKIP","floor":4.0},{"not_picked":["Rebound","Static Discharge"],"picked":"Sweeping Beam","floor":5.0},{"not_picked":["Steam","Double Energy"],"picked":"Core Surge","floor":6.0},{"not_picked":["Tempest","Sweeping Beam"],"picked":"Skim","floor":8.0},{"not_picked":["Beam Cell","Undo"],"picked":"Leap","floor":10.0},{"not_picked":["Conserve Battery","Steam"],"picked":"FTL","floor":11.0},{"not_picked":["Hologram","Sweeping Beam"],"picked":"Chaos","floor":13.0},{"not_picked":["Heatsinks","Go for the Eyes"],"picked":"White Noise","floor":14.0},{"not_picked":["Meteor Strike","Multi-Cast"],"picked":"Hyperbeam","floor":16.0},{"not_picked":["Static Discharge","Leap"],"picked":"Beam Cell","floor":18.0},{"not_picked":["Leap","Fusion"],"picked":"Steam+1","floor":19.0},{"not_picked":["Barrage","Coolheaded"],"picked":"Capacitor","floor":21.0},{"not_picked":["Redo","Turbo","Darkness"],"picked":"SKIP","floor":25.0},{"not_picked":["Lockon","Barrage","Reprogram"],"picked":"SKIP","floor":27.0},{"not_picked":["Rip and Tear","Barrage"],"picked":"Consume","floor":28.0},{"not_picked":["Fission","Hologram"],"picked":"Defragment","floor":31.0},{"not_picked":["Rainbow","Amplify"],"picked":"Biased Cognition","floor":33.0},{"not_picked":["Gash+1","Chaos+1"],"picked":"Loop+1","floor":35.0},{"not_picked":["White Noise","Double Energy"],"picked":"Loop+1","floor":37.0},{"not_picked":["Undo+1","Heatsinks"],"picked":"Force Field+1","floor":38.0},{"not_picked":["Hologram+1","Fusion+1"],"picked":"Defragment","floor":40.0},{"not_picked":["Beam Cell","Turbo+1","Stack"],"picked":"SKIP","floor":42},{"not_picked":["Loop","Sweeping Beam","Streamline"],"picked":"SKIP","floor":44},{"not_picked":["Rebound","Leap"],"picked":"Seek","floor":45},{"not_picked":["Streamline+1","Beam Cell","Barrage"],"picked":"SKIP","floor":47}],"player_experience":715285,"relics_obtained":[{"floor":8.0,"key":"Cables"},{"floor":9.0,"key":"Strawberry"},{"floor":14.0,"key":"Oddly Smooth Stone"},{"floor":26.0,"key":"Bottled Flame"},{"floor":27.0,"key":"Bronze Scales"},{"floor":31.0,"key":"Juzu Bracelet"},{"floor":39.0,"key":"Incense Burner"},{"floor":40.0,"key":"MawBank"},{"floor":44,"key":"War Paint"}],"event_choices":[{"damage_healed":0.0,"max_hp_gain":0.0,"max_hp_loss":0.0,"gold_gain":0.0,"event_name":"Lab","player_choice":"Got Potions","floor":3.0,"gold_loss":0.0,"damage_taken":0.0},{"damage_healed":0.0,"max_hp_gain":0.0,"max_hp_loss":0.0,"gold_gain":0.0,"event_name":"The Mausoleum","player_choice":"Opened","floor":22.0,"gold_loss":0.0,"damage_taken":0.0,"relics_obtained":["Dream Catcher"]},{"damage_healed":26.0,"max_hp_gain":0.0,"max_hp_loss":0.0,"gold_gain":0.0,"event_name":"The Library","player_choice":"Heal","floor":24.0,"gold_loss":0.0,"damage_taken":0.0},{"damage_healed":0.0,"max_hp_gain":0.0,"max_hp_loss":0.0,"gold_gain":0.0,"event_name":"Designer","player_choice":"Upgrade","floor":29.0,"gold_loss":40.0,"damage_taken":0.0,"cards_upgraded":["Consume"]},{"damage_healed":0.0,"max_hp_gain":0.0,"max_hp_loss":0.0,"gold_gain":0.0,"event_name":"Tomb of Lord Red Mask","player_choice":"Ignored","floor":36.0,"gold_loss":0.0,"damage_taken":0.0},{"damage_healed":0.0,"max_hp_gain":0.0,"max_hp_loss":0.0,"gold_gain":0.0,"event_name":"MindBloom","player_choice":"Fight","floor":39.0,"gold_loss":0.0,"damage_taken":0.0}],"is_beta":false,"boss_relics":[{"not_picked":["Eternal Feather","Astrolabe"],"picked":"Philosopher\u0027s Stone"},{"not_picked":["White Beast Statue","Sozu"],"picked":"Inserter"}],"items_purged_floors":[20,30],"is_endless":false,"potions_floor_spawned":[6,8,10,13,16,19,25,28,33,37,40],"killed_by":"Donu and Deca","ascension_level":14}