{"gold_per_floor":[210,160,176,351,369,404,404,424,424,424,424,438,468,468,468,567,567,586,511,511,525,537,537],"floor_reached":23,"playtime":1267,"items_purged":[],"score":289,"play_id":"66332beb-1f7c-46c0-a67a-a18ba5bd9963","local_time":"20180902220605","is_ascension_mode":true,"campfire_choices":[{"data":"Loop","floor":7,"key":"SMITH"},{"floor":10,"key":"REST"},{"floor":15,"key":"REST"}],"neow_cost":"NONE","seed_source_timestamp":1569356664014690,"circlet_count":0,"master_deck":["Strike_B+1","Strike_B+1","Strike_B+1","Defend_B+1","Defend_B+1","Defend_B+1","Zap","Dualcast","Lockon","Go for the Eyes","Force Field","Loop+1","Rebound","Double Energy","Consume","Amplify","Conserve Battery+1","Ball Lightning+1","Streamline"],"relics":["Cracked Core","Regal Pillow","Frozen Egg 2","Matryoshka","Emotion Chip","Sozu"],"potions_floor_usage":[8,23,23],"damage_taken":[{"damage":3,"enemies":"2 Louse","floor":1,"turns":2},{"damage":4,"enemies":"Jaw Worm","floor":3,"turns":3},{"damage":0,"enemies":"Small Slimes","floor":5,"turns":2},{"damage":47,"enemies":"Lagavulin","floor":6,"turns":7},{"damage":15,"enemies":"Exordium Wildlife","floor":8,"turns":4},{"damage":6,"enemies":"Gremlin Gang","floor":12,"turns":6},{"damage":20,"enemies":"Gremlin Nob","floor":13,"turns":4},{"damage":0,"enemies":"Slime Boss","floor":16,"turns":8},{"damage":28,"enemies":"Shell Parasite","floor":18,"turns":5},{"damage":13,"enemies":"Chosen","floor":21,"turns":4},{"damage":27,"enemies":"Centurion and Healer","floor":22,"turns":5},{"damage":15,"enemies":"Slavers","floor":23,"turns":1}],"seed_played":"-1662011741858253208","potions_obtained":[{"floor":5,"key":"PowerPotion"},{"floor":12,"key":"Dexterity Potion"},{"floor":16,"key":"Regen Potion"}],"is_trial":false,"path_per_floor":["M","?","M","?","M","E","R","M","T","R","T","M","E","?","R","B",null,"M","?","?","M","M"],"character_chosen":"DEFECT","items_purchased":[],"campfire_rested":2,"item_purchase_floors":[],"current_hp_per_floor":[72,72,68,68,68,21,21,6,6,43,43,37,17,17,54,54,75,47,47,47,34,7,0],"gold":537,"neow_bonus":"HUNDRED_GOLD","is_prod":false,"is_daily":false,"chose_seed":false,"campfire_upgraded":1,"win_rate":0,"timestamp":1535943965,"path_taken":["M","?","M","?","M","E","R","M","T","R","?","M","E","?","R","BOSS","M","?","?","?","M","E"],"build_version":"2018-08-30","purchased_purges":0,"victory":false,"max_hp_per_floor":[75,75,75,75,75,75,75,75,75,75,75,75,75,75,75,75,75,75,75,75,75,75,75],"card_choices":[{"not_picked":["Compile Driver","White Noise"],"picked":"Lockon","floor":1},{"not_picked":["Hologram","Cold Snap"],"picked":"Go for the Eyes","floor":3},{"not_picked":["Turbo","Darkness"],"picked":"Force Field","floor":5},{"not_picked":["Fission","Consume"],"picked":"Loop","floor":6},{"not_picked":["Streamline","Gash"],"picked":"Rebound","floor":8},{"not_picked":["Turbo","Steam"],"picked":"Double Energy","floor":12},{"not_picked":["Blizzard","Redo"],"picked":"Consume","floor":13},{"not_picked":["Core Surge","Meteor Strike"],"picked":"Amplify","floor":16},{"not_picked":["Stack+1","Cold Snap+1"],"picked":"Conserve Battery+1","floor":18},{"not_picked":["Go for the Eyes","Conserve Battery"],"picked":"Ball Lightning+1","floor":21},{"not_picked":["Genetic Algorithm","Turbo"],"picked":"Streamline","floor":22}],"player_experience":278525,"relics_obtained":[{"floor":6,"key":"Regal Pillow"},{"floor":9,"key":"Frozen Egg 2"},{"floor":11,"key":"Matryoshka"},{"floor":13,"key":"Emotion Chip"}],"event_choices":[{"event_name":"The Cleric","player_choice":"Card Removal","floor":2,"damage_taken":0},{"event_name":"Liars Game","player_choice":"agreed","floor":4,"damage_taken":0},{"event_name":"Fountain of Cleansing","player_choice":"Removed Curse","floor":14,"damage_taken":0},{"event_name":"Beggar","player_choice":"Gave Gold","floor":19,"damage_taken":0},{"event_name":"Back to Basics","player_choice":"Simplicity","floor":20,"damage_taken":0}],"is_beta":false,"boss_relics":[{"not_picked":["Runic Dome","Coffee Dripper"],"picked":"Sozu"}],"items_purged_floors":[],"is_endless":false,"potions_floor_spawned":[5,12,16,22],"killed_by":"Slavers","ascension_level":3}