{"gold_per_floor":[114,214,229,244,21,66,96,126,126,141,156,186,201,216,216,316,316,331,331,21,36,24,54,54,84,96,108,150,162,189,201,213,325,337,364,391,418,445,457,469,511,538,550,224,239,64,79,94,94,94],"floor_reached":51,"playtime":2878,"items_purged":["Apotheosis","Strike_B"],"score":938,"play_id":"29cbe22e-297c-44ed-b804-a4e0013c68c2","local_time":"20181005100538","daily_mods":["Specialized","Colorless Cards","Night Terrors"],"is_ascension_mode":false,"campfire_choices":[{"data":"Flash of Steel","floor":15,"key":"SMITH"},{"data":"Flash of Steel","floor":29,"key":"SMITH"},{"data":"RitualDagger","floor":32,"key":"SMITH"},{"data":"Dualcast","floor":49,"key":"SMITH"}],"neow_cost":"","seed_source_timestamp":0,"circlet_count":0,"master_deck":["Strike_B","Defend_B","Defend_B+1","Defend_B","Defend_B","Zap+1","Dualcast+1","Flash of Steel+1","Flash of Steel+1","Flash of Steel","Flash of Steel","Flash of Steel","Ball Lightning","Discovery","Self Repair","Gash","Gash","Gash","Core Surge","Glacier","Secret Weapon","Purity","Gash","Hologram","Gash","Bandage Up","Discovery","RitualDagger+1","Echo Form","Gash+1","Dramatic Entrance","Madness","Flash of Steel","Secret Technique"],"special_seed":17809,"relics":["FrozenCore","DataDisk","Dead Branch","War Paint","Dodecahedron","Bottled Tornado","Sozu","Membership Card","Bag of Preparation","Orichalcum","MawBank","Cables","Incense Burner","FossilizedHelix","Ginger","Darkstone Periapt","Pear","Pen Nib","Lee\u0027s Waffle","Frozen Egg 2"],"potions_floor_usage":[7,10,25,25],"damage_taken":[{"damage":2,"enemies":"Small Slimes","floor":1,"turns":3},{"damage":0,"enemies":"Cultist","floor":3,"turns":2},{"damage":0,"enemies":"Jaw Worm","floor":4,"turns":3},{"damage":16,"enemies":"Gremlin Nob","floor":6,"turns":3},{"damage":14,"enemies":"3 Louse","floor":7,"turns":2},{"damage":27,"enemies":"3 Sentries","floor":8,"turns":5},{"damage":4,"enemies":"Blue Slaver","floor":10,"turns":2},{"damage":0,"enemies":"Exordium Wildlife","floor":11,"turns":1},{"damage":0,"enemies":"Gremlin Nob","floor":12,"turns":2},{"damage":0,"enemies":"Large Slime","floor":13,"turns":3},{"damage":3,"enemies":"Looter","floor":14,"turns":2},{"damage":21,"enemies":"Hexaghost","floor":16,"turns":8},{"damage":0,"enemies":"Shell Parasite","floor":18,"turns":3},{"damage":0,"enemies":"3 Byrds","floor":21,"turns":3},{"damage":0,"enemies":"Gremlin Leader","floor":23,"turns":5},{"damage":18,"enemies":"Slavers","floor":25,"turns":4},{"damage":0,"enemies":"Book of Stabbing","floor":28,"turns":5},{"damage":0,"enemies":"Snecko","floor":30,"turns":2},{"damage":68,"enemies":"Automaton","floor":33,"turns":7},{"damage":0,"enemies":"Orb Walker","floor":35,"turns":3},{"damage":0,"enemies":"3 Shapes","floor":36,"turns":3},{"damage":29,"enemies":"3 Darklings","floor":37,"turns":3},{"damage":5,"enemies":"Sphere and 2 Shapes","floor":38,"turns":2},{"damage":11,"enemies":"2 Orb Walkers","floor":41,"turns":2},{"damage":0,"enemies":"Jaw Worm Horde","floor":42,"turns":3},{"damage":0,"enemies":"Maw","floor":45,"turns":4},{"damage":0,"enemies":"Spire Growth","floor":47,"turns":2},{"damage":0,"enemies":"Sphere and 2 Shapes","floor":48,"turns":2},{"damage":94,"enemies":"Time Eater","floor":50,"turns":8}],"seed_played":"-1512193527981860122","potions_obtained":[{"floor":4,"key":"GamblersBrew"},{"floor":7,"key":"Weak Potion"},{"floor":8,"key":"Energy Potion"},{"floor":12,"key":"Dexterity Potion"}],"is_trial":false,"path_per_floor":["M","?","M","M","$","E","M","E","T","M","M","E","M","M","R","B",null,"M","?","$","M","$","E","?","E","T","T","E","R","M","?","R","B",null,"M","M","M","M","?","?","E","M","T","$","M","$","M","M","R","B"],"character_chosen":"DEFECT","items_purchased":["DataDisk","Self Repair","Membership Card","Bag of Preparation","Gash","Hologram","Gash","Pear","Pen Nib","Lee\u0027s Waffle","Frozen Egg 2"],"campfire_rested":0,"item_purchase_floors":[5,5,20,20,20,20,22,44,44,44,46],"current_hp_per_floor":[73,73,73,73,73,64,57,37,37,40,40,40,47,51,51,37,75,75,61,61,68,68,75,75,67,67,67,80,80,80,74,74,17,80,80,80,66,68,58,58,58,58,58,97,97,97,97,97,97,7],"gold":94,"neow_bonus":"","is_prod":false,"is_daily":true,"chose_seed":false,"campfire_upgraded":4,"win_rate":0,"timestamp":1538726738,"path_taken":["M","?","M","M","$","E","M","E","T","M","M","E","M","M","R","BOSS","M","?","$","M","$","E","?","E","T","?","E","R","?","?","R","BOSS","M","M","?","?","?","?","E","?","T","$","M","$","M","M","R","BOSS"],"build_version":"2018-10-04","purchased_purges":2,"victory":true,"max_hp_per_floor":[75,75,75,75,75,75,75,75,75,75,75,75,75,75,75,75,75,75,80,80,80,80,80,80,80,80,80,80,80,80,80,80,80,80,80,80,80,80,80,80,80,80,80,97,97,97,97,97,97,97],"card_choices":[{"not_picked":["Rebound","Stack"],"picked":"Ball Lightning","floor":1},{"not_picked":["Cold Snap","Doom and Gloom"],"picked":"Discovery","floor":3},{"not_picked":["Recycle","Coolheaded","Genetic Algorithm"],"picked":"SKIP","floor":4},{"not_picked":["Redo","Compile Driver","Stack"],"picked":"SKIP","floor":6},{"not_picked":["Redo","Compile Driver","Stack"],"picked":"SKIP","floor":6},{"not_picked":["Redo","Go for the Eyes"],"picked":"Gash","floor":7},{"not_picked":["Redo","Beam Cell","Steam"],"picked":"SKIP","floor":8},{"not_picked":["Coolheaded","Redo","Cold Snap"],"picked":"SKIP","floor":10},{"not_picked":["Static Discharge","Streamline"],"picked":"Gash","floor":11},{"not_picked":["Finesse","Ball Lightning"],"picked":"Gash","floor":12},{"not_picked":["Forethought","Trip"],"picked":"Core Surge","floor":13},{"not_picked":["Melter","Conserve Battery"],"picked":"Glacier","floor":14},{"not_picked":["Mayhem","The Bomb"],"picked":"Secret Weapon","floor":16},{"not_picked":["Go for the Eyes+1","Ball Lightning+1"],"picked":"Purity","floor":18},{"not_picked":["Go for the Eyes","Steam+1","Auto Shields"],"picked":"SKIP","floor":21},{"not_picked":["Melter","Stack"],"picked":"Apotheosis","floor":23},{"not_picked":["Static Discharge","Gash"],"picked":"Bandage Up","floor":25},{"not_picked":["Ball Lightning","Compile Driver"],"picked":"Discovery","floor":28},{"not_picked":["Go for the Eyes","Streamline+1","Swift Strike"],"picked":"SKIP","floor":30},{"not_picked":["Amplify","Sadistic Nature"],"picked":"Echo Form","floor":33},{"not_picked":["Stack","Leap+1","Sweeping Beam"],"picked":"SKIP","floor":35},{"not_picked":["Compile Driver+1","Streamline"],"picked":"Gash+1","floor":36},{"not_picked":["Deep Breath+1","Go for the Eyes"],"picked":"Dramatic Entrance","floor":37},{"not_picked":["Finesse","Steam+1","Heatsinks"],"picked":"SKIP","floor":38},{"not_picked":["Finesse","Mayhem"],"picked":"Madness","floor":39},{"not_picked":["Good Instincts","Swift Strike"],"picked":"Flash of Steel","floor":39},{"not_picked":["Magnetism","Transmutation"],"picked":"Secret Technique","floor":39},{"not_picked":["Go for the Eyes","Hello World+1","PanicButton"],"picked":"SKIP","floor":41},{"not_picked":["Turbo","Ball Lightning","Flash of Steel+1"],"picked":"SKIP","floor":42},{"not_picked":["Glacier","Turbo+1","Barrage+1"],"picked":"SKIP","floor":45},{"not_picked":["Gash+1","Streamline","Barrage+1"],"picked":"SKIP","floor":47},{"not_picked":["Sweeping Beam","Streamline+1","Rebound"],"picked":"SKIP","floor":48}],"player_experience":144024,"relics_obtained":[{"floor":6,"key":"Dead Branch"},{"floor":8,"key":"War Paint"},{"floor":9,"key":"Dodecahedron"},{"floor":12,"key":"Bottled Tornado"},{"floor":23,"key":"Orichalcum"},{"floor":25,"key":"MawBank"},{"floor":26,"key":"Cables"},{"floor":27,"key":"Incense Burner"},{"floor":28,"key":"FossilizedHelix"},{"floor":41,"key":"Ginger"},{"floor":43,"key":"Darkstone Periapt"}],"event_choices":[{"event_name":"Golden Shrine","player_choice":"Pray","floor":2,"damage_taken":0},{"event_name":"Forgotten Altar","player_choice":"Shed Blood","floor":19,"damage_taken":0},{"event_name":"Back to Basics","player_choice":"Elegance","floor":24,"damage_taken":0},{"event_name":"Nest","player_choice":"Joined the Cult","floor":31,"damage_taken":0},{"event_name":"SensoryStone","player_choice":"Memory 3","floor":39,"damage_taken":0},{"event_name":"Wheel of Change","player_choice":"Card Removal","floor":40,"damage_taken":0}],"is_beta":true,"boss_relics":[{"not_picked":["Snecko Eye","Lizard Tail"],"picked":"Sozu"},{"not_picked":["White Beast Statue","Velvet Choker"],"picked":"FrozenCore"}],"items_purged_floors":[44,46],"is_endless":false,"potions_floor_spawned":[4,7,8,12,28,30,38,41,45,47,48],"ascension_level":0}