{"path_per_floor":["M","M","?","T","M","E","R","E","T","R","M","R","M","M","R","B",null,"M","?","M","?","M","R","E","R","T","?","$","M","R","M","R","B",null,"M","$","M","?","M","R","M","M","T","R","M","E","?","?","R","B"],"character_chosen":"IRONCLAD","items_purchased":["Whetstone","Power Through","Vajra"],"gold_per_floor":[113,126,126,174,188,222,222,248,248,248,264,264,277,291,291,395,395,414,414,429,429,447,447,473,473,499,499,47,62,62,77,77,179,179,192,92,111,111,129,129,141,160,160,160,171,202,202,202,202,202],"floor_reached":51,"campfire_rested":3,"playtime":2781,"current_hp_per_floor":[80,77,77,77,78,69,69,47,47,71,63,63,66,56,80,21,80,80,80,80,56,58,80,79,79,79,64,64,72,72,80,80,62,85,82,82,85,85,68,68,75,83,83,83,85,58,58,58,58,66],"items_purged":["Panacea","Strike_R"],"gold":202,"score":759,"play_id":"4940249d-58e3-4e14-84f6-4dad0f25d681","local_time":"20180513211401","is_prod":false,"is_daily":false,"chose_seed":false,"is_ascension_mode":false,"campfire_upgraded":6,"timestamp":1526238841,"path_taken":["M","?","?","?","M","E","R","E","T","R","M","R","M","M","R","BOSS","M","?","M","?","M","R","E","R","T","?","$","?","R","M","R","BOSS","M","$","M","?","M","R","M","M","T","R","M","E","?","?","R","BOSS"],"build_version":"2018-05-12v2","seed_source_timestamp":45138048069669,"purchased_purges":2,"victory":true,"master_deck":["Strike_R+1","Strike_R+1","Strike_R+1","Strike_R+1","Defend_R+1","Defend_R+1","Defend_R+1","Defend_R+1","Bash+1","Body Slam+1","Inflame+1","Inflame+1","Warcry+1","Heavy Blade+1","Impervious+1","Shrug It Off+1","Clothesline+1","Finesse","Pommel Strike+1","Power Through+1","Clothesline+1","Impervious+1","Flex+1","Seeing Red+1","Heavy Blade+1","Juggernaut+1","Blood for Blood+1"],"max_hp_per_floor":[80,80,80,80,80,80,80,80,80,80,80,80,80,80,80,80,80,80,80,80,80,80,80,80,80,80,85,85,85,85,85,85,85,85,85,85,85,85,85,85,85,85,85,85,85,85,85,85,85,85],"relics":["Burning Blood","Pen Nib","Bag of Preparation","Calipers","Centennial Puzzle","Frozen Egg 2","Snecko Eye","Toxic Egg 2","Blood Vial","Whetstone","Vajra","Orrery","Shovel","Matryoshka","Kunai","Dodecahedron"],"card_choices":[{"not_picked":["Cleave","Sword Boomerang"],"picked":"Body Slam","floor":1},{"not_picked":["Sword Boomerang","Headbutt","Cleave"],"picked":"SKIP","floor":2},{"not_picked":["Corruption","Offering"],"picked":"Inflame","floor":5},{"not_picked":["Thunderclap","Clothesline"],"picked":"Inflame","floor":6},{"not_picked":["Thunderclap","Demon Form"],"picked":"Warcry","floor":8},{"not_picked":["Rupture+1","Armaments","Burning Pact"],"picked":"SKIP","floor":11},{"not_picked":["Clash","Entrench","Flex"],"picked":"SKIP","floor":13},{"not_picked":["Bloodletting","Havoc"],"picked":"Heavy Blade","floor":14},{"not_picked":["Berserk+1","Brutality+1"],"picked":"Impervious","floor":16},{"not_picked":["Headbutt+1","Corruption+1"],"picked":"Shrug It Off+1","floor":18},{"not_picked":["Iron Wave","Dropkick"],"picked":"Clothesline","floor":20},{"not_picked":["Body Slam","Intimidate"],"picked":"Pommel Strike+1","floor":22},{"not_picked":["Twin Strike+1","True Grit+1"],"picked":"Armaments","floor":24},{"not_picked":["Pommel Strike","Clash","Armaments+1"],"picked":"SKIP","floor":29},{"not_picked":["Iron Wave+1","Sword Boomerang"],"picked":"Clothesline+1","floor":31},{"not_picked":["Double Tap+1","Feed"],"picked":"Impervious+1","floor":33},{"not_picked":["Sword Boomerang","Armaments+1"],"picked":"Flex+1","floor":34},{"not_picked":["Bloodletting+1","Thunderclap"],"picked":"Seeing Red+1","floor":34},{"not_picked":["Bloodletting+1","Metallicize+1"],"picked":"Heavy Blade","floor":34},{"not_picked":["Thunderclap","Clash+1","True Grit+1"],"picked":"SKIP","floor":35},{"not_picked":["Metallicize+1","Thunderclap","Pommel Strike"],"picked":"SKIP","floor":37},{"not_picked":["Seeing Red+1","Entrench+1"],"picked":"Juggernaut+1","floor":39},{"not_picked":["Evolve+1","Sentinel+1","Anger"],"picked":"SKIP","floor":41},{"not_picked":["Disarm+1","Havoc+1","Cleave+1"],"picked":"SKIP","floor":42},{"not_picked":["Havoc+1","Armaments+1"],"picked":"Blood for Blood+1","floor":45},{"not_picked":["Immolate","True Grit+1","Dropkick+1"],"picked":"SKIP","floor":46}],"player_experience":94042,"potions_floor_usage":[6,16,16,33,39,50,50,50],"damage_taken":[{"damage":1,"enemies":"Cultist","floor":1,"turns":3},{"damage":9,"enemies":"2 Louse","floor":2,"turns":3},{"damage":5,"enemies":"Small Slimes","floor":5,"turns":5},{"damage":23,"enemies":"3 Sentries","floor":6,"turns":10},{"damage":28,"enemies":"Gremlin Nob","floor":8,"turns":4},{"damage":14,"enemies":"Exordium Wildlife","floor":11,"turns":6},{"damage":3,"enemies":"Red Slaver","floor":13,"turns":3},{"damage":16,"enemies":"Large Slime","floor":14,"turns":4},{"damage":65,"enemies":"Hexaghost","floor":16,"turns":9},{"damage":0,"enemies":"Shell Parasite","floor":18,"turns":2},{"damage":2,"enemies":"Chosen","floor":20,"turns":3},{"damage":4,"enemies":"Snecko","floor":22,"turns":4},{"damage":7,"enemies":"Book of Stabbing","floor":24,"turns":5},{"damage":0,"enemies":"Snake Plant","floor":29,"turns":2},{"damage":0,"enemies":"Centurion and Healer","floor":31,"turns":3},{"damage":26,"enemies":"Champ","floor":33,"turns":12},{"damage":9,"enemies":"Flame Bruiser 1 Orb","floor":35,"turns":5},{"damage":0,"enemies":"3 Darklings","floor":37,"turns":5},{"damage":23,"enemies":"Flame Bruiser 2 Orb","floor":39,"turns":7},{"damage":1,"enemies":"Sphere and 2 Shapes","floor":41,"turns":6},{"damage":0,"enemies":"Maw","floor":42,"turns":4},{"damage":1,"enemies":"4 Shapes","floor":45,"turns":5},{"damage":33,"enemies":"2 Orb Walkers","floor":46,"turns":6},{"damage":0,"enemies":"Awakened One","floor":50,"turns":7}],"event_choices":[{"event_name":"Liars Game","player_choice":"disagreed","floor":3,"damage_taken":0},{"event_name":"Back to Basics","player_choice":"Simplicity","floor":19,"damage_taken":0},{"event_name":"Knowing Skull","player_choice":"CARD CARD ","floor":21,"damage_taken":0},{"event_name":"Forgotten Altar","player_choice":"Shed Blood","floor":27,"damage_taken":0},{"event_name":"Upgrade Shrine","player_choice":"Upgraded","floor":47,"damage_taken":0},{"event_name":"SensoryStone","player_choice":"Memory 1","floor":48,"damage_taken":0}],"boss_relics":[{"not_picked":["Runic Dome","Black Star"],"picked":"Snecko Eye"},{"not_picked":["Calling Bell","White Beast Statue"],"picked":"Orrery"}],"potions_floor_spawned":[2,8,11,14,16,22,29,37,39],"seed_played":"4333728538856170706","ascension_level":0,"is_trial":false}