{"gold_per_floor":[116,116,136,156,169,169,179,208,208,221,237,268,268,299,299,299],"floor_reached":16,"playtime":1290,"items_purged":[],"score":186,"play_id":"5ef6744d-7d2b-4a36-80de-f51ed77b3038","local_time":"20190130185821","is_ascension_mode":true,"campfire_choices":[{"data":"Neutralize","floor":6,"key":"SMITH"},{"floor":15,"key":"REST"}],"neow_cost":"NONE","seed_source_timestamp":77389171597342,"circlet_count":0,"master_deck":["Defend_G","Defend_G","Defend_G","Defend_G","Defend_G","Strike_G","Strike_G","Strike_G","Strike_G","Strike_G","Survivor","Neutralize+1","Sucker Punch","Quick Slash","Dodge and Roll","Dagger Spray","Leg Sweep","Dagger Throw","Dagger Spray","Dodge and Roll","Endless Agony","PiercingWail"],"relics":["Ring of the Snake","Ancient Tea Set","Regal Pillow","Oddly Smooth Stone","Bottled Lightning"],"potions_floor_usage":[0,8,8,8,12,14],"damage_taken":[{"damage":2,"enemies":"Small Slimes","floor":1,"turns":5},{"damage":0,"enemies":"Cultist","floor":3,"turns":3},{"damage":0,"enemies":"2 Louse","floor":4,"turns":3},{"damage":4,"enemies":"Blue Slaver","floor":5,"turns":5},{"damage":10,"enemies":"3 Louse","floor":7,"turns":5},{"damage":7,"enemies":"Gremlin Nob","floor":8,"turns":6},{"damage":7,"enemies":"Exordium Thugs","floor":10,"turns":5},{"damage":6,"enemies":"2 Fungi Beasts","floor":11,"turns":2},{"damage":0,"enemies":"3 Sentries","floor":12,"turns":2},{"damage":8,"enemies":"Gremlin Nob","floor":14,"turns":5},{"damage":79,"enemies":"Slime Boss","floor":16,"turns":10}],"seed_played":"1848194687696953084","potions_obtained":[{"floor":0,"key":"Fruit Juice"},{"floor":0,"key":"PowerPotion"},{"floor":0,"key":"GhostInAJar"},{"floor":3,"key":"Block Potion"},{"floor":8,"key":"Block Potion"},{"floor":11,"key":"SteroidPotion"},{"floor":12,"key":"GamblersBrew"}],"is_trial":false,"path_per_floor":["M","?","M","M","M","R","M","E","T","M","M","E","?","E","R","B"],"character_chosen":"THE_SILENT","items_purchased":[],"campfire_rested":1,"item_purchase_floors":[],"current_hp_per_floor":[73,73,73,73,69,69,59,52,52,45,39,39,64,56,75,0],"gold":299,"neow_bonus":"THREE_SMALL_POTIONS","is_prod":false,"is_daily":false,"chose_seed":false,"campfire_upgraded":1,"win_rate":0,"timestamp":1548871101,"path_taken":["M","?","M","?","M","R","M","E","T","M","M","E","?","E","R","BOSS"],"build_version":"2019-01-23","purchased_purges":0,"victory":false,"max_hp_per_floor":[75,75,75,75,75,75,75,75,75,75,75,75,75,75,75,75],"card_choices":[{"not_picked":["Slice","All Out Attack"],"picked":"Sucker Punch","floor":1},{"not_picked":["Outmaneuver","Sucker Punch"],"picked":"Quick Slash","floor":3},{"not_picked":["Bane","Choke"],"picked":"Dodge and Roll","floor":4},{"not_picked":["Quick Slash","Catalyst"],"picked":"Dagger Spray","floor":5},{"not_picked":["Masterful Stab","Burst"],"picked":"Leg Sweep","floor":7},{"not_picked":["Sucker Punch","Acrobatics"],"picked":"Dagger Throw","floor":8},{"not_picked":["Blade Dance","Accuracy"],"picked":"Dagger Spray","floor":10},{"not_picked":["Distraction","Deadly Poison"],"picked":"Dodge and Roll","floor":11},{"not_picked":["Flechettes","Eviscerate"],"picked":"Endless Agony","floor":12},{"not_picked":["Backflip","Well Laid Plans"],"picked":"PiercingWail","floor":14}],"player_experience":406405,"relics_obtained":[{"floor":8,"key":"Ancient Tea Set"},{"floor":9,"key":"Regal Pillow"},{"floor":12,"key":"Oddly Smooth Stone"},{"floor":14,"key":"Bottled Lightning"}],"event_choices":[{"damage_healed":0,"gold_gain":0,"player_choice":"Ignored","damage_taken":0,"max_hp_gain":0,"max_hp_loss":0,"event_name":"Purifier","floor":2,"gold_loss":0},{"damage_healed":25,"gold_gain":0,"player_choice":"Banana","damage_taken":0,"max_hp_gain":0,"max_hp_loss":0,"event_name":"Big Fish","floor":13,"gold_loss":0}],"is_beta":false,"boss_relics":[],"items_purged_floors":[],"is_endless":false,"potions_floor_spawned":[3,7,8,11,12],"killed_by":"Slime Boss","ascension_level":5}