{"path_per_floor":["M","M","?","M","M","R","E","R","T","M","M","?","M","M","R","B",null,"M","?","?"],"character_chosen":"IRONCLAD","items_purchased":[],"gold_per_floor":[115,133,133,146,162,162,190,190,190,204,218,218,236,250,250,352,352,362,462,385,385],"floor_reached":21,"campfire_rested":2,"playtime":1959,"current_hp_per_floor":[71,77,77,80,66,66,18,42,42,40,42,42,41,45,69,46,80,19,19,19,0],"items_purged":[],"gold":385,"score":183,"play_id":"46b0b40c-c30d-4f06-a291-34b81333a294","local_time":"20180501174018","is_prod":false,"is_daily":false,"chose_seed":false,"is_ascension_mode":false,"campfire_upgraded":1,"timestamp":1525189218,"path_taken":["M","M","?","M","?","R","E","R","T","M","M","?","M","M","R","BOSS","M","?","?","?"],"build_version":"2018-04-28v2","seed_source_timestamp":23473652173009,"purchased_purges":0,"victory":false,"master_deck":["Strike_R","Strike_R","Strike_R","Strike_R","Defend_R","Defend_R","Defend_R","Defend_R","Bash","Armaments+1","Rage","Normality","Shrug It Off","Warcry","Blood for Blood","Combust","True Grit","Armaments","Anger","Impervious","Perfected Strike+1","J.A.X."],"max_hp_per_floor":[80,80,80,80,80,80,80,80,80,80,80,80,80,80,80,80,80,80,80,80,80],"relics":["Black Blood","Anchor","Bottled Flame","Orichalcum"],"card_choices":[{"not_picked":["Body Slam","Burning Pact"],"picked":"Armaments","floor":1},{"not_picked":["True Grit","Bloodletting"],"picked":"Rage","floor":2},{"not_picked":["Anger","Rupture"],"picked":"Shrug It Off","floor":4},{"not_picked":["Anger","Infernal Blade"],"picked":"Warcry","floor":5},{"not_picked":["Dark Embrace","Hemokinesis"],"picked":"Blood for Blood","floor":7},{"not_picked":["Clothesline","Clash"],"picked":"Combust","floor":10},{"not_picked":["Fire Breathing","Clash"],"picked":"True Grit","floor":11},{"not_picked":["Heavy Blade","Disarm"],"picked":"Armaments","floor":13},{"not_picked":["Inflame","Carnage"],"picked":"Anger","floor":14},{"not_picked":["Bludgeon","Juggernaut"],"picked":"Impervious","floor":16},{"not_picked":["Rupture","Carnage"],"picked":"Perfected Strike","floor":18}],"player_experience":24744,"potions_floor_usage":[],"damage_taken":[{"damage":15,"enemies":"Small Slimes","floor":1,"turns":4},{"damage":0,"enemies":"Cultist","floor":2,"turns":3},{"damage":0,"enemies":"2 Louse","floor":4,"turns":3},{"damage":20,"enemies":"Gremlin Gang","floor":5,"turns":11},{"damage":54,"enemies":"3 Sentries","floor":7,"turns":17},{"damage":8,"enemies":"Large Slime","floor":10,"turns":9},{"damage":4,"enemies":"Blue Slaver","floor":11,"turns":6},{"damage":7,"enemies":"Gremlin Gang","floor":13,"turns":5},{"damage":2,"enemies":"2 Fungi Beasts","floor":14,"turns":6},{"damage":29,"enemies":"Slime Boss","floor":16,"turns":7},{"damage":71,"enemies":"Chosen","floor":18,"turns":10},{"damage":20,"enemies":"3 Byrds","floor":21,"turns":3}],"event_choices":[{"event_name":"Accursed Blacksmith","player_choice":"Rummage","floor":3,"damage_taken":0},{"event_name":"Liars Game","player_choice":"disagreed","floor":12,"damage_taken":0},{"event_name":"Golden Shrine","player_choice":"Pray","floor":19,"damage_taken":0},{"event_name":"Drug Dealer","player_choice":"Got JAXXED","floor":20,"damage_taken":0}],"boss_relics":[{"not_picked":["Black Star","Runic Pyramid"],"picked":"Black Blood"}],"potions_floor_spawned":[2,5,10,13,14,16],"seed_played":"-1378802267234546342","killed_by":"3 Byrds","ascension_level":0,"is_trial":false}