{"gold_per_floor":[115,130,130,146,163,163,189,189,215,229,247,264,214,214,214,287,287,268,115,133,133,183,183,196,196],"floor_reached":25,"playtime":1160,"items_purged":["Strike_R"],"score":349,"play_id":"92faccf5-bd34-4beb-82da-dec30f6ca3dd","local_time":"20180917004024","is_ascension_mode":true,"campfire_choices":[{"data":"Iron Wave","floor":6.0,"key":"SMITH"},{"data":"Entrench","floor":8.0,"key":"SMITH"},{"data":"Bash","floor":15.0,"key":"SMITH"},{"data":"Barricade","floor":23,"key":"SMITH"}],"neow_cost":"NONE","seed_source_timestamp":0,"circlet_count":0,"master_deck":["Strike_R","Defend_R","Defend_R+1","Defend_R","Bash+1","AscendersBane","Iron Wave+1","Spot Weakness+1","Entrench+1","Ghostly Armor","Burning Pact","Feed","Flame Barrier","Barricade+1","Battle Trance","Metallicize","Feel No Pain","Entrench+1"],"special_seed":0,"relics":["Burning Blood","War Paint","Vajra","Strawberry","Empty Cage"],"potions_floor_usage":[25,25],"damage_taken":[{"damage":13.0,"enemies":"Jaw Worm","floor":1.0,"turns":4.0},{"damage":6.0,"enemies":"Cultist","floor":2.0,"turns":5.0},{"damage":4.0,"enemies":"Small Slimes","floor":4.0,"turns":4.0},{"damage":8.0,"enemies":"Exordium Thugs","floor":5.0,"turns":5.0},{"damage":22.0,"enemies":"3 Sentries","floor":7.0,"turns":8.0},{"damage":0.0,"enemies":"3 Louse","floor":10.0,"turns":5.0},{"damage":8.0,"enemies":"Large Slime","floor":11.0,"turns":9.0},{"damage":0.0,"enemies":"2 Fungi Beasts","floor":12.0,"turns":4.0},{"damage":45.0,"enemies":"Slime Boss","floor":16.0,"turns":11.0},{"damage":20.0,"enemies":"2 Thieves","floor":18.0,"turns":4.0},{"damage":20.0,"enemies":"3 Byrds","floor":20.0,"turns":8.0},{"damage":2,"enemies":"Centurion and Healer","floor":24,"turns":15},{"damage":77,"enemies":"Book of Stabbing","floor":25,"turns":9}],"seed_played":"-8517505864622385707","potions_obtained":[{"floor":2.0,"key":"Block Potion"},{"floor":4.0,"key":"Energy Potion"},{"floor":12.0,"key":"Strength Potion"},{"floor":16.0,"key":"Regen Potion"},{"floor":18.0,"key":"Swift Potion"},{"floor":20.0,"key":"PowerPotion"}],"is_trial":false,"path_per_floor":["M","M","?","M","M","R","E","R","T","M","M","M","?","?","R","B",null,"M","$","M","?","?","R","M"],"character_chosen":"IRONCLAD","items_purchased":["Metallicize"],"campfire_rested":0,"item_purchase_floors":[19],"current_hp_per_floor":[61,61,61,63,61,61,45,45,52,58,56,65,65,65,65,26,70,56,56,42,42,42,42,49,0],"gold":196,"neow_bonus":"REMOVE_CARD","is_prod":false,"is_daily":false,"chose_seed":false,"campfire_upgraded":4,"win_rate":0,"timestamp":1537170024,"path_taken":["M","M","?","M","?","R","E","R","T","M","M","M","?","?","R","BOSS","M","$","M","?","?","R","M","E"],"build_version":"2018-09-12","purchased_purges":1,"victory":false,"max_hp_per_floor":[75,75,75,75,75,75,75,75,82,82,82,85,85,85,85,85,85,85,85,85,85,85,85,88,88],"card_choices":[{"not_picked":["Flex","Warcry"],"picked":"Iron Wave","floor":1.0},{"not_picked":["Dropkick","Shrug It Off"],"picked":"Spot Weakness","floor":2.0},{"not_picked":["Body Slam","Havoc"],"picked":"Entrench","floor":4.0},{"not_picked":["Perfected Strike","Combust","Rage"],"picked":"SKIP","floor":5.0},{"not_picked":["Twin Strike","Iron Wave"],"picked":"Ghostly Armor","floor":7.0},{"not_picked":["Cleave","Iron Wave"],"picked":"Burning Pact","floor":10.0},{"not_picked":["True Grit","Clothesline"],"picked":"Feed","floor":11.0},{"not_picked":["Intimidate","Clash"],"picked":"Flame Barrier","floor":12.0},{"not_picked":["Dark Embrace","Fiend Fire"],"picked":"Barricade","floor":16.0},{"not_picked":["Dropkick","Anger"],"picked":"Battle Trance","floor":18.0},{"not_picked":["Clash","Armaments"],"picked":"Feel No Pain","floor":20.0},{"not_picked":["Clothesline","Cleave","Headbutt"],"picked":"SKIP","floor":24}],"player_experience":791599,"relics_obtained":[{"floor":7.0,"key":"Vajra"},{"floor":9.0,"key":"Strawberry"}],"event_choices":[{"event_name":"WeMeetAgain","player_choice":"Potion","floor":3.0,"damage_taken":0.0},{"event_name":"The Cleric","player_choice":"Card Removal","floor":13.0,"damage_taken":0.0},{"event_name":"Liars Game","player_choice":"disagreed","floor":14.0,"damage_taken":0.0},{"event_name":"Duplicator","player_choice":"One dupe","floor":21,"damage_taken":0},{"event_name":"The Joust","player_choice":"Bet on Murderer","floor":22,"damage_taken":0}],"is_beta":true,"boss_relics":[{"not_picked":["Black Star","Calling Bell"],"picked":"Empty Cage"}],"items_purged_floors":[19],"is_endless":false,"potions_floor_spawned":[2,4,12,16,18,20],"killed_by":"Book of Stabbing","ascension_level":14}