{"path_per_floor":["M","$","M","M","?","R","M","M","T","R","M","R","E","?","R","B",null,"M","M","$","M","M","R","$","?","T","R","$","?","M","M","R","B",null,"M","M","M","M","$","R","E","R","T","M","?","$","R","E","R"],"character_chosen":"THE_SILENT","items_purchased":["Well Laid Plans","Kunai","Footwork","Flash of Steel","AttackPotion","Flash of Steel"],"gold_per_floor":[216,106,121,134,134,134,152,168,168,168,179,179,210,210,210,309,309,325,340,82,102,121,121,21,21,46,46,11,11,31,51,51,155,155,174,191,203,213,75,75,110,110,136,155,155,60,60,89,89,89],"floor_reached":50,"campfire_rested":5,"playtime":13292,"current_hp_per_floor":[59,59,56,52,52,52,35,8,8,29,24,45,39,39,60,22,58,50,43,43,38,25,33,33,20,20,28,28,28,40,40,50,42,67,56,61,58,48,48,60,21,57,57,56,56,56,70,47,80,0],"items_purged":["Strike_G","Strike_G"],"gold":89,"score":680,"play_id":"ea344fbd-db3b-46eb-bc09-02ca5f4f3a32","local_time":"20180522114417","is_prod":false,"is_daily":false,"chose_seed":false,"is_ascension_mode":true,"campfire_upgraded":6,"timestamp":1527014657,"campfire_choices":[{"data":"Neutralize","floor":6,"key":"SMITH"},{"floor":10,"key":"REST"},{"floor":12,"key":"REST"},{"floor":15,"key":"REST"},{"data":"Cloak And Dagger","floor":23,"key":"SMITH"},{"data":"Glass Knife","floor":27,"key":"SMITH"},{"data":"Accuracy","floor":32,"key":"SMITH"},{"data":"Burst","floor":40,"key":"SMITH"},{"floor":42,"key":"REST"},{"data":"Dodge and Roll","floor":47,"key":"SMITH"},{"floor":49,"key":"REST"}],"path_taken":["M","$","M","M","?","R","?","M","T","R","M","R","E","?","R","BOSS","M","M","$","M","M","R","?","?","T","R","$","?","M","M","R","BOSS","M","M","M","M","$","R","E","R","T","M","?","$","R","E","R","BOSS"],"build_version":"2018-05-17","seed_source_timestamp":67235579303490,"purchased_purges":3,"victory":false,"master_deck":["Defend_G+1","Defend_G+1","Defend_G+1","Defend_G+1","Defend_G+1","Strike_G+1","Strike_G+1","Strike_G+1","Survivor","Neutralize+1","Dodge and Roll+1","Well Laid Plans","Infinite Blades","Escape Plan","Dagger Throw","Deflect","Footwork+1","Glass Knife+1","Backstab","Acrobatics","Cloak And Dagger+1","All Out Attack+1","Footwork","Flying Knee+1","Accuracy+1","Burst+1","Cloak And Dagger+1","Blade Dance+1","Flying Knee+1","Flechettes+1","Slice+1","Flash of Steel","Blur+1","PiercingWail+1","Flash of Steel"],"max_hp_per_floor":[70,70,70,70,70,70,70,70,70,70,70,70,70,70,70,70,70,70,70,70,70,70,70,70,75,75,75,75,75,75,75,75,75,75,75,80,80,80,80,80,80,80,80,80,80,80,80,80,80,80],"relics":["Ring of the Snake","Matryoshka","Art of War","Bottled Tornado","Meat on the Bone","Eternal Feather","Kunai","Bag of Preparation","Oddly Smooth Stone","Orrery","Anchor","Pen Nib","Tough Bandages"],"card_choices":[{"not_picked":["Prepared","Backflip"],"picked":"Dodge and Roll","floor":1},{"not_picked":["Flying Knee","Leg Sweep"],"picked":"Infinite Blades","floor":3},{"not_picked":["Choke","PiercingWail"],"picked":"Escape Plan","floor":4},{"not_picked":["Sucker Punch","Flechettes"],"picked":"Dagger Throw","floor":7},{"not_picked":["Deadly Poison","Outmaneuver"],"picked":"Deflect","floor":8},{"not_picked":["Endless Agony","Dagger Throw"],"picked":"Footwork","floor":11},{"not_picked":["Endless Agony","Flying Knee","Bane"],"picked":"SKIP","floor":13},{"not_picked":["Tools of the Trade","Burst"],"picked":"Glass Knife","floor":16},{"not_picked":["Flying Knee","Prepared"],"picked":"Backstab","floor":18},{"not_picked":["Catalyst+1","Deadly Poison"],"picked":"Acrobatics","floor":19},{"not_picked":["Backflip","PiercingWail"],"picked":"Cloak And Dagger","floor":21},{"not_picked":["Slice","Bane+1"],"picked":"All Out Attack+1","floor":22},{"not_picked":["Corpse Explosion","Dagger Throw+1"],"picked":"Flying Knee+1","floor":30},{"not_picked":["Backflip","Dodge and Roll+1"],"picked":"Accuracy","floor":31},{"not_picked":["Venomology","Wraith Form v2"],"picked":"Burst","floor":33},{"not_picked":["Dodge and Roll","Deadly Poison"],"picked":"Cloak And Dagger+1","floor":34},{"not_picked":["Underhanded Strike","Tactician"],"picked":"Blade Dance+1","floor":34},{"not_picked":["Quick Slash","Underhanded Strike"],"picked":"Flying Knee+1","floor":34},{"not_picked":["Sucker Punch+1","Underhanded Strike","Masterful Stab"],"picked":"SKIP","floor":35},{"not_picked":["Prepared+1","Quick Slash"],"picked":"Flechettes+1","floor":36},{"not_picked":["Prepared+1","Sucker Punch+1"],"picked":"Slice+1","floor":37},{"not_picked":["Slice+1","Footwork","Bane"],"picked":"SKIP","floor":38},{"not_picked":["Backstab","Riddle With Holes+1"],"picked":"Blur+1","floor":41},{"not_picked":["Acrobatics+1","Sucker Punch"],"picked":"PiercingWail+1","floor":44},{"not_picked":["Blade Dance+1","Cloak And Dagger","Distraction+1"],"picked":"SKIP","floor":48}],"player_experience":652380,"potions_floor_usage":[13,13,13,33,36,37,38,41,48,50],"damage_taken":[{"damage":4,"enemies":"Small Slimes","floor":1,"turns":3},{"damage":3,"enemies":"Cultist","floor":3,"turns":5},{"damage":4,"enemies":"2 Louse","floor":4,"turns":5},{"damage":17,"enemies":"Lots of Slimes","floor":7,"turns":7},{"damage":27,"enemies":"Exordium Thugs","floor":8,"turns":8},{"damage":5,"enemies":"Red Slaver","floor":11,"turns":5},{"damage":6,"enemies":"Gremlin Nob","floor":13,"turns":4},{"damage":50,"enemies":"Hexaghost","floor":16,"turns":19},{"damage":8,"enemies":"Shell Parasite","floor":18,"turns":9},{"damage":19,"enemies":"Chosen","floor":19,"turns":7},{"damage":17,"enemies":"3 Cultists","floor":21,"turns":9},{"damage":25,"enemies":"Snake Plant","floor":22,"turns":9},{"damage":0,"enemies":"Cultist and Chosen","floor":30,"turns":8},{"damage":12,"enemies":"Centurion and Healer","floor":31,"turns":8},{"damage":8,"enemies":"Automaton","floor":33,"turns":13},{"damage":11,"enemies":"3 Darklings","floor":35,"turns":6},{"damage":0,"enemies":"3 Shapes","floor":36,"turns":7},{"damage":3,"enemies":"3 Darklings","floor":37,"turns":8},{"damage":10,"enemies":"Maw","floor":38,"turns":8},{"damage":51,"enemies":"Giant Head","floor":41,"turns":12},{"damage":1,"enemies":"4 Shapes","floor":44,"turns":8},{"damage":23,"enemies":"2 Orb Walkers","floor":48,"turns":7},{"damage":81,"enemies":"Time Eater","floor":50,"turns":17}],"relics_obtained":[{"floor":9,"key":"Art of War"},{"floor":9,"key":"Bottled Tornado"},{"floor":13,"key":"Meat on the Bone"},{"floor":26,"key":"Bag of Preparation"},{"floor":26,"key":"Oddly Smooth Stone"},{"floor":41,"key":"Anchor"},{"floor":43,"key":"Pen Nib"},{"floor":48,"key":"Tough Bandages"}],"event_choices":[{"event_name":"Wheel of Change","player_choice":"Relic","floor":5,"damage_taken":0},{"event_name":"Accursed Blacksmith","player_choice":"Forge","floor":14,"damage_taken":0},{"event_name":"Forgotten Altar","player_choice":"Shed Blood","floor":25,"damage_taken":0},{"event_name":"Back to Basics","player_choice":"Simplicity","floor":29,"damage_taken":0},{"event_name":"Mysterious Sphere","player_choice":"Ignore","floor":45,"damage_taken":0}],"boss_relics":[{"not_picked":["Philosopher\u0027s Stone","Calling Bell"],"picked":"Eternal Feather"},{"not_picked":["Tiny House","Velvet Choker"],"picked":"Orrery"}],"potions_floor_spawned":[3,4,7,11,19,21,30,35,41,48],"seed_played":"-723714039296045312","killed_by":"Time Eater","ascension_level":6,"potions_obtained":[{"floor":3,"key":"Weak Potion"},{"floor":4,"key":"Block Potion"},{"floor":7,"key":"Strength Potion"},{"floor":19,"key":"Fire Potion"},{"floor":21,"key":"Dexterity Potion"},{"floor":30,"key":"PowerPotion"},{"floor":35,"key":"Fruit Juice"},{"floor":41,"key":"SkillPotion"},{"floor":48,"key":"SpeedPotion"}],"is_trial":false}