{"gold_per_floor":[115,40,5,5,5,38,50,73,85,97,124,146,185,211,223,338,400,402,3,23,23],"floor_reached":21,"playtime":1622,"items_purged":["Decay"],"score":236,"play_id":"c3c2b8de-f6ab-4197-ba4e-271e09c6359e","local_time":"20190207143018","is_ascension_mode":true,"campfire_choices":[{"floor":7,"key":"REST"},{"floor":15,"key":"REST"}],"neow_cost":"CURSE","seed_source_timestamp":273105264208949,"circlet_count":0,"master_deck":["Defend_G","Defend_G","Defend_G","Defend_G","Defend_G+1","Strike_G","Strike_G","Strike_G","Strike_G","Survivor+1","Neutralize+1","Venomology","Underhanded Strike","Grand Finale","Footwork+1","Predator","Poisoned Stab","Envenom","Backflip","Bullet Time","Endless Agony","Cloak And Dagger","Crippling Poison"],"relics":["Ring of the Snake","MawBank","Orichalcum","Dream Catcher","Tiny House","Question Card","War Paint"],"potions_floor_usage":[6,6,6,12,12,13,13,13,16,16,18,18,20],"damage_taken":[{"damage":20,"enemies":"Cultist","floor":1,"turns":7},{"damage":33,"enemies":"3 Sentries","floor":6,"turns":11},{"damage":10,"enemies":"Small Slimes","floor":8,"turns":8},{"damage":0,"enemies":"Jaw Worm","floor":11,"turns":5},{"damage":12,"enemies":"Lots of Slimes","floor":12,"turns":5},{"damage":21,"enemies":"Lagavulin","floor":13,"turns":7},{"damage":0,"enemies":"Large Slime","floor":14,"turns":6},{"damage":31,"enemies":"The Guardian","floor":16,"turns":15},{"damage":10,"enemies":"2 Thieves","floor":18,"turns":5},{"damage":29,"enemies":"3 Byrds","floor":20,"turns":7},{"damage":64,"enemies":"3 Cultists","floor":21,"turns":6}],"seed_played":"2348847744631866147","potions_obtained":[{"floor":1,"key":"Explosive Potion"},{"floor":11,"key":"Swift Potion"},{"floor":12,"key":"AttackPotion"},{"floor":14,"key":"SpeedPotion"},{"floor":17,"key":"Regen Potion"}],"is_trial":false,"path_per_floor":["M","$","?","$","?","E","R","M","T","?","M","M","E","M","R","B",null,"M","$","M","M"],"character_chosen":"THE_SILENT","items_purchased":["Question Card","War Paint"],"campfire_rested":2,"item_purchase_floors":[19,19],"current_hp_per_floor":[50,50,67,67,67,34,55,45,45,45,45,33,12,12,33,2,58,57,57,28,0],"gold":23,"neow_bonus":"THREE_RARE_CARDS","is_prod":false,"is_daily":false,"chose_seed":false,"campfire_upgraded":0,"win_rate":0,"timestamp":1549528218,"path_taken":["M","$","?","$","?","E","R","M","T","?","?","M","E","M","R","BOSS","M","$","M","M"],"build_version":"2019-01-23","purchased_purges":1,"victory":false,"max_hp_per_floor":[70,70,70,70,70,70,70,70,70,70,70,70,70,70,70,70,75,75,75,75,75],"card_choices":[{"not_picked":["Night Terror","Grand Finale"],"picked":"Venomology","floor":0},{"not_picked":["Expertise","Crippling Poison"],"picked":"Underhanded Strike","floor":1},{"not_picked":["Deadly Poison","Dagger Spray"],"picked":"Footwork","floor":6},{"not_picked":["Poisoned Stab","Tactician"],"picked":"Predator","floor":8},{"not_picked":["Cloak And Dagger","Bane","Masterful Stab"],"picked":"SKIP","floor":11},{"not_picked":["Bouncing Flask","Choke"],"picked":"Poisoned Stab","floor":12},{"not_picked":["Blade Dance","Poisoned Stab","Eviscerate"],"picked":"SKIP","floor":13},{"not_picked":["Quick Slash","Slice"],"picked":"Envenom","floor":14},{"not_picked":["Caltrops","Cloak And Dagger"],"picked":"Backflip","floor":15},{"not_picked":["Envenom","Malaise"],"picked":"Bullet Time","floor":16},{"not_picked":["Outmaneuver","Dagger Spray"],"picked":"Endless Agony","floor":17},{"not_picked":["Riddle With Holes","All Out Attack+1"],"picked":"Cloak And Dagger","floor":18},{"not_picked":["PiercingWail+1","Outmaneuver","Flying Knee"],"picked":"Crippling Poison","floor":20}],"player_experience":743827,"relics_obtained":[{"floor":6,"key":"MawBank"},{"floor":9,"key":"Orichalcum"},{"floor":13,"key":"Dream Catcher"}],"event_choices":[{"damage_healed":17,"gold_gain":0,"player_choice":"Healed","damage_taken":0,"max_hp_gain":0,"max_hp_loss":0,"event_name":"The Cleric","floor":3,"gold_loss":35},{"damage_healed":0,"gold_gain":0,"cards_transformed":["Strike_G"],"player_choice":"Change","damage_taken":0,"max_hp_gain":0,"max_hp_loss":0,"event_name":"Living Wall","floor":5,"gold_loss":0,"cards_obtained":["Grand Finale"]},{"damage_healed":0,"gold_gain":0,"player_choice":"Upgraded","damage_taken":0,"max_hp_gain":0,"max_hp_loss":0,"event_name":"Upgrade Shrine","floor":10,"gold_loss":0,"cards_upgraded":["Neutralize"]}],"is_beta":false,"boss_relics":[{"not_picked":["Runic Dome","Ectoplasm"],"picked":"Tiny House"}],"items_purged_floors":[2],"is_endless":false,"potions_floor_spawned":[1,11,12,14],"killed_by":"3 Cultists","ascension_level":5}