{"path_per_floor":["M","M","$","?","M","R","T","M","T","R","M","?","?","M","R","B",null,"M","M","M","$","?","R","M","$","T"],"character_chosen":"IRONCLAD","items_purchased":["Apotheosis","Good Instincts"],"gold_per_floor":[117,136,61,61,85,85,85,105,105,105,128,203,203,218,218,346,346,366,382,402,94,94,94,117,23,48],"floor_reached":27,"campfire_rested":1,"playtime":1341,"current_hp_per_floor":[67,65,65,45,51,51,51,49,49,49,44,33,8,13,37,13,80,63,67,44,44,28,28,19,19,19],"items_purged":["Strike_R","Strike_R"],"gold":48,"play_id":"23f5ee2e-e41a-4615-b724-eb8e8c2fd513","is_prod":false,"is_daily":false,"campfire_rituals":0,"campfire_upgraded":3,"is_hardmode":false,"path_taken":["M","?","$","?","M","R","?","M","T","R","M","?","?","M","R","BOSS","M","M","M","$","?","R","M","?","T","M"],"build_version":"2018-01-18-PROD4","purchased_purges":3,"victory":false,"master_deck":["Strike_R","Strike_R","Defend_R","Defend_R","Defend_R","Defend_R","Bash","Metallicize","Anger","Battle Trance","Metallicize","Inflame","Barricade","Seeing Red","True Grit","Apotheosis","Good Instincts"],"max_hp_per_floor":[80,80,80,80,80,80,80,80,80,80,80,80,80,80,80,80,80,80,82,82,82,82,82,84,84,84],"relics":["Burning Blood","Golden Idol","Singing Bowl","Bronze Scales","Pen Nib","Sozu","Nilry\u0027s Codex","Molten Egg"],"campfire_meditates":0,"card_choices":[{"not_picked":["Flex","Heavy Blade"],"picked":"Metallicize"},{"not_picked":["Warcry","Iron Wave"],"picked":"Anger"},{"not_picked":["Pommel Strike","Heavy Blade"],"picked":"Battle Trance"},{"not_picked":["Havoc","Rupture"],"picked":"Metallicize"},{"not_picked":["Shrug It Off","Clash"],"picked":"Inflame"},{"not_picked":["Berserk","Brutality"],"picked":"Barricade"},{"not_picked":["Anger","Dropkick"],"picked":"Seeing Red"},{"not_picked":["Heavy Blade","Reckless Charge"],"picked":"True Grit"}],"player_experience":178148,"potions_floor_usage":[11,14,14],"damage_taken":[{"damage":19,"enemies":"Blue Slaver","floor":1,"turns":3},{"damage":8,"enemies":"Jaw Worm","floor":2,"turns":5},{"damage":0,"enemies":"2 Louse","floor":5,"turns":3},{"damage":8,"enemies":"Gremlin Gang","floor":8,"turns":6},{"damage":20,"enemies":"Exordium Thugs","floor":11,"turns":7},{"damage":1,"enemies":"3 Louse","floor":14,"turns":2},{"damage":30,"enemies":"The Guardian","floor":16,"turns":12},{"damage":23,"enemies":"3 Byrds","floor":18,"turns":5},{"damage":4,"enemies":"Spheric Guardian","floor":19,"turns":4},{"damage":29,"enemies":"Snake Plant","floor":20,"turns":4},{"damage":17,"enemies":"3 Cultists","floor":24,"turns":6},{"damage":19,"enemies":"Slaver and Parasite","floor":27,"turns":1}],"event_choices":[{"event_name":"Golden Idol","player_choice":"Take Damage","floor":4,"damage_taken":0},{"event_name":"World of Goop","player_choice":"Gather Gold","floor":12,"damage_taken":0},{"event_name":"Scrap Ooze","player_choice":"success","floor":13,"damage_taken":25},{"event_name":"Cursed Tome","player_choice":"Obtained Book","floor":22,"damage_taken":0}],"boss_relics":[{"not_picked":["Orrery","Runic Dome"],"picked":"Sozu"}],"potions_floor_spawned":[5,8,11,16,18,19,24],"seed_played":"-8268722278838537143","killed_by":"Slaver and Parasite","is_trial":false}