{"gold_per_floor":[117,117,129,40,51,51,66,66,139,139,171,171,5,5,5,98,98,123,123,136,136],"floor_reached":21,"playtime":1600,"items_purged":["Strike_R"],"score":292,"play_id":"6c72dde2-8d1e-42f7-bda7-b3fef50937ac","local_time":"20181019135203","is_ascension_mode":true,"campfire_choices":[{"data":"True Grit","floor":6.0,"key":"SMITH"},{"floor":8.0,"key":"REST"},{"data":"Demon Form","floor":10.0,"key":"SMITH"},{"data":"Forethought","floor":15.0,"key":"SMITH"}],"neow_cost":"NONE","seed_source_timestamp":848416549836893,"circlet_count":0,"master_deck":["Strike_R+1","Defend_R","Defend_R+1","Defend_R","Defend_R","Bash","AscendersBane","Demon Form+1","True Grit+1","Ghostly Armor","Sentinel","Armaments+1","Shrug It Off","Twin Strike","Dropkick","Forethought+1","Offering","Impervious+1","Second Wind+1","Intimidate+1","Clothesline"],"special_seed":0,"relics":["Burning Blood","Question Card","Boot","Golden Idol","Astrolabe"],"potions_floor_usage":[16,16,21],"damage_taken":[{"damage":14.0,"enemies":"Jaw Worm","floor":1.0,"turns":5.0},{"damage":7.0,"enemies":"2 Louse","floor":3.0,"turns":3.0},{"damage":7.0,"enemies":"Small Slimes","floor":5.0,"turns":5.0},{"damage":0.0,"enemies":"Blue Slaver","floor":7.0,"turns":7.0},{"damage":39.0,"enemies":"Lagavulin","floor":11.0,"turns":9.0},{"damage":35,"enemies":"Slime Boss","floor":16,"turns":13},{"damage":15,"enemies":"Chosen","floor":18,"turns":6},{"damage":35,"enemies":"3 Byrds","floor":20,"turns":9},{"damage":44,"enemies":"3 Cultists","floor":21,"turns":6}],"seed_played":"2828691364495732595","potions_obtained":[{"floor":5.0,"key":"Dexterity Potion"},{"floor":7.0,"key":"Fruit Juice"},{"floor":11.0,"key":"Dexterity Potion"},{"floor":20,"key":"Fruit Juice"}],"is_trial":false,"path_per_floor":["M","?","M","$","M","R","M","R","T","R","E","?","$","?","R","B",null,"M","?","M"],"character_chosen":"IRONCLAD","items_purchased":["Sentinel","Armaments","Forethought"],"campfire_rested":1,"item_purchase_floors":[4,4,13],"current_hp_per_floor":[64,48,47,47,46,46,52,76,76,76,48,48,48,48,48,19,64,55,55,26,0],"gold":136,"neow_bonus":"ONE_RANDOM_RARE_CARD","is_prod":false,"is_daily":false,"chose_seed":false,"campfire_upgraded":3,"win_rate":0,"timestamp":1539982323,"path_taken":["M","?","M","$","M","R","M","R","T","R","E","?","?","?","R","BOSS","M","?","?","?"],"build_version":"2018-10-18","purchased_purges":1,"victory":false,"max_hp_per_floor":[80,80,80,80,80,80,80,80,80,80,85,85,85,79,79,79,79,79,79,79,84],"card_choices":[{"not_picked":["Twin Strike","Anger"],"picked":"True Grit","floor":1.0},{"not_picked":["Body Slam","Clash"],"picked":"Ghostly Armor","floor":3.0},{"not_picked":["Anger","Feel No Pain"],"picked":"Shrug It Off","floor":5.0},{"not_picked":["Ghostly Armor","Clash"],"picked":"Twin Strike","floor":7.0},{"not_picked":["Clash","Perfected Strike","Warcry"],"picked":"Dropkick","floor":11.0},{"not_picked":["Impervious","Bludgeon","Barricade"],"picked":"Offering","floor":16},{"not_picked":["Flex","Heavy Blade","Reckless Charge","Twin Strike"],"picked":"SKIP","floor":18},{"not_picked":["Headbutt","Sword Boomerang","Anger"],"picked":"Clothesline","floor":20}],"player_experience":1176120,"relics_obtained":[{"floor":9.0,"key":"Question Card"},{"floor":11.0,"key":"Boot"}],"event_choices":[{"damage_healed":0.0,"max_hp_gain":0.0,"max_hp_loss":0.0,"gold_gain":0.0,"event_name":"Shining Light","player_choice":"Entered Light","floor":2.0,"gold_loss":0.0,"damage_taken":16.0,"cards_upgraded":["Defend_R","Strike_R"]},{"damage_healed":0.0,"max_hp_gain":0.0,"max_hp_loss":0.0,"gold_gain":0.0,"event_name":"Liars Game","player_choice":"Ignored","floor":12.0,"gold_loss":0.0,"damage_taken":0.0},{"damage_healed":0.0,"max_hp_gain":0.0,"max_hp_loss":6.0,"gold_gain":0.0,"event_name":"Golden Idol","player_choice":"Lose Max HP","floor":14.0,"gold_loss":0.0,"damage_taken":0.0,"relics_obtained":["Golden Idol"]},{"damage_healed":0,"gold_gain":0,"player_choice":"Forge","damage_taken":0,"max_hp_gain":0,"max_hp_loss":0,"event_name":"Accursed Blacksmith","floor":19,"gold_loss":0,"cards_upgraded":["Armaments"]}],"is_beta":false,"boss_relics":[{"not_picked":["Philosopher\u0027s Stone","Black Star"],"picked":"Astrolabe"}],"items_purged_floors":[13],"is_endless":false,"potions_floor_spawned":[5,7,11,20],"killed_by":"3 Cultists","ascension_level":13}