{"gold_per_floor":[116,127,80,92,110,110,126,137,185,197,212,212,212,227,227,322,322,322],"floor_reached":18,"playtime":1764,"items_purged":[],"score":158,"play_id":"7b5c93e9-16c2-42fd-87ed-5f8d91d893a9","local_time":"20180916191005","is_ascension_mode":false,"campfire_choices":[{"floor":6,"key":"REST"},{"floor":12,"key":"REST"},{"data":"Armaments","floor":15,"key":"SMITH"}],"neow_cost":"NONE","seed_source_timestamp":258988169642362,"circlet_count":0,"master_deck":["Strike_R","Strike_R","Strike_R","Strike_R","Strike_R","Defend_R","Defend_R","Defend_R","Defend_R","Bash","Juggernaut","Shrug It Off","Iron Wave+1","Shrug It Off","Thunderclap+1","Warcry","Sever Soul","Body Slam","Armaments+1","Headbutt","Rage","Dark Embrace"],"relics":["Black Blood","Whetstone"],"potions_floor_usage":[5,11,16,16],"damage_taken":[{"damage":1,"enemies":"Cultist","floor":1,"turns":4},{"damage":2,"enemies":"Small Slimes","floor":2,"turns":4},{"damage":5,"enemies":"Jaw Worm","floor":4,"turns":3},{"damage":26,"enemies":"Exordium Thugs","floor":5,"turns":7},{"damage":24,"enemies":"Gremlin Gang","floor":7,"turns":5},{"damage":13,"enemies":"3 Louse","floor":8,"turns":3},{"damage":9,"enemies":"Exordium Wildlife","floor":10,"turns":3},{"damage":2,"enemies":"Exordium Thugs","floor":11,"turns":6},{"damage":3,"enemies":"Looter","floor":14,"turns":3},{"damage":71,"enemies":"Hexaghost","floor":16,"turns":12},{"damage":10,"enemies":"Spheric Guardian","floor":18,"turns":3}],"seed_played":"4409724691132620531","potions_obtained":[{"floor":2,"key":"Energy Potion"},{"floor":4,"key":"FearPotion"},{"floor":5,"key":"SmokeBomb"},{"floor":7,"key":"LiquidBronze"},{"floor":10,"key":"Fire Potion"},{"floor":14,"key":"Strength Potion"}],"is_trial":false,"path_per_floor":["M","M","$","M","M","R","M","M","T","M","M","R","?","M","R","B",null],"character_chosen":"IRONCLAD","items_purchased":["Shrug It Off"],"campfire_rested":2,"item_purchase_floors":[3],"current_hp_per_floor":[80,80,80,80,60,80,62,55,55,52,56,80,80,80,80,15,80,70],"gold":322,"neow_bonus":"ONE_RANDOM_RARE_CARD","is_prod":false,"is_daily":false,"chose_seed":false,"campfire_upgraded":1,"win_rate":0.0,"timestamp":1537143005,"path_taken":["M","M","$","?","M","R","M","?","T","M","M","R","?","?","R","BOSS","M"],"build_version":"2018-09-06","purchased_purges":0,"victory":false,"max_hp_per_floor":[80,80,80,80,80,80,80,80,80,80,80,80,80,80,80,80,80,80],"card_choices":[{"not_picked":["Feel No Pain","Flex"],"picked":"Shrug It Off","floor":1},{"not_picked":["Armaments","Perfected Strike"],"picked":"Iron Wave","floor":2},{"not_picked":["Clothesline","Rupture"],"picked":"Thunderclap","floor":4},{"not_picked":["Flex","Fiend Fire"],"picked":"Warcry","floor":5},{"not_picked":["Flex","Whirlwind"],"picked":"Sever Soul","floor":7},{"not_picked":["Infernal Blade","Thunderclap"],"picked":"Body Slam","floor":8},{"not_picked":["Cleave","Pummel"],"picked":"Armaments","floor":10},{"not_picked":["Flex","Second Wind"],"picked":"Headbutt","floor":11},{"not_picked":["Barricade","Searing Blow"],"picked":"Rage","floor":14},{"not_picked":["Juggernaut","Demon Form"],"picked":"Dark Embrace","floor":16}],"player_experience":3082,"relics_obtained":[{"floor":9,"key":"Whetstone"}],"event_choices":[{"event_name":"Liars Game","player_choice":"disagreed","floor":13,"damage_taken":0}],"is_beta":false,"boss_relics":[{"not_picked":["Black Star","Eternal Feather"],"picked":"Black Blood"}],"items_purged_floors":[],"is_endless":false,"potions_floor_spawned":[2,4,5,7,10,14],"killed_by":"Spheric Guardian","ascension_level":0}