{"path_per_floor":["M","?","?","?","M","R","E","R","T","T","R","M","$","M","R","B",null,"M","M","?","?","M","R","M","$","T","?","M","M","M","$","R","B",null,"M","$","?","M","$","R","E","M","T","?","R","?","M","E","R","B"],"character_chosen":"IRONCLAD","items_purchased":[],"gold_per_floor":[118,118,118,118,128,128,156,156,210,210,210,227,152,168,168,268,268,284,295,295,275,287,287,302,202,202,127,137,156,168,43,43,140,140,151,1,1,14,14,14,48,62,85,85,85,85,101,129,129,129],"floor_reached":51,"campfire_rested":3,"playtime":2308,"current_hp_per_floor":[80,80,80,80,80,80,80,80,87,87,87,84,84,75,75,21,87,69,43,43,43,18,18,24,24,24,24,15,10,12,12,53,10,87,85,85,85,73,73,73,79,77,77,67,67,67,25,31,72,58],"items_purged":["Regret","Defend_R","Strike_R","Strike_R"],"gold":129,"play_id":"a09e270f-5435-4c08-8333-1bbcb0312ca1","is_prod":false,"is_daily":false,"is_ascension_mode":false,"campfire_upgraded":1,"path_taken":["M","?","?","?","?","R","E","R","T","?","R","M","$","M","R","BOSS","M","M","?","?","M","R","?","?","T","?","M","?","?","$","R","BOSS","M","$","?","M","$","R","E","M","T","?","R","?","?","E","R","BOSS"],"build_version":"2018-01-25-PROD3","purchased_purges":4,"victory":true,"master_deck":["Dropkick+1","Thunderclap","Dropkick+1","Warcry+1","Madness+1","Madness+1"],"max_hp_per_floor":[80,80,80,80,80,80,80,80,87,87,87,87,87,87,87,87,87,87,87,87,87,87,87,87,87,87,87,87,87,87,87,87,87,87,87,87,87,87,87,87,87,87,87,87,87,87,87,87,87,87],"relics":["Burning Blood","NeowsBlessing","Red Skull","Regal Pillow","Strawberry","Peace Pipe","Sozu","Calipers","Cursed Key","Toxic Egg","Whetstone","War Paint"],"card_choices":[{"not_picked":["Warcry","Immolate"],"picked":"Dropkick"},{"not_picked":["Dark Embrace","Berserk"],"picked":"Double Tap"},{"not_picked":["Clash","True Grit"],"picked":"Dropkick"},{"not_picked":["Uppercut","Bloodletting"],"picked":"Warcry"}],"player_experience":208663,"potions_floor_usage":[16,16,16],"damage_taken":[{"damage":0,"enemies":"Jaw Worm","floor":1,"turns":1},{"damage":0,"enemies":"2 Louse","floor":5,"turns":1},{"damage":0,"enemies":"Gremlin Nob","floor":7,"turns":1},{"damage":9,"enemies":"Cultist","floor":12,"turns":3},{"damage":15,"enemies":"Exordium Thugs","floor":14,"turns":4},{"damage":60,"enemies":"Hexaghost","floor":16,"turns":10},{"damage":24,"enemies":"Shell Parasite","floor":18,"turns":4},{"damage":32,"enemies":"2 Thieves","floor":19,"turns":4},{"damage":31,"enemies":"Slaver and Parasite","floor":22,"turns":5},{"damage":0,"enemies":"Chosen and Byrds","floor":24,"turns":4},{"damage":15,"enemies":"Snecko","floor":28,"turns":3},{"damage":11,"enemies":"Slaver and Parasite","floor":29,"turns":3},{"damage":4,"enemies":"Centurion and Healer","floor":30,"turns":3},{"damage":49,"enemies":"Collector","floor":33,"turns":7},{"damage":8,"enemies":"3 Darklings","floor":35,"turns":4},{"damage":18,"enemies":"3 Shapes","floor":38,"turns":1},{"damage":0,"enemies":"Giant Head","floor":41,"turns":1},{"damage":8,"enemies":"Sphere and 2 Shapes","floor":42,"turns":2},{"damage":48,"enemies":"4 Shapes","floor":47,"turns":2},{"damage":0,"enemies":"Nemesis","floor":48,"turns":2},{"damage":20,"enemies":"Donu and Deca","floor":50,"turns":2}],"event_choices":[{"event_name":"Living Wall","player_choice":"Forget","floor":2,"damage_taken":0},{"event_name":"Big Fish","player_choice":"Box","floor":3,"damage_taken":0},{"event_name":"Upgrade Shrine","player_choice":"Upgraded","floor":4,"damage_taken":0},{"event_name":"The Library","player_choice":"Read","floor":20,"damage_taken":0},{"event_name":"The Woman in Blue","player_choice":"Bought 1 Potion","floor":21,"damage_taken":0},{"event_name":"Beggar","player_choice":"Gave Gold","floor":27,"damage_taken":0},{"event_name":"Winding Halls","player_choice":"Embrace Madness","floor":44,"damage_taken":0},{"event_name":"Purifier","player_choice":"One Purge","floor":46,"damage_taken":0}],"boss_relics":[{"not_picked":["Eternal Feather","Black Star"],"picked":"Sozu"},{"not_picked":["Philosopher\u0027s Stone","Snecko Eye"],"picked":"Cursed Key"}],"potions_floor_spawned":[5,12,14,18,24,29,35,41,47],"seed_played":"7408647282927701614","ascension_level":0,"is_trial":false}