{"gold_per_floor":[116,134,147,147,222,222,238,238,238,238,248,37,55,75,75,152,152,171,171,171,187,204,204,104,117,117,127,127],"floor_reached":28,"playtime":976,"items_purged":["Defend_G","Strike_G"],"score":462,"play_id":"e2e9a148-5933-4acb-8bd8-70ed12072f92","local_time":"20181007000421","is_ascension_mode":true,"campfire_choices":[{"data":"Crippling Poison","floor":6,"key":"SMITH"},{"data":"Neutralize","floor":8,"key":"SMITH"},{"floor":15,"key":"REST"},{"data":"Burst","floor":23,"key":"SMITH"}],"neow_cost":"NONE","seed_source_timestamp":185161104182997,"circlet_count":0,"master_deck":["Defend_G","Defend_G","Defend_G","Defend_G","Strike_G","Strike_G","Strike_G","Survivor","Neutralize+1","AscendersBane","Caltrops+1","Acrobatics","Crippling Poison+1","Bouncing Flask","Backflip","Cloak And Dagger","Finesse","Noxious Fumes","Burst+1","Calculated Gamble","Necronomicurse","Riddle With Holes","Predator","Regret"],"relics":["Ring of the Snake","Letter Opener","Cursed Key","Necronomicon","Darkstone Periapt"],"potions_floor_usage":[22],"damage_taken":[{"damage":0,"enemies":"2 Louse","floor":1,"turns":4},{"damage":0,"enemies":"Small Slimes","floor":2,"turns":6},{"damage":2,"enemies":"Jaw Worm","floor":3,"turns":6},{"damage":5,"enemies":"Exordium Wildlife","floor":7,"turns":4},{"damage":8,"enemies":"Looter","floor":11,"turns":3},{"damage":18,"enemies":"Gremlin Gang","floor":13,"turns":3},{"damage":18,"enemies":"Lots of Slimes","floor":14,"turns":2},{"damage":0,"enemies":"Hexaghost","floor":16,"turns":9},{"damage":12,"enemies":"2 Thieves","floor":18,"turns":4},{"damage":6,"enemies":"Chosen","floor":21,"turns":4},{"damage":0,"enemies":"Snecko","floor":22,"turns":4},{"damage":2,"enemies":"Chosen and Byrds","floor":25,"turns":4},{"damage":7,"enemies":"Snake Plant","floor":27,"turns":4},{"damage":23,"enemies":"Snecko","floor":28,"turns":5}],"seed_played":"1183059409721087420","potions_obtained":[{"floor":1,"key":"Ancient Potion"},{"floor":13,"key":"Ancient Potion"},{"floor":22,"key":"Energy Potion"}],"is_trial":false,"path_per_floor":["M","M","M","?","?","R","M","R","T","?","M","$","M","M","R","B",null,"M","?","?","M","M","R","$","M","T","M"],"character_chosen":"THE_SILENT","items_purchased":["Cloak And Dagger","Finesse"],"campfire_rested":1,"item_purchase_floors":[12,12],"current_hp_per_floor":[59,59,57,62,51,51,46,46,46,46,38,38,20,2,23,23,59,47,47,26,20,20,20,20,18,18,11,0],"gold":127,"neow_bonus":"REMOVE_CARD","is_prod":false,"is_daily":false,"chose_seed":false,"campfire_upgraded":3,"win_rate":0,"timestamp":1538895861,"path_taken":["M","M","M","?","?","R","?","R","T","?","M","?","?","?","R","BOSS","M","?","?","?","M","R","$","M","T","M","M"],"build_version":"2018-10-04","purchased_purges":2,"victory":false,"max_hp_per_floor":[66,66,66,71,71,71,71,71,71,71,71,71,71,71,71,71,71,71,71,71,71,71,71,71,71,71,71,71],"card_choices":[{"not_picked":["Infinite Blades","Poisoned Stab"],"picked":"Caltrops","floor":1},{"not_picked":["Blade Dance","Reflex"],"picked":"Acrobatics","floor":2},{"not_picked":["Slice","Sucker Punch"],"picked":"Crippling Poison","floor":3},{"not_picked":["Underhanded Strike","Distraction"],"picked":"Bouncing Flask","floor":7},{"not_picked":["Terror","Quick Slash"],"picked":"Backflip","floor":11},{"not_picked":["Cloak And Dagger","Deadly Poison"],"picked":"Noxious Fumes","floor":13},{"not_picked":["Setup","Deflect","Slice"],"picked":"SKIP","floor":14},{"not_picked":["Storm of Steel","Glass Knife"],"picked":"Burst","floor":16},{"not_picked":["Flying Knee","PiercingWail","Deflect"],"picked":"SKIP","floor":18},{"not_picked":["Riddle With Holes","Infinite Blades","Dodge and Roll"],"picked":"SKIP","floor":21},{"not_picked":["Infinite Blades","Dodge and Roll"],"picked":"Riddle With Holes","floor":21},{"not_picked":["Quick Slash","Outmaneuver","Prepared"],"picked":"SKIP","floor":22},{"not_picked":["Eviscerate","Sucker Punch"],"picked":"Predator","floor":25},{"not_picked":["All Out Attack","Finisher","Caltrops"],"picked":"SKIP","floor":27}],"player_experience":855232,"relics_obtained":[{"floor":9,"key":"Letter Opener"},{"floor":20,"key":"Necronomicon"},{"floor":26,"key":"Darkstone Periapt"}],"event_choices":[{"event_name":"Big Fish","player_choice":"Donut","floor":4,"damage_taken":0},{"event_name":"World of Goop","player_choice":"Gather Gold","floor":5,"damage_taken":0},{"event_name":"Accursed Blacksmith","player_choice":"Forge","floor":10,"damage_taken":0},{"event_name":"The Library","player_choice":"Read","floor":19,"damage_taken":0},{"event_name":"Cursed Tome","player_choice":"Obtained Book","floor":20,"damage_taken":0}],"is_beta":true,"boss_relics":[{"not_picked":["Tiny House","Black Star"],"picked":"Cursed Key"}],"items_purged_floors":[12,24],"is_endless":false,"potions_floor_spawned":[1,13,14,22,27],"killed_by":"Snecko","ascension_level":15}