{"gold_per_floor":[109,129,404,415,430,455,465,465],"floor_reached":8,"playtime":519,"items_purged":[],"score":78,"play_id":"5e00ed81-8910-4e76-9c23-881e04c66472","local_time":"20190207095434","is_ascension_mode":true,"campfire_choices":[],"neow_cost":"NONE","seed_source_timestamp":2315578845192201,"circlet_count":0,"master_deck":["Defend_G","Defend_G","Defend_G","Defend_G","Defend_G","Strike_G","Strike_G","Strike_G","Strike_G","Strike_G","Survivor","Neutralize+1","Dagger Throw","Acrobatics","Regret","All Out Attack","Caltrops","Well Laid Plans","Cloak And Dagger"],"relics":["Ring of the Snake","Snake Skull"],"potions_floor_usage":[6,8],"damage_taken":[{"damage":1,"enemies":"2 Louse","floor":1,"turns":2},{"damage":0,"enemies":"Cultist","floor":2,"turns":3},{"damage":0,"enemies":"Jaw Worm","floor":4,"turns":5},{"damage":9,"enemies":"Gremlin Gang","floor":5,"turns":4},{"damage":24,"enemies":"Lagavulin","floor":6,"turns":8},{"damage":14,"enemies":"Lots of Slimes","floor":7,"turns":2},{"damage":16,"enemies":"Gremlin Nob","floor":8,"turns":3}],"seed_played":"-8430174807520294134","potions_obtained":[{"floor":2,"key":"Block Potion"},{"floor":4,"key":"Block Potion"},{"floor":7,"key":"SpeedPotion"}],"is_trial":false,"path_per_floor":["M","M","?","M","M","E","M","E"],"character_chosen":"THE_SILENT","items_purchased":[],"campfire_rested":0,"item_purchase_floors":[],"current_hp_per_floor":[62,62,62,62,53,29,15,0],"gold":465,"neow_bonus":"UPGRADE_CARD","is_prod":false,"is_daily":false,"chose_seed":false,"campfire_upgraded":0,"win_rate":0,"timestamp":1549493674,"path_taken":["M","M","?","M","M","E","M","E"],"build_version":"2019-01-23","purchased_purges":0,"victory":false,"max_hp_per_floor":[70,70,70,70,70,70,70,70],"card_choices":[{"not_picked":["Backflip","Skewer"],"picked":"Dagger Throw","floor":1},{"not_picked":["Terror","Blade Dance"],"picked":"Acrobatics","floor":2},{"not_picked":["Backflip","Flying Knee"],"picked":"All Out Attack","floor":4},{"not_picked":["Underhanded Strike","Malaise"],"picked":"Caltrops","floor":5},{"not_picked":["Prepared","Grand Finale"],"picked":"Well Laid Plans","floor":6},{"not_picked":["Tactician","Dagger Spray"],"picked":"Cloak And Dagger","floor":7}],"player_experience":284794,"relics_obtained":[{"floor":6,"key":"Snake Skull"}],"event_choices":[{"damage_healed":0,"gold_gain":275,"player_choice":"Desecrate","damage_taken":0,"max_hp_gain":0,"max_hp_loss":0,"event_name":"Golden Shrine","floor":3,"gold_loss":0,"cards_obtained":["Regret"]}],"is_beta":false,"boss_relics":[],"items_purged_floors":[],"is_endless":false,"potions_floor_spawned":[2,4,7],"killed_by":"Gremlin Nob","ascension_level":6}