{"gold_per_floor":[119,137,151,39,39,74,96,108,143,182,194,206,258,294,306,448,460,486,498,526,538,568,580,215,246,300,215,215,215,215,231,231,357,357,371,387,387,408,408,408,448,448,448,486,486,41,41,62,62,62,62,62,14,53,53],"floor_reached":56,"playtime":2926,"items_purged":["Strike_R","Writhe","Strike_R"],"score":1750,"play_id":"fecef17c-e182-45c2-8d88-a5cdd1f5ab73","local_time":"20190122222526","is_ascension_mode":true,"campfire_choices":[{"data":"Whirlwind","floor":8.0,"key":"SMITH"},{"data":"Clothesline","floor":11.0,"key":"SMITH"},{"floor":15.0,"key":"REST"},{"floor":23.0,"key":"REST"},{"data":"True Grit","floor":28.0,"key":"SMITH"},{"floor":30.0,"key":"REST"},{"floor":32.0,"key":"REST"},{"floor":40.0,"key":"RECALL"},{"floor":45.0,"key":"REST"},{"floor":47.0,"key":"REST"},{"floor":49.0,"key":"REST"},{"floor":52.0,"key":"REST"}],"neow_cost":"NONE","seed_source_timestamp":70290995921027,"circlet_count":0,"master_deck":["AscendersBane","Strike_R","Strike_R","Defend_R","Defend_R","Defend_R","Defend_R","Bash","True Grit+1","Disarm","Clothesline+1","Whirlwind+1","Heavy Blade","Corruption","Injury","Offering","Reaper","Uppercut","Disarm","Armaments+1","Dark Embrace","Headbutt+1","Spot Weakness","True Grit+1","Shockwave"],"special_seed":0,"relics":["Burning Blood","Red Skull","MawBank","Juzu Bracelet","Odd Mushroom","Golden Idol","Centennial Puzzle","Philosopher\u0027s Stone","Strawberry","Brimstone","Potion Belt","Bag of Preparation","Bag of Marbles","Snecko Eye","Bronze Scales","Darkstone Periapt","Oddly Smooth Stone","Anchor"],"potions_floor_usage":[55],"damage_taken":[{"damage":0.0,"enemies":"2 Louse","floor":1.0,"turns":3.0},{"damage":4.0,"enemies":"Small Slimes","floor":2.0,"turns":5.0},{"damage":7.0,"enemies":"Jaw Worm","floor":3.0,"turns":5.0},{"damage":26.0,"enemies":"Gremlin Nob","floor":6.0,"turns":5.0},{"damage":14.0,"enemies":"3 Louse","floor":7.0,"turns":5.0},{"damage":8.0,"enemies":"The Mushroom Lair","floor":10.0,"turns":4.0},{"damage":38.0,"enemies":"Lagavulin","floor":13.0,"turns":8.0},{"damage":14.0,"enemies":"Large Slime","floor":14.0,"turns":4.0},{"damage":2.0,"enemies":"Slime Boss","floor":16.0,"turns":7.0},{"damage":30.0,"enemies":"2 Thieves","floor":18.0,"turns":3.0},{"damage":9.0,"enemies":"3 Byrds","floor":20.0,"turns":4.0},{"damage":49.0,"enemies":"Centurion and Healer","floor":22.0,"turns":7.0},{"damage":19.0,"enemies":"Gremlin Leader","floor":25.0,"turns":4.0},{"damage":15.0,"enemies":"Snecko","floor":31.0,"turns":3.0},{"damage":96.0,"enemies":"Collector","floor":33.0,"turns":7.0},{"damage":0.0,"enemies":"Orb Walker","floor":35.0,"turns":2.0},{"damage":0.0,"enemies":"3 Shapes","floor":36.0,"turns":3.0},{"damage":0.0,"enemies":"Jaw Worm Horde","floor":38.0,"turns":1.0},{"damage":10.0,"enemies":"Reptomancer","floor":41.0,"turns":3.0},{"damage":55.0,"enemies":"Nemesis","floor":44.0,"turns":5.0},{"damage":24.0,"enemies":"4 Shapes","floor":48.0,"turns":1.0},{"damage":75.0,"enemies":"Awakened One","floor":50.0,"turns":7.0},{"damage":57.0,"enemies":"Shield and Spear","floor":54.0,"turns":4.0},{"damage":43,"enemies":"The Heart","floor":55,"turns":5}],"seed_played":"5260488644352467248","potions_obtained":[{"floor":2.0,"key":"Energy Potion"},{"floor":6.0,"key":"EntropicBrew"},{"floor":10.0,"key":"GamblersBrew"},{"floor":18.0,"key":"SteroidPotion"},{"floor":25.0,"key":"LiquidBronze"},{"floor":33.0,"key":"Explosive Potion"},{"floor":35.0,"key":"GamblersBrew"},{"floor":41.0,"key":"Dexterity Potion"}],"is_trial":false,"path_per_floor":["M","M","M","$","?","E","M","R","T","?","R","?","E","M","R","B",null,"M","?","M","?","M","R","$","E","T","?","R","?","R","M","R","B",null,"M","M","?","M","?","R","E","?","T","E","R","$","R","M","R","B",null,"R","$","E","B",null],"character_chosen":"IRONCLAD","items_purchased":["Whirlwind","Brimstone","Disarm","Oddly Smooth Stone","Explosive Potion","AttackPotion","LiquidBronze","Energy Potion"],"campfire_rested":8,"item_purchase_floors":[4,24,24,46,46,46,46,53],"current_hp_per_floor":[78,80,79,79,79,59,51,51,51,49,49,49,17,9,33,37,69,45,52,55,55,34,60,60,55,55,55,55,23,49,40,66,20,70,85,87,87,87,87,87,87,83,83,47,71,71,83,65,83,21,68,83,83,38,16],"gold":53,"neow_bonus":"RANDOM_COMMON_RELIC","is_prod":false,"is_daily":false,"chose_seed":false,"campfire_upgraded":3,"win_rate":0,"timestamp":1548213926,"path_taken":["M","M","M","$","?","E","M","R","T","?","R","?","E","M","R","BOSS","M","?","M","?","M","R","$","E","T","?","R","?","R","M","R","BOSS","M","M","?","M","?","R","E","?","T","E","R","$","R","M","R","BOSS","R","$","E","BOSS"],"build_version":"2019-01-17v2","purchased_purges":3,"victory":true,"max_hp_per_floor":[80,80,80,80,80,80,80,80,80,80,80,80,80,80,80,80,80,80,87,87,87,87,87,87,87,87,87,87,87,87,87,87,87,87,87,87,87,87,87,87,87,83,83,83,83,83,83,83,83,83,83,83,83,83,83],"card_choices":[{"not_picked":["Heavy Blade","Headbutt"],"picked":"True Grit","floor":1.0},{"not_picked":["Power Through","Flex"],"picked":"Disarm","floor":2.0},{"not_picked":["Corruption","Sever Soul"],"picked":"Clothesline","floor":3.0},{"not_picked":["Havoc","Body Slam"],"picked":"Heavy Blade","floor":6.0},{"not_picked":["Thunderclap","Cleave","Feel No Pain"],"picked":"SKIP","floor":7.0},{"not_picked":["Clash","Impervious"],"picked":"Corruption","floor":10.0},{"not_picked":["Anger","Evolve"],"picked":"Offering","floor":13.0},{"not_picked":["Warcry","Iron Wave","Thunderclap"],"picked":"SKIP","floor":14.0},{"not_picked":["Double Tap","Demon Form"],"picked":"Reaper","floor":16.0},{"not_picked":["Entrench","Anger+1","Iron Wave"],"picked":"SKIP","floor":18.0},{"not_picked":["Heavy Blade","Clothesline","True Grit"],"picked":"SKIP","floor":20.0},{"not_picked":["Power Through","Brutality"],"picked":"Uppercut","floor":22.0},{"not_picked":["Ghostly Armor","Anger"],"picked":"Armaments+1","floor":25.0},{"not_picked":["Heavy Blade","Blood for Blood","Pommel Strike"],"picked":"SKIP","floor":31.0},{"not_picked":["Brutality","Berserk"],"picked":"Dark Embrace","floor":33.0},{"not_picked":["Sentinel","Anger","Perfected Strike"],"picked":"SKIP","floor":35.0},{"not_picked":["Pommel Strike","Cleave+1"],"picked":"Headbutt+1","floor":36.0},{"not_picked":["Headbutt","Thunderclap","Shrug It Off"],"picked":"SKIP","floor":38.0},{"not_picked":["Hemokinesis","Body Slam"],"picked":"Spot Weakness","floor":41.0},{"not_picked":["Rage+1","Corruption"],"picked":"True Grit+1","floor":44.0},{"not_picked":["Rage","Clash","Havoc"],"picked":"SKIP","floor":48.0},{"not_picked":["Berserk","Combust"],"picked":"Shockwave","floor":54.0}],"player_experience":571406,"relics_obtained":[{"floor":6.0,"key":"MawBank"},{"floor":9.0,"key":"Juzu Bracelet"},{"floor":10.0,"key":"Odd Mushroom"},{"floor":13.0,"key":"Centennial Puzzle"},{"floor":25.0,"key":"Potion Belt"},{"floor":26.0,"key":"Bag of Preparation"},{"floor":41.0,"key":"Bronze Scales"},{"floor":44.0,"key":"Darkstone Periapt"},{"floor":54.0,"key":"Anchor"}],"event_choices":[{"damage_healed":0.0,"max_hp_gain":0.0,"max_hp_loss":0.0,"gold_gain":0.0,"event_name":"The Cleric","player_choice":"Leave","floor":5.0,"gold_loss":0.0,"damage_taken":0.0},{"damage_healed":0.0,"max_hp_gain":0.0,"max_hp_loss":0.0,"gold_gain":0.0,"event_name":"Mushrooms","player_choice":"Fought Mushrooms","floor":10.0,"gold_loss":0.0,"damage_taken":0.0},{"damage_healed":0.0,"max_hp_gain":0.0,"max_hp_loss":0.0,"gold_gain":0.0,"event_name":"Golden Idol","player_choice":"Take Wound","floor":12.0,"gold_loss":0.0,"damage_taken":0.0,"relics_obtained":["Golden Idol"],"cards_obtained":["Injury"]},{"damage_healed":0.0,"max_hp_gain":0.0,"max_hp_loss":0.0,"gold_gain":0.0,"event_name":"The Mausoleum","player_choice":"Opened","floor":19.0,"gold_loss":0.0,"damage_taken":0.0,"relics_obtained":["Strawberry"],"cards_obtained":["Writhe"]},{"damage_healed":0.0,"max_hp_gain":0.0,"max_hp_loss":0.0,"gold_gain":0.0,"event_name":"Ghosts","player_choice":"Ignored","floor":21.0,"gold_loss":0.0,"damage_taken":0.0},{"damage_healed":0.0,"max_hp_gain":0.0,"max_hp_loss":0.0,"gold_gain":0.0,"event_name":"Addict","player_choice":"Obtained Relic","floor":27.0,"gold_loss":85.0,"damage_taken":0.0,"relics_obtained":["Bag of Marbles"]},{"damage_healed":0.0,"max_hp_gain":0.0,"max_hp_loss":0.0,"gold_gain":0.0,"event_name":"Knowing Skull","player_choice":"POTION POTION POTION ","floor":29.0,"potions_obtained":["Regen Potion","EssenceOfSteel","Dexterity Potion"],"gold_loss":0.0,"damage_taken":32.0,"cards_obtained":[]},{"cards_removed":["Strike_R"],"damage_healed":0.0,"max_hp_gain":0.0,"max_hp_loss":0.0,"gold_gain":0.0,"event_name":"Falling","player_choice":"Removed Attack","floor":37.0,"gold_loss":0.0,"damage_taken":0.0},{"damage_healed":0.0,"max_hp_gain":0.0,"max_hp_loss":0.0,"gold_gain":0.0,"event_name":"Tomb of Lord Red Mask","player_choice":"Ignored","floor":39.0,"gold_loss":0.0,"damage_taken":0.0},{"damage_healed":0.0,"max_hp_gain":0.0,"max_hp_loss":4.0,"gold_gain":0.0,"event_name":"Winding Halls","player_choice":"Max HP","floor":42.0,"gold_loss":0.0,"damage_taken":0.0}],"is_beta":false,"boss_relics":[{"not_picked":["Runic Cube","Astrolabe"],"picked":"Philosopher\u0027s Stone"},{"not_picked":["Runic Pyramid","Sozu"],"picked":"Snecko Eye"}],"items_purged_floors":[4,24,46],"is_endless":false,"potions_floor_spawned":[2,6,7,10,18,25,31,33,35,41],"ascension_level":12}