{"gold_per_floor":[119,134,134,134,2,28,28,40,40,40,58,58,76,94,94,171,171,190,190,390,408,408],"floor_reached":22,"playtime":2754,"items_purged":[],"score":372,"play_id":"0dc9e7be-5f29-43a9-8dd4-f713daf37d87","local_time":"20190207090731","is_ascension_mode":true,"campfire_choices":[{"data":"Limit Break","floor":7,"key":"SMITH"},{"data":"Uppercut","floor":10,"key":"SMITH"},{"data":"True Grit","floor":12,"key":"SMITH"},{"data":"Combust","floor":15,"key":"SMITH"}],"neow_cost":"NONE","seed_source_timestamp":657299624215311,"circlet_count":0,"master_deck":["AscendersBane","Strike_R","Strike_R","Strike_R","Strike_R","Defend_R","Defend_R","Defend_R","Defend_R","Bash","Double Tap","Dropkick","Rupture","Spot Weakness","Limit Break+1","Uppercut+1","True Grit+1","Combust+1","Ghostly Armor","Offering","True Grit"],"special_seed":0,"relics":["Black Blood","Thread and Needle","Girya","Mercury Hourglass"],"potions_floor_usage":[6,16,21],"damage_taken":[{"damage":7.0,"enemies":"Small Slimes","floor":1.0,"turns":4.0},{"damage":7.0,"enemies":"Jaw Worm","floor":2.0,"turns":2.0},{"damage":16,"enemies":"Lagavulin","floor":6,"turns":7},{"damage":2,"enemies":"Cultist","floor":8,"turns":4},{"damage":0,"enemies":"2 Fungi Beasts","floor":11,"turns":2},{"damage":2,"enemies":"Looter","floor":13,"turns":3},{"damage":0,"enemies":"3 Louse","floor":14,"turns":3},{"damage":45,"enemies":"Slime Boss","floor":16,"turns":9},{"damage":43,"enemies":"Chosen","floor":18,"turns":6},{"damage":21,"enemies":"2 Thieves","floor":21,"turns":4},{"damage":1,"enemies":"Centurion and Healer","floor":22,"turns":2}],"seed_played":"1580020088947722999","potions_obtained":[{"floor":2.0,"key":"SpeedPotion"},{"floor":8,"key":"Fire Potion"},{"floor":18,"key":"AttackPotion"},{"floor":21,"key":"Dexterity Potion"}],"is_trial":false,"path_per_floor":["M","M","?","?","$","E","R","M","T","R","M","R","M","M","R","B",null,"M","?","?","M","M"],"character_chosen":"IRONCLAD","items_purchased":["PowerPotion","Spot Weakness"],"campfire_rested":0,"item_purchase_floors":[5,5],"current_hp_per_floor":[67,66,55,48,48,38,38,42,42,42,48,48,52,58,58,19,61,28,43,43,32,31],"gold":408,"neow_bonus":"ONE_RANDOM_RARE_CARD","is_prod":false,"is_daily":false,"chose_seed":false,"campfire_upgraded":4,"win_rate":0,"timestamp":1549559251,"path_taken":["M","M","?","?","?","E","R","M","T","R","M","R","M","M","R","BOSS","M","?","?","M","?"],"build_version":"2019-01-23","purchased_purges":0,"victory":false,"max_hp_per_floor":[75,75,75,75,75,75,75,75,75,75,75,75,75,75,75,75,75,75,75,75,75,75],"card_choices":[{"not_picked":["Headbutt","Twin Strike"],"picked":"Dropkick","floor":1.0},{"not_picked":["Power Through","Infernal Blade"],"picked":"Rupture","floor":2.0},{"not_picked":["Iron Wave","Feel No Pain"],"picked":"Limit Break","floor":6},{"not_picked":["Pommel Strike","Heavy Blade"],"picked":"Uppercut","floor":8},{"not_picked":["Iron Wave","Blood for Blood"],"picked":"True Grit","floor":11},{"not_picked":["Havoc","Anger"],"picked":"Combust","floor":13},{"not_picked":["Disarm","Body Slam"],"picked":"Ghostly Armor","floor":14},{"not_picked":["Double Tap","Berserk"],"picked":"Offering","floor":16},{"not_picked":["Carnage","Iron Wave","Flex"],"picked":"SKIP","floor":18},{"not_picked":["Rampage","Thunderclap"],"picked":"True Grit","floor":21}],"player_experience":1836057,"relics_obtained":[{"floor":6,"key":"Girya"},{"floor":9,"key":"Mercury Hourglass"}],"event_choices":[{"damage_healed":0.0,"max_hp_gain":0.0,"max_hp_loss":0.0,"gold_gain":0.0,"event_name":"Scrap Ooze","player_choice":"Success","floor":3.0,"gold_loss":0.0,"damage_taken":11.0,"relics_obtained":["Thread and Needle"]},{"cards_removed":["Strike_R"],"damage_healed":0.0,"max_hp_gain":0.0,"max_hp_loss":0.0,"gold_gain":0.0,"event_name":"Golden Wing","player_choice":"Card Removal","floor":4.0,"gold_loss":0.0,"damage_taken":7.0},{"damage_healed":15,"gold_gain":0,"player_choice":"Heal","damage_taken":0,"max_hp_gain":0,"max_hp_loss":0,"event_name":"The Library","floor":19,"gold_loss":0},{"damage_healed":0,"gold_gain":200,"player_choice":"Gold","damage_taken":0,"max_hp_gain":0,"max_hp_loss":0,"event_name":"Wheel of Change","floor":20,"gold_loss":0}],"is_beta":false,"boss_relics":[{"not_picked":["Tiny House","Fusion Hammer"],"picked":"Black Blood"}],"items_purged_floors":[],"is_endless":false,"potions_floor_spawned":[2,8,13,14,18,21],"killed_by":"Centurion and Healer","ascension_level":20}