{"gold_per_floor":[114,129,144,159,159,189,189,219,244,214,147,147,162,177,177,277,277,292,307,80,80,95,125,140,140,190,190,220,235,235,235,235,335,335,350,22,22,37,52,82,82,82,107,137,152,167,17,32,32,32],"floor_reached":51,"playtime":2135,"items_purged":["Masterful Stab"],"score":1009,"play_id":"5ac493b0-e597-404d-8853-443a514197b3","local_time":"20180920090219","daily_mods":["Heirloom","Cursed Run","Time Dilation"],"is_ascension_mode":false,"campfire_choices":[{"data":"Accuracy","floor":7,"key":"SMITH"},{"data":"Infinite Blades","floor":12,"key":"SMITH"},{"data":"Blade Dance","floor":15,"key":"SMITH"},{"floor":25,"key":"REST"},{"data":"Infinite Blades","floor":27,"key":"SMITH"},{"floor":30,"key":"REST"},{"data":"Cloak And Dagger","floor":32,"key":"SMITH"},{"data":"Cloak And Dagger","floor":41,"key":"SMITH"},{"floor":49,"key":"REST"}],"neow_cost":"","seed_source_timestamp":0,"circlet_count":0,"master_deck":["Defend_G","Defend_G","Defend_G","Defend_G","Defend_G","Strike_G","Strike_G","Strike_G","Strike_G","Strike_G","Survivor","Neutralize","Escape Plan","Blade Dance+1","Cloak And Dagger+1","Accuracy+1","Quick Slash","Doubt","Infinite Blades+1","Blade Dance","Corpse Explosion","Pain","Glass Knife","Slice","Bane","Deflect","Infinite Blades+1","Cloak And Dagger+1","Accuracy","Infinite Blades+1","Slice","Cloak And Dagger+1","Glass Knife","Die Die Die","Blade Dance","Cloak And Dagger","Shame","Cloak And Dagger","Masterful Stab","Cloak And Dagger+1","Clumsy","Bullet Time","Dagger Throw+1","Backstab","Swift Strike","Dark Shackles","Flash of Steel","Writhe","Concentrate","Cloak And Dagger+1","Forethought","Normality"],"special_seed":17794,"relics":["Cursed Key","Darkstone Periapt","Du-Vu Doll","Unceasing Top","Vajra","Centennial Puzzle","Smiling Mask","Orrery","Regal Pillow","Art of War","Ornamental Fan","White Beast Statue","Blue Candle","CultistMask","Meat on the Bone","Strawberry","Turnip"],"potions_floor_usage":[4,6,8,16,16,19,28,33,33,39,40,40,46,48,50,50,50],"damage_taken":[{"damage":0,"enemies":"Small Slimes","floor":1,"turns":3},{"damage":1,"enemies":"2 Louse","floor":2,"turns":3},{"damage":0,"enemies":"Jaw Worm","floor":3,"turns":3},{"damage":2,"enemies":"Gremlin Gang","floor":4,"turns":5},{"damage":13,"enemies":"Gremlin Nob","floor":6,"turns":4},{"damage":5,"enemies":"Lagavulin","floor":8,"turns":5},{"damage":1,"enemies":"Blue Slaver","floor":13,"turns":2},{"damage":2,"enemies":"3 Louse","floor":14,"turns":2},{"damage":33,"enemies":"The Guardian","floor":16,"turns":7},{"damage":10,"enemies":"3 Byrds","floor":18,"turns":3},{"damage":11,"enemies":"2 Thieves","floor":19,"turns":2},{"damage":16,"enemies":"Cultist and Chosen","floor":22,"turns":3},{"damage":15,"enemies":"Book of Stabbing","floor":23,"turns":3},{"damage":1,"enemies":"3 Cultists","floor":24,"turns":3},{"damage":17,"enemies":"Gremlin Leader","floor":28,"turns":2},{"damage":18,"enemies":"Shelled Parasite and Fungi","floor":29,"turns":2},{"damage":15,"enemies":"Champ","floor":33,"turns":4},{"damage":0,"enemies":"Orb Walker","floor":35,"turns":2},{"damage":9,"enemies":"3 Shapes","floor":38,"turns":2},{"damage":2,"enemies":"Jaw Worm Horde","floor":39,"turns":3},{"damage":6,"enemies":"Giant Head","floor":40,"turns":6},{"damage":3,"enemies":"Nemesis","floor":44,"turns":3},{"damage":2,"enemies":"Reptomancer","floor":45,"turns":2},{"damage":3,"enemies":"Maw","floor":46,"turns":4},{"damage":4,"enemies":"4 Shapes","floor":48,"turns":2},{"damage":46,"enemies":"Awakened One","floor":50,"turns":6}],"seed_played":"1139054497184590397","potions_obtained":[{"floor":1,"key":"Weak Potion"},{"floor":2,"key":"AttackPotion"},{"floor":4,"key":"Ancient Potion"},{"floor":6,"key":"Poison Potion"},{"floor":10,"key":"PowerPotion"},{"floor":10,"key":"GamblersBrew"},{"floor":18,"key":"Regen Potion"},{"floor":24,"key":"Swift Potion"},{"floor":28,"key":"FearPotion"},{"floor":33,"key":"Block Potion"},{"floor":35,"key":"PowerPotion"},{"floor":38,"key":"Weak Potion"},{"floor":39,"key":"SkillPotion"},{"floor":40,"key":"LiquidBronze"},{"floor":44,"key":"Explosive Potion"},{"floor":45,"key":"SkillPotion"},{"floor":46,"key":"SteroidPotion"},{"floor":48,"key":"FearPotion"}],"is_trial":false,"path_per_floor":["M","M","M","M","?","E","R","E","T","?","$","R","M","M","R","B",null,"M","M","$","?","M","E","M","R","T","R","E","M","R","?","R","B",null,"M","$","?","M","M","E","R","?","T","E","M","M","$","M","R","B"],"character_chosen":"THE_SILENT","items_purchased":["Infinite Blades","Slice","Cloak And Dagger","Glass Knife","Blue Candle","Backstab","Forethought"],"campfire_rested":3,"item_purchase_floors":[11,20,20,20,36,36,47],"current_hp_per_floor":[70,69,69,67,67,54,54,49,55,55,55,55,54,52,52,25,82,72,66,66,66,50,35,34,73,79,79,62,44,85,85,85,76,94,94,94,94,85,83,77,77,67,80,77,75,72,72,68,107,67],"gold":32,"neow_bonus":"","is_prod":false,"is_daily":true,"chose_seed":false,"campfire_upgraded":6,"win_rate":0,"timestamp":1537426939,"path_taken":["M","M","M","M","?","E","R","E","T","?","$","R","M","M","R","BOSS","M","M","$","?","M","E","M","R","T","R","E","M","R","?","R","BOSS","M","$","?","M","?","E","R","?","T","E","M","M","$","M","R","BOSS"],"build_version":"2018-09-18v3","purchased_purges":1,"victory":true,"max_hp_per_floor":[70,70,70,70,70,70,70,70,76,76,76,76,76,76,76,82,82,82,82,82,82,82,82,82,82,88,88,88,88,88,88,88,94,94,94,94,94,94,94,94,94,94,107,107,107,107,107,107,107,113],"card_choices":[{"not_picked":["Underhanded Strike","Endless Agony"],"picked":"Escape Plan","floor":1},{"not_picked":["Deadly Poison","Bouncing Flask"],"picked":"Blade Dance","floor":2},{"not_picked":["Dagger Spray","Deadly Poison"],"picked":"Cloak And Dagger","floor":3},{"not_picked":["Dash","Catalyst"],"picked":"Accuracy","floor":4},{"not_picked":["Dash","Setup"],"picked":"Quick Slash","floor":6},{"not_picked":["Prepared","PiercingWail"],"picked":"Masterful Stab","floor":8},{"not_picked":["Bane","Sucker Punch"],"picked":"Blade Dance","floor":13},{"not_picked":["Prepared","Leg Sweep"],"picked":"Corpse Explosion","floor":14},{"not_picked":["Burst","Night Terror"],"picked":"Glass Knife","floor":16},{"not_picked":["Quick Slash","Footwork"],"picked":"Slice","floor":17},{"not_picked":["Acrobatics","Dagger Spray"],"picked":"Bane","floor":17},{"not_picked":["All Out Attack","Dagger Throw"],"picked":"Deflect","floor":17},{"not_picked":["Leg Sweep","Quick Slash"],"picked":"Infinite Blades","floor":17},{"not_picked":["Bouncing Flask","Slice"],"picked":"Cloak And Dagger","floor":17},{"not_picked":["Flying Knee","Blade Dance"],"picked":"Accuracy","floor":18},{"not_picked":["Quick Slash+1","All Out Attack"],"picked":"Infinite Blades","floor":19},{"not_picked":["Catalyst","Outmaneuver"],"picked":"Die Die Die","floor":22},{"not_picked":["Tactician","Noxious Fumes"],"picked":"Blade Dance","floor":23},{"not_picked":["Dagger Spray","Dodge and Roll"],"picked":"Cloak And Dagger","floor":24},{"not_picked":["All Out Attack","Infinite Blades"],"picked":"Cloak And Dagger","floor":28},{"not_picked":["Flying Knee","Choke"],"picked":"Masterful Stab","floor":29},{"not_picked":["Grand Finale","Night Terror"],"picked":"Bullet Time","floor":33},{"not_picked":["Well Laid Plans+1","Dagger Spray+1"],"picked":"Dagger Throw+1","floor":35},{"not_picked":["Endless Agony+1","Outmaneuver+1","Cloak And Dagger"],"picked":"SKIP","floor":38},{"not_picked":["Acrobatics+1","Dagger Throw","Dash"],"picked":"SKIP","floor":39},{"not_picked":["Venomology","Skewer","Acrobatics+1"],"picked":"SKIP","floor":40},{"not_picked":["Finesse","Transmutation"],"picked":"Swift Strike","floor":42},{"not_picked":["Sadistic Nature","Trip"],"picked":"Dark Shackles","floor":42},{"not_picked":["Finesse","Panacea"],"picked":"Flash of Steel","floor":42},{"not_picked":["Predator+1","Reflex","Eviscerate"],"picked":"SKIP","floor":44},{"not_picked":["Accuracy","Reflex+1"],"picked":"Concentrate","floor":45},{"not_picked":["Dodge and Roll+1","Leg Sweep"],"picked":"Cloak And Dagger+1","floor":46},{"not_picked":["Outmaneuver","Dagger Spray+1","Prepared+1"],"picked":"SKIP","floor":48}],"player_experience":139679,"relics_obtained":[{"floor":6,"key":"Vajra"},{"floor":8,"key":"Centennial Puzzle"},{"floor":9,"key":"Smiling Mask"},{"floor":23,"key":"Regal Pillow"},{"floor":26,"key":"Art of War"},{"floor":28,"key":"Ornamental Fan"},{"floor":40,"key":"Meat on the Bone"},{"floor":43,"key":"Strawberry"},{"floor":44,"key":"Turnip"}],"event_choices":[{"event_name":"Living Wall","player_choice":"Grow","floor":5,"damage_taken":0},{"event_name":"The Woman in Blue","player_choice":"Bought 2 Potions","floor":10,"damage_taken":0},{"event_name":"Upgrade Shrine","player_choice":"Upgraded","floor":21,"damage_taken":0},{"event_name":"Duplicator","player_choice":"One dupe","floor":31,"damage_taken":0},{"event_name":"FaceTrader","player_choice":"Trade","floor":37,"damage_taken":0},{"event_name":"SensoryStone","player_choice":"Memory 3","floor":42,"damage_taken":0}],"is_beta":true,"boss_relics":[{"not_picked":["Empty Cage","Runic Pyramid"],"picked":"Orrery"},{"not_picked":["HoveringKite","Eternal Feather"],"picked":"White Beast Statue"}],"items_purged_floors":[47],"is_endless":false,"potions_floor_spawned":[1,2,4,6,18,24,28,33,35,38,39,40,44,45,46,48],"ascension_level":0}