{"gold_per_floor":[369,369,385,398,398,398,427,427,506,43,63,94,94,111,111,209,209,226,39,138,138,138,138,38,56,56,91,113,125,137,149,161,173],"floor_reached":33,"playtime":1946,"items_purged":["Decay","Defend_R"],"score":370,"play_id":"c0164811-1c89-4beb-9164-e5af0c353396","local_time":"20190206195900","is_ascension_mode":true,"campfire_choices":[{"data":"Armaments","floor":6,"key":"SMITH"},{"data":"Perfected Strike","floor":8,"key":"SMITH"},{"data":"Bash","floor":13,"key":"SMITH"},{"data":"Pommel Strike","floor":15,"key":"SMITH"},{"data":"Shockwave","floor":23,"key":"SMITH"},{"data":"Perfected Strike","floor":29,"key":"SMITH"},{"floor":32,"key":"REST"}],"neow_cost":"PERCENT_DAMAGE","seed_source_timestamp":75155920831748,"circlet_count":0,"master_deck":["Strike_R","Strike_R","Strike_R","Strike_R","Strike_R","Defend_R+1","Defend_R","Defend_R+1","Bash+1","Armaments+1","Perfected Strike+1","Pommel Strike+1","Shrug It Off","Pommel Strike","Thunderclap","Flame Barrier","Shockwave+1","Perfected Strike+1","Iron Wave","Rage"],"relics":["Burning Blood","Pen Nib","Self Forming Clay","MealTicket","Blood Vial","Vajra","Eternal Feather","War Paint","Ornamental Fan","MawBank"],"potions_floor_usage":[7,7,27,27,28],"damage_taken":[{"damage":0,"enemies":"2 Louse","floor":1,"turns":3},{"damage":1,"enemies":"Cultist","floor":3,"turns":3},{"damage":0,"enemies":"Small Slimes","floor":4,"turns":3},{"damage":0,"enemies":"Gremlin Nob","floor":7,"turns":2},{"damage":7,"enemies":"Gremlin Gang","floor":11,"turns":5},{"damage":24,"enemies":"Lagavulin","floor":12,"turns":5},{"damage":0,"enemies":"Looter","floor":14,"turns":3},{"damage":47,"enemies":"The Guardian","floor":16,"turns":14},{"damage":4,"enemies":"Chosen","floor":18,"turns":3},{"damage":25,"enemies":"Spheric Guardian","floor":25,"turns":4},{"damage":30,"enemies":"Slavers","floor":27,"turns":6},{"damage":25,"enemies":"Snake Plant","floor":28,"turns":4},{"damage":11,"enemies":"Colosseum Slavers","floor":30,"turns":4},{"damage":86,"enemies":"Automaton","floor":33,"turns":6}],"seed_played":"-8972560296273128877","potions_obtained":[{"floor":2,"key":"AttackPotion"},{"floor":2,"key":"Weak Potion"},{"floor":2,"key":"SneckoOil"},{"floor":4,"key":"Fire Potion"},{"floor":7,"key":"SkillPotion"},{"floor":11,"key":"Energy Potion"},{"floor":27,"key":"AttackPotion"},{"floor":28,"key":"LiquidBronze"}],"is_trial":false,"path_per_floor":["M","?","M","M","?","R","E","R","T","$","M","E","R","M","R","B",null,"M","$","?","?","?","R","$","M","T","E","M","R","?","T","R","B"],"character_chosen":"IRONCLAD","items_purchased":["MealTicket","Blood Vial","Shrug It Off","Shockwave","War Paint"],"campfire_rested":1,"item_purchase_floors":[10,10,10,19,19],"current_hp_per_floor":[62,62,67,73,73,73,79,79,79,79,79,62,62,70,70,31,68,72,80,80,80,65,74,74,57,57,35,18,30,27,27,64,0],"gold":173,"neow_bonus":"TWO_FIFTY_GOLD","is_prod":false,"is_daily":false,"chose_seed":false,"campfire_upgraded":6,"win_rate":0,"timestamp":1549450740,"path_taken":["M","?","?","M","?","R","E","R","T","$","?","E","R","M","R","BOSS","M","$","?","?","?","R","?","M","T","E","?","R","?","?","R","BOSS"],"build_version":"2019-01-23","purchased_purges":2,"victory":false,"max_hp_per_floor":[80,80,80,80,80,80,80,80,80,80,80,80,80,80,80,80,80,80,80,80,80,85,85,85,85,85,85,85,85,85,85,85,85],"card_choices":[{"not_picked":["Warcry","Sever Soul"],"picked":"Armaments","floor":1},{"not_picked":["Shockwave","Combust"],"picked":"Perfected Strike","floor":3},{"not_picked":["True Grit","Armaments"],"picked":"Pommel Strike","floor":4},{"not_picked":["Inflame","Bludgeon","Anger"],"picked":"SKIP","floor":7},{"not_picked":["Havoc","Warcry","Wild Strike"],"picked":"SKIP","floor":11},{"not_picked":["Shrug It Off","Disarm"],"picked":"Pommel Strike","floor":12},{"not_picked":["Heavy Blade","Feel No Pain"],"picked":"Thunderclap","floor":14},{"not_picked":["True Grit","Dual Wield"],"picked":"Flame Barrier","floor":18},{"not_picked":["Body Slam","Anger+1","Hemokinesis"],"picked":"SKIP","floor":25},{"not_picked":["Wild Strike","Power Through"],"picked":"Iron Wave","floor":27},{"not_picked":["Clash","Metallicize"],"picked":"Rage","floor":28}],"player_experience":817631,"relics_obtained":[{"floor":7,"key":"Pen Nib"},{"floor":9,"key":"Self Forming Clay"},{"floor":12,"key":"Vajra"},{"floor":26,"key":"Ornamental Fan"},{"floor":27,"key":"MawBank"}],"event_choices":[{"damage_healed":0,"gold_gain":0,"player_choice":"Got Potions","damage_taken":0,"max_hp_gain":0,"max_hp_loss":0,"event_name":"Lab","floor":2,"gold_loss":0},{"damage_healed":0,"gold_gain":0,"player_choice":"Cursed","damage_taken":0,"max_hp_gain":0,"max_hp_loss":0,"event_name":"Wheel of Change","floor":5,"gold_loss":0,"cards_obtained":["Decay"]},{"damage_healed":0,"gold_gain":99,"player_choice":"Stole From Cult","damage_taken":0,"max_hp_gain":0,"max_hp_loss":0,"event_name":"Nest","floor":20,"gold_loss":0},{"damage_healed":0,"gold_gain":0,"player_choice":"Read","damage_taken":0,"max_hp_gain":0,"max_hp_loss":0,"event_name":"The Library","floor":21,"gold_loss":0,"cards_obtained":["Perfected Strike"]},{"damage_healed":0,"gold_gain":0,"player_choice":"Shed Blood","damage_taken":20,"max_hp_gain":5,"max_hp_loss":0,"event_name":"Forgotten Altar","floor":22,"gold_loss":0},{"damage_healed":0,"gold_gain":0,"player_choice":"Fight","damage_taken":0,"max_hp_gain":0,"max_hp_loss":0,"event_name":"Colosseum","floor":30,"gold_loss":0},{"damage_healed":0,"gold_gain":0,"player_choice":"Fled From Nobs","damage_taken":0,"max_hp_gain":0,"max_hp_loss":0,"event_name":"Colosseum","floor":30,"gold_loss":0}],"is_beta":false,"boss_relics":[{"not_picked":["Pandora\u0027s Box","Philosopher\u0027s Stone"],"picked":"Eternal Feather"}],"items_purged_floors":[10,24],"is_endless":false,"potions_floor_spawned":[4,7,11,12,27,28,30],"killed_by":"Automaton","ascension_level":5}