{"gold_per_floor":[112,112,212,228,6,39,52,64,91,120,131,131,131,159,159,254,254,270,56,56,69,86,86,99,125,151,151,178,6,17,17,17,17],"floor_reached":33,"playtime":6262,"items_purged":[],"score":330,"play_id":"8babdcd0-eb43-4253-a8b2-b535ff495ed1","local_time":"20190203220408","is_ascension_mode":false,"campfire_choices":[{"floor":12,"key":"REST"},{"data":"Metamorphosis","floor":15,"key":"SMITH"},{"data":"Limit Break","floor":23,"key":"SMITH"},{"data":"Chrysalis","floor":27,"key":"SMITH"},{"data":"Apotheosis","floor":32,"key":"SMITH"}],"neow_cost":"NONE","seed_source_timestamp":1341586605871313,"circlet_count":0,"master_deck":["Strike_R","Strike_R","Strike_R","Strike_R","Defend_R","Defend_R+1","Defend_R","Defend_R","Bash+1","Shrug It Off","Heavy Blade","Metamorphosis+1","True Grit","Thunderclap","Fire Breathing","Anger","Shrug It Off","Seeing Red","Spot Weakness","Limit Break+1","Rage","Battle Trance","Chrysalis+1","Burning Pact","Flex+1","Shockwave","Pummel","Shockwave","Apotheosis+1","Warcry+1","RitualDagger"],"relics":["Burning Blood","NeowsBlessing","Oddly Smooth Stone","Bag of Preparation","Strawberry","Regal Pillow","Coffee Dripper","Anchor","Vajra","Bottled Flame"],"potions_floor_usage":[28,33,33,33],"damage_taken":[{"damage":0,"enemies":"2 Louse","floor":1,"turns":1},{"damage":0,"enemies":"Cultist","floor":4,"turns":1},{"damage":0,"enemies":"Lagavulin","floor":6,"turns":1},{"damage":2,"enemies":"Jaw Worm","floor":7,"turns":4},{"damage":18,"enemies":"Exordium Thugs","floor":8,"turns":4},{"damage":27,"enemies":"Gremlin Nob","floor":10,"turns":5},{"damage":3,"enemies":"2 Fungi Beasts","floor":11,"turns":5},{"damage":13,"enemies":"Lagavulin","floor":14,"turns":6},{"damage":15,"enemies":"The Guardian","floor":16,"turns":11},{"damage":1,"enemies":"Spheric Guardian","floor":18,"turns":3},{"damage":23,"enemies":"2 Thieves","floor":21,"turns":4},{"damage":35,"enemies":"Snake Plant","floor":22,"turns":6},{"damage":0,"enemies":"Cultist and Chosen","floor":24,"turns":5},{"damage":31,"enemies":"Gremlin Leader","floor":25,"turns":5},{"damage":20,"enemies":"Book of Stabbing","floor":28,"turns":6},{"damage":0,"enemies":"Chosen and Byrds","floor":30,"turns":3},{"damage":30,"enemies":"Automaton","floor":33,"turns":6}],"seed_played":"844361553063779202","potions_obtained":[{"floor":8,"key":"FearPotion"},{"floor":10,"key":"Fire Potion"},{"floor":11,"key":"Explosive Potion"},{"floor":14,"key":"Regen Potion"},{"floor":16,"key":"EssenceOfSteel"},{"floor":25,"key":"BloodPotion"},{"floor":28,"key":"Poison Potion"}],"is_trial":false,"path_per_floor":["M","?","?","M","$","E","M","M","T","E","M","R","?","E","R","B",null,"M","$","?","M","M","R","M","E","T","R","E","$","M","?","R","B"],"character_chosen":"IRONCLAD","items_purchased":["Metamorphosis","True Grit","Battle Trance","Chrysalis","Apotheosis"],"campfire_rested":1,"item_purchase_floors":[5,5,19,19,29],"current_hp_per_floor":[80,64,64,70,70,76,80,68,68,54,57,83,88,81,81,72,92,92,92,92,75,46,46,52,27,27,27,22,22,28,22,22,0],"gold":17,"neow_bonus":"THREE_ENEMY_KILL","is_prod":false,"is_daily":false,"chose_seed":false,"campfire_upgraded":4,"win_rate":0.0,"timestamp":1549231448,"path_taken":["M","?","?","M","$","E","?","M","T","E","M","R","?","E","R","BOSS","M","$","?","M","M","R","M","E","T","R","E","?","M","?","R","BOSS"],"build_version":"2019-01-23","purchased_purges":0,"victory":false,"max_hp_per_floor":[80,80,80,80,80,80,80,80,80,87,87,87,92,92,92,92,92,92,92,92,92,92,92,92,92,92,92,92,92,92,92,92,92],"card_choices":[{"not_picked":["Thunderclap","Armaments"],"picked":"Shrug It Off","floor":1},{"not_picked":["Flex","Warcry"],"picked":"Heavy Blade","floor":4},{"not_picked":["Evolve","True Grit"],"picked":"Thunderclap","floor":6},{"not_picked":["Sword Boomerang","Power Through"],"picked":"Fire Breathing","floor":7},{"not_picked":["Uppercut","Clash"],"picked":"Anger","floor":8},{"not_picked":["Bludgeon","Cleave"],"picked":"Shrug It Off","floor":10},{"not_picked":["Clothesline","Hemokinesis"],"picked":"Seeing Red","floor":11},{"not_picked":["Juggernaut","Warcry"],"picked":"Spot Weakness","floor":14},{"not_picked":["Juggernaut","Demon Form"],"picked":"Limit Break","floor":16},{"not_picked":["Perfected Strike","Flex"],"picked":"Rage","floor":18},{"not_picked":["Perfected Strike+1","Second Wind"],"picked":"Burning Pact","floor":21},{"not_picked":["Wild Strike","Clash"],"picked":"Flex+1","floor":22},{"not_picked":["Headbutt","Warcry"],"picked":"Shockwave","floor":24},{"not_picked":["Second Wind+1","Hemokinesis"],"picked":"Pummel","floor":25},{"not_picked":["Sever Soul","Barricade"],"picked":"Shockwave","floor":28},{"not_picked":["Heavy Blade+1","Seeing Red+1"],"picked":"Warcry+1","floor":30}],"player_experience":182162,"relics_obtained":[{"floor":6,"key":"Oddly Smooth Stone"},{"floor":9,"key":"Bag of Preparation"},{"floor":10,"key":"Strawberry"},{"floor":14,"key":"Regal Pillow"},{"floor":25,"key":"Anchor"},{"floor":26,"key":"Vajra"},{"floor":28,"key":"Bottled Flame"}],"event_choices":[{"damage_healed":0,"gold_gain":0,"player_choice":"Entered Light","damage_taken":16,"max_hp_gain":0,"max_hp_loss":0,"event_name":"Shining Light","floor":2,"gold_loss":0,"cards_upgraded":["Bash","Defend_R"]},{"damage_healed":0,"gold_gain":100,"player_choice":"Pray","damage_taken":0,"max_hp_gain":0,"max_hp_loss":0,"event_name":"Golden Shrine","floor":3,"gold_loss":0},{"damage_healed":0,"gold_gain":0,"player_choice":"Donut","damage_taken":0,"max_hp_gain":5,"max_hp_loss":0,"event_name":"Big Fish","floor":13,"gold_loss":0},{"cards_removed":["Strike_R"],"damage_healed":0,"gold_gain":0,"player_choice":"Card Removal","damage_taken":0,"max_hp_gain":0,"max_hp_loss":0,"event_name":"Wheel of Change","floor":20,"gold_loss":0},{"damage_healed":0,"gold_gain":0,"player_choice":"Joined the Cult","damage_taken":6,"max_hp_gain":0,"max_hp_loss":0,"event_name":"Nest","floor":31,"gold_loss":0,"cards_obtained":["RitualDagger"]}],"is_beta":false,"boss_relics":[{"not_picked":["Black Blood","Runic Cube"],"picked":"Coffee Dripper"}],"items_purged_floors":[],"is_endless":false,"potions_floor_spawned":[8,10,11,14,16,24,25,28],"killed_by":"Automaton","ascension_level":0}