{"gold_per_floor":[110,127,127,127,141,141,169,195,195,212,212,225,243,259,259,336,336,356,356,356,143,162,162,180,195,195,215,234,234,252,31,31,108,108,119,132,132,144,498,498,510,510,592,592,308,324,337,362,362,362],"floor_reached":51,"playtime":2082,"items_purged":["Decay","Strike_R","Strike_R"],"score":1304,"play_id":"c6694ca0-92c1-4dd4-a621-0b50dbecec86","local_time":"20181004010132","is_ascension_mode":true,"campfire_choices":[{"data":"Bash","floor":6,"key":"SMITH"},{"data":"Immolate","floor":11,"key":"SMITH"},{"data":"Heavy Blade","floor":15,"key":"SMITH"},{"data":"Impervious","floor":23,"key":"SMITH"},{"data":"Uppercut","floor":32,"key":"SMITH"},{"data":"Evolve","floor":40,"key":"SMITH"},{"data":"Clothesline","floor":42,"key":"SMITH"},{"data":"Inflame","floor":44,"key":"SMITH"},{"data":"Spot Weakness","floor":49,"key":"SMITH"}],"neow_cost":"","seed_source_timestamp":168318615245305,"circlet_count":0,"master_deck":["Strike_R","Strike_R","Strike_R","Defend_R","Defend_R","Defend_R","Bash+1","AscendersBane","Clothesline+1","Spot Weakness+1","Impervious+1","Immolate+1","Heavy Blade+1","Power Through+1","Inflame+1","Battle Trance+1","Barricade+1","Burning Pact+1","Necronomicurse","Shrug It Off+1","Evolve+1","Flame Barrier+1","Uppercut+1","Ghostly Armor+1","Impervious+1","Dark Shackles+1","Limit Break+1","Warcry+1","Shrug It Off+1","Shrug It Off+1","Warcry+1","Exhume+1"],"relics":["Burning Blood","Toxic Egg 2","Odd Mushroom","Ancient Tea Set","Sozu","Necronomicon","Meat on the Bone","Coffee Dripper","Old Coin","Gremlin Horn","Vajra"],"potions_floor_usage":[7,12,16,28],"damage_taken":[{"damage":7,"enemies":"Jaw Worm","floor":1,"turns":4},{"damage":1,"enemies":"Cultist","floor":2,"turns":3},{"damage":8,"enemies":"2 Louse","floor":5,"turns":3},{"damage":49,"enemies":"3 Sentries","floor":7,"turns":9},{"damage":7,"enemies":"The Mushroom Lair","floor":8,"turns":3},{"damage":6,"enemies":"2 Fungi Beasts","floor":10,"turns":2},{"damage":0,"enemies":"Lots of Slimes","floor":12,"turns":1},{"damage":0,"enemies":"3 Louse","floor":13,"turns":1},{"damage":2,"enemies":"Large Slime","floor":14,"turns":4},{"damage":28,"enemies":"The Guardian","floor":16,"turns":9},{"damage":16,"enemies":"3 Byrds","floor":18,"turns":4},{"damage":0,"enemies":"Spheric Guardian","floor":22,"turns":3},{"damage":0,"enemies":"Cultist and Chosen","floor":24,"turns":6},{"damage":0,"enemies":"Centurion and Healer","floor":25,"turns":4},{"damage":6,"enemies":"Shelled Parasite and Fungi","floor":27,"turns":2},{"damage":11,"enemies":"Snake Plant","floor":28,"turns":4},{"damage":0,"enemies":"Cultist and Chosen","floor":30,"turns":3},{"damage":9,"enemies":"Champ","floor":33,"turns":14},{"damage":0,"enemies":"3 Shapes","floor":35,"turns":1},{"damage":0,"enemies":"3 Darklings","floor":36,"turns":3},{"damage":0,"enemies":"Maw","floor":38,"turns":9},{"damage":25,"enemies":"Mysterious Sphere","floor":39,"turns":4},{"damage":4,"enemies":"4 Shapes","floor":41,"turns":6},{"damage":0,"enemies":"3 Darklings","floor":46,"turns":3},{"damage":0,"enemies":"Reptomancer","floor":47,"turns":2},{"damage":37,"enemies":"Giant Head","floor":48,"turns":9},{"damage":12,"enemies":"Awakened One","floor":50,"turns":10}],"seed_played":"5900780401212011149","potions_obtained":[{"floor":2,"key":"GamblersBrew"},{"floor":3,"key":"Poison Potion"},{"floor":10,"key":"Strength Potion"},{"floor":12,"key":"Regen Potion"},{"floor":13,"key":"FearPotion"},{"floor":16,"key":"SkillPotion"}],"is_trial":false,"path_per_floor":["M","M","?","?","M","R","E","?","T","M","R","M","M","M","R","B",null,"M","?","?","$","M","R","M","M","T","M","M","?","M","$","R","B",null,"M","M","?","M","?","R","M","R","T","R","$","M","M","E","R","B"],"character_chosen":"IRONCLAD","items_purchased":["Shrug It Off+1","Evolve","Dark Shackles+1","Exhume+1"],"campfire_rested":0,"item_purchase_floors":[21,21,31,45],"current_hp_per_floor":[67,72,72,72,70,70,27,26,26,26,26,32,38,42,42,20,61,51,51,30,30,36,36,42,48,48,48,55,55,61,61,61,58,71,75,75,75,75,56,56,58,58,58,58,58,64,70,51,51,45],"gold":362,"neow_bonus":"","is_prod":false,"is_daily":false,"chose_seed":false,"campfire_upgraded":9,"win_rate":0,"timestamp":1538640092,"path_taken":["M","M","?","?","M","R","E","?","T","M","R","M","?","?","R","BOSS","M","?","?","$","M","R","M","M","T","M","M","?","M","$","R","BOSS","M","M","?","M","?","R","M","R","T","R","$","M","M","E","R","BOSS"],"build_version":"2018-10-02","purchased_purges":3,"victory":true,"max_hp_per_floor":[75,75,75,75,75,75,75,75,75,75,75,75,75,75,75,75,75,75,75,75,75,75,75,75,75,75,75,75,75,75,75,75,75,75,75,75,75,75,75,75,75,75,75,75,75,75,75,75,75,75],"card_choices":[{"not_picked":["Cleave","Wild Strike"],"picked":"Clothesline","floor":1},{"not_picked":["Wild Strike","Blood for Blood"],"picked":"Spot Weakness","floor":2},{"not_picked":["Hemokinesis","Heavy Blade"],"picked":"Impervious","floor":5},{"not_picked":["Cleave","Twin Strike"],"picked":"Immolate","floor":7},{"not_picked":["Pummel","Iron Wave"],"picked":"Heavy Blade","floor":8},{"not_picked":["Thunderclap","Perfected Strike","Headbutt"],"picked":"SKIP","floor":10},{"not_picked":["Body Slam","Sword Boomerang"],"picked":"Power Through+1","floor":12},{"not_picked":["Combust","Heavy Blade"],"picked":"Inflame","floor":13},{"not_picked":["True Grit+1","Clash"],"picked":"Battle Trance+1","floor":14},{"not_picked":["Dark Embrace","Fiend Fire"],"picked":"Barricade","floor":16},{"not_picked":["Rupture","Shockwave+1"],"picked":"Burning Pact+1","floor":18},{"not_picked":["Wild Strike","Havoc+1"],"picked":"Flame Barrier+1","floor":22},{"not_picked":["Shrug It Off+1","Flex+1"],"picked":"Uppercut","floor":24},{"not_picked":["Second Wind+1","Havoc+1","Clothesline"],"picked":"SKIP","floor":25},{"not_picked":["Pommel Strike","Cleave","Twin Strike"],"picked":"SKIP","floor":27},{"not_picked":["Flex+1","Headbutt"],"picked":"Ghostly Armor+1","floor":28},{"not_picked":["Armaments+1","Dark Embrace","Wild Strike"],"picked":"SKIP","floor":30},{"not_picked":["Feed","Barricade"],"picked":"Limit Break+1","floor":33},{"not_picked":["Havoc+1","Heavy Blade"],"picked":"Warcry+1","floor":35},{"not_picked":["Reckless Charge","Spot Weakness+1"],"picked":"Shrug It Off+1","floor":36},{"not_picked":["Sword Boomerang+1","Flame Barrier+1"],"picked":"Shrug It Off+1","floor":38},{"not_picked":["Pommel Strike","Anger"],"picked":"Warcry+1","floor":41},{"not_picked":["Armaments+1","Feed","Wild Strike+1"],"picked":"SKIP","floor":46},{"not_picked":["Flex+1","Perfected Strike+1","Heavy Blade"],"picked":"SKIP","floor":47},{"not_picked":["Berserk","Blood for Blood","Iron Wave"],"picked":"SKIP","floor":48}],"player_experience":849400,"relics_obtained":[{"floor":7,"key":"Toxic Egg 2"},{"floor":8,"key":"Odd Mushroom"},{"floor":9,"key":"Ancient Tea Set"},{"floor":20,"key":"Necronomicon"},{"floor":26,"key":"Meat on the Bone"},{"floor":39,"key":"Old Coin"},{"floor":43,"key":"Gremlin Horn"},{"floor":48,"key":"Vajra"}],"event_choices":[{"event_name":"The Lab","player_choice":"Got Potions","floor":3,"damage_taken":0},{"event_name":"Wheel of Change","player_choice":"Curse","floor":4,"damage_taken":0},{"event_name":"Mushrooms","player_choice":"Fought Mushrooms","floor":8,"damage_taken":0},{"event_name":"Accursed Blacksmith","player_choice":"Forge","floor":19,"damage_taken":0},{"event_name":"Cursed Tome","player_choice":"Obtained Book","floor":20,"damage_taken":0},{"event_name":"Duplicator","player_choice":"One dupe","floor":29,"damage_taken":0},{"event_name":"Falling","player_choice":"Removed Skill","floor":37,"damage_taken":0},{"event_name":"Mysterious Sphere","player_choice":"Fight","floor":39,"damage_taken":0}],"is_beta":true,"boss_relics":[{"not_picked":["White Beast Statue","Lizard Tail"],"picked":"Sozu"},{"not_picked":["Black Star","Orrery"],"picked":"Coffee Dripper"}],"items_purged_floors":[21,31,45],"is_endless":false,"potions_floor_spawned":[2,10,12,13,16,24,27,28,30,38,39,48],"ascension_level":18}