{"path_per_floor":["M","M","M","M","?","E","M","E","T","?","M","M","R","M","R","B",null,"M","?"],"character_chosen":"DEFECT","items_purchased":[],"gold_per_floor":[116,126,139,159,109,134,152,179,204,204,224,236,236,251,251,352,352,371,371,371],"floor_reached":20,"campfire_rested":1,"playtime":1008,"current_hp_per_floor":[72,72,71,66,66,40,18,2,2,2,2,2,24,24,24,2,75,47,33,0],"items_purged":[],"gold":371,"score":188,"play_id":"9f20f7d7-13bf-477d-8a2c-93f3ab20eede","local_time":"20180428173402","is_prod":false,"is_daily":false,"chose_seed":false,"is_ascension_mode":false,"campfire_upgraded":0,"timestamp":1524954842,"path_taken":["M","M","M","M","?","E","?","E","T","?","?","M","R","M","R","BOSS","M","?","?"],"build_version":"2018-04-27v3","seed_source_timestamp":325568065241266,"purchased_purges":0,"victory":false,"master_deck":["Strike_B","Strike_B","Strike_B","Defend_B","Defend_B","Defend_B","Zap+1","Dualcast","Scrape","Storm","Capacitor","Cold Snap","Streamline","Beam Cell","Stack","Chaos","Leap","Barrage","Capacitor","Fission","Impulse"],"max_hp_per_floor":[75,75,75,75,75,75,75,75,75,75,75,75,75,75,75,75,75,75,80,80],"relics":["Cracked Core","Girya","Omamori","Lantern","Nuclear Battery"],"card_choices":[{"not_picked":["Axe Kick","Flux Capacitor"],"picked":"Scrape","floor":1},{"not_picked":["Ball Lightning","Axe Kick"],"picked":"Storm","floor":2},{"not_picked":["Conserve Battery","Blaster"],"picked":"Capacitor","floor":3},{"not_picked":["Melter","Reinforced Body"],"picked":"Cold Snap","floor":4},{"not_picked":["Darkness","Reboot"],"picked":"Streamline","floor":6},{"not_picked":["Doom and Gloom","Turbo"],"picked":"Beam Cell","floor":7},{"not_picked":["Turbo","Steam Power"],"picked":"Stack","floor":8},{"not_picked":["Double Energy","Auto Shields"],"picked":"Leap","floor":11},{"not_picked":["Rip and Tear","Loop"],"picked":"Barrage","floor":12},{"not_picked":["Steam Power","Coolheaded"],"picked":"Capacitor","floor":14},{"not_picked":["Biased Cognition","Redo"],"picked":"Fission","floor":16},{"not_picked":["Leap","Tempest"],"picked":"Impulse","floor":18}],"player_experience":196298,"potions_floor_usage":[8,11,11,20],"damage_taken":[{"damage":3,"enemies":"Small Slimes","floor":1,"turns":3},{"damage":0,"enemies":"2 Louse","floor":2,"turns":2},{"damage":1,"enemies":"Cultist","floor":3,"turns":3},{"damage":5,"enemies":"Looter","floor":4,"turns":4},{"damage":26,"enemies":"3 Sentries","floor":6,"turns":7},{"damage":22,"enemies":"Exordium Thugs","floor":7,"turns":4},{"damage":16,"enemies":"Gremlin Nob","floor":8,"turns":4},{"damage":0,"enemies":"Blue Slaver","floor":11,"turns":3},{"damage":0,"enemies":"3 Louse","floor":12,"turns":4},{"damage":0,"enemies":"Large Slime","floor":14,"turns":3},{"damage":22,"enemies":"Slime Boss","floor":16,"turns":9},{"damage":28,"enemies":"Shell Parasite","floor":18,"turns":4},{"damage":47,"enemies":"Masked Bandits","floor":20,"turns":3}],"event_choices":[{"event_name":"The Cleric","player_choice":"Card Removal","floor":5,"damage_taken":0},{"event_name":"Transmorgrifier","player_choice":"Transform","floor":10,"damage_taken":0},{"event_name":"Forgotten Altar","player_choice":"Shed Blood","floor":19,"damage_taken":0},{"event_name":"Masked Bandits","player_choice":"Fought over 371 gold","floor":20,"damage_taken":0}],"boss_relics":[{"not_picked":["Pandora\u0027s Box","Inserter"],"picked":"Nuclear Battery"}],"potions_floor_spawned":[3,4,6,8,18],"seed_played":"7180612381024574086","killed_by":"Masked Bandits","ascension_level":0,"is_trial":false}