{"path_per_floor":["M","?","M","M","M","E","M","R","T","E","M","R","?","E","R","B",null,"M","$","?","M","M","E","R","E","T","E","M","R","$","M","R","B",null,"M","$","M","M","?","E","R","E","T","?","E","M","R","M","R","B"],"character_chosen":"THE_SILENT","items_purchased":["Ornamental Fan","Shuriken"],"gold_per_floor":[115,190,204,222,237,264,281,281,281,309,322,322,322,354,354,455,455,471,217,244,258,270,305,305,338,338,368,378,378,56,70,70,174,174,191,191,206,226,226,260,260,286,286,338,364,379,379,389,389,389],"floor_reached":51,"campfire_rested":4,"playtime":3221,"item_purchase_floors":[19,30],"current_hp_per_floor":[62,51,45,45,45,33,22,43,43,29,29,50,50,44,44,26,59,59,59,55,55,53,53,53,53,53,53,57,57,57,57,57,49,65,65,65,69,69,59,59,59,59,59,59,57,50,73,57,76,40],"items_purged":["Regret"],"gold":389,"score":1260,"play_id":"9d44b1e5-4111-49aa-b12f-d73bc2c8aef7","local_time":"20180603103706","is_prod":false,"is_daily":false,"chose_seed":false,"is_ascension_mode":true,"campfire_upgraded":5,"win_rate":0,"timestamp":1528040226,"campfire_choices":[{"floor":8,"key":"REST"},{"floor":12,"key":"REST"},{"data":"Infinite Blades","floor":15,"key":"SMITH"},{"data":"After Image","floor":24,"key":"SMITH"},{"data":"Poisoned Stab","floor":29,"key":"SMITH"},{"data":"Poisoned Stab","floor":32,"key":"SMITH"},{"data":"Magnetism","floor":41,"key":"SMITH"},{"floor":47,"key":"REST"},{"floor":49,"key":"REST"}],"path_taken":["M","?","?","M","?","E","M","R","T","E","M","R","?","E","R","BOSS","M","$","?","M","?","E","R","E","T","E","M","R","$","M","R","BOSS","M","$","M","M","?","E","R","E","T","?","E","?","R","M","R","BOSS"],"build_version":"2018-05-31","seed_source_timestamp":1345692156249913,"purchased_purges":1,"victory":true,"master_deck":["Defend_G","Defend_G","Defend_G","Defend_G","Defend_G","Strike_G","Strike_G","Strike_G+1","Strike_G","Strike_G","Survivor","Neutralize","Flying Knee","Backstab","Poisoned Stab+1","Infinite Blades+1","Dodge and Roll","Bane+1","Backstab","Crippling Poison","Flying Knee","Cloak And Dagger","After Image+1","Backflip","Cloak And Dagger","Blur+1","Cloak And Dagger+1","Poisoned Stab+1","Cloak And Dagger+1","Cloak And Dagger","Acrobatics","Poisoned Stab+1","Adrenaline","Malaise","Dodge and Roll","Poisoned Stab","Secret Technique","Magnetism+1","Sadistic Nature","Bouncing Flask+1","Deadly Poison+1","Infinite Blades+1","Poisoned Stab+1","Poisoned Stab+1"],"max_hp_per_floor":[70,70,70,70,70,70,70,70,70,70,70,70,70,70,70,70,70,70,70,70,70,70,70,70,70,70,70,70,70,70,70,70,70,70,70,70,70,70,70,70,70,70,70,70,72,72,74,74,76,76],"relics":["Ring of the Snake","Dream Catcher","Ninja Scroll","Bag of Marbles","Tingsha","Whetstone","Cursed Key","Ornamental Fan","Red Mask","Gremlin Horn","Mummified Hand","Toolbox","Orichalcum","Shuriken","White Beast Statue","Omamori","Bronze Scales","Singing Bowl","Girya","Pen Nib"],"card_choices":[{"not_picked":["Outmaneuver","Slice"],"picked":"Flying Knee","floor":1},{"not_picked":["Dagger Spray","Blade Dance"],"picked":"Backstab","floor":3},{"not_picked":["Endless Agony","Flying Knee"],"picked":"Poisoned Stab","floor":4},{"not_picked":["Concentrate","Backflip"],"picked":"Infinite Blades","floor":5},{"not_picked":["Dagger Spray","Heel Hook"],"picked":"Dodge and Roll","floor":6},{"not_picked":["Deadly Poison","Quick Slash"],"picked":"Bane","floor":7},{"not_picked":["Acrobatics","Flying Knee"],"picked":"Backstab","floor":8},{"not_picked":["Wraith Form v2","Slice"],"picked":"Crippling Poison","floor":10},{"not_picked":["Slice","Sucker Punch"],"picked":"Flying Knee","floor":11},{"not_picked":["Calculated Gamble","Quick Slash"],"picked":"Cloak And Dagger","floor":14},{"not_picked":["Tools of the Trade","Grand Finale"],"picked":"After Image","floor":16},{"not_picked":["Deadly Poison","Deflect"],"picked":"Backflip","floor":18},{"not_picked":["Dagger Spray+1","Prepared"],"picked":"Cloak And Dagger","floor":20},{"not_picked":["PiercingWail+1","Prepared"],"picked":"Blur+1","floor":21},{"not_picked":["Dagger Spray+1","Dagger Throw"],"picked":"Cloak And Dagger+1","floor":22},{"not_picked":["Concentrate","Slice+1"],"picked":"Poisoned Stab","floor":23},{"not_picked":["Wraith Form v2","Flechettes"],"picked":"Cloak And Dagger+1","floor":25},{"not_picked":["Dodge and Roll+1","Outmaneuver"],"picked":"Cloak And Dagger","floor":27},{"not_picked":["Reflex","Predator"],"picked":"Acrobatics","floor":28},{"not_picked":["Dodge and Roll+1","Deadly Poison+1"],"picked":"Poisoned Stab+1","floor":31},{"not_picked":["Grand Finale","Phantasmal Killer"],"picked":"Adrenaline","floor":33},{"not_picked":["Deadly Poison+1","Backflip+1"],"picked":"Malaise","floor":35},{"not_picked":["Underhanded Strike","Slice"],"picked":"Dodge and Roll","floor":37},{"not_picked":["Sucker Punch","Concentrate+1"],"picked":"Poisoned Stab","floor":38},{"not_picked":["Swift Strike","Bandage Up"],"picked":"Secret Technique","floor":39},{"not_picked":["Trip","Panacea"],"picked":"Magnetism","floor":39},{"not_picked":["Swift Strike","Purity"],"picked":"Sadistic Nature","floor":39},{"not_picked":["Underhanded Strike+1","Backflip+1"],"picked":"Bouncing Flask+1","floor":40},{"not_picked":["All Out Attack","Corpse Explosion"],"picked":"Deadly Poison+1","floor":42},{"not_picked":["Quick Slash+1","Deflect"],"picked":"Infinite Blades+1","floor":44},{"not_picked":["Riddle With Holes","Outmaneuver+1","Prepared"],"picked":"Singing Bowl","floor":45},{"not_picked":["Malaise+1","Dagger Spray"],"picked":"Poisoned Stab+1","floor":46},{"not_picked":["Flying Knee","Underhanded Strike","Riddle With Holes"],"picked":"Singing Bowl","floor":47},{"not_picked":["Reflex","Prepared+1"],"picked":"Poisoned Stab+1","floor":48},{"not_picked":["Outmaneuver","Underhanded Strike+1","Dagger Throw+1"],"picked":"Singing Bowl","floor":49}],"player_experience":226183,"potions_floor_usage":[6,10,25,33,33,40,42,44,45,46,48,50,50,50],"damage_taken":[{"damage":1,"enemies":"Jaw Worm","floor":1,"turns":3},{"damage":6,"enemies":"Cultist","floor":3,"turns":3},{"damage":0,"enemies":"2 Louse","floor":4,"turns":2},{"damage":0,"enemies":"Blue Slaver","floor":5,"turns":3},{"damage":12,"enemies":"Gremlin Nob","floor":6,"turns":3},{"damage":11,"enemies":"Lots of Slimes","floor":7,"turns":5},{"damage":14,"enemies":"Lagavulin","floor":10,"turns":5},{"damage":0,"enemies":"Large Slime","floor":11,"turns":1},{"damage":6,"enemies":"3 Sentries","floor":14,"turns":5},{"damage":18,"enemies":"Hexaghost","floor":16,"turns":9},{"damage":0,"enemies":"3 Byrds","floor":18,"turns":3},{"damage":4,"enemies":"Masked Bandits","floor":20,"turns":4},{"damage":0,"enemies":"2 Thieves","floor":21,"turns":3},{"damage":2,"enemies":"Centurion and Healer","floor":22,"turns":4},{"damage":0,"enemies":"Slavers","floor":23,"turns":5},{"damage":0,"enemies":"Gremlin Leader","floor":25,"turns":6},{"damage":0,"enemies":"Slavers","floor":27,"turns":3},{"damage":0,"enemies":"Snecko","floor":28,"turns":2},{"damage":0,"enemies":"Cultist and Chosen","floor":31,"turns":2},{"damage":8,"enemies":"Automaton","floor":33,"turns":6},{"damage":0,"enemies":"3 Darklings","floor":35,"turns":3},{"damage":0,"enemies":"Orb Walker","floor":37,"turns":2},{"damage":0,"enemies":"Sphere and 2 Shapes","floor":38,"turns":3},{"damage":0,"enemies":"Nemesis","floor":40,"turns":5},{"damage":0,"enemies":"2 Orb Walkers","floor":42,"turns":3},{"damage":0,"enemies":"Mysterious Sphere","floor":44,"turns":2},{"damage":4,"enemies":"Giant Head","floor":45,"turns":6},{"damage":7,"enemies":"4 Shapes","floor":46,"turns":3},{"damage":16,"enemies":"Maw","floor":48,"turns":5},{"damage":36,"enemies":"Awakened One","floor":50,"turns":9}],"relics_obtained":[{"floor":6,"key":"Dream Catcher"},{"floor":9,"key":"Ninja Scroll"},{"floor":10,"key":"Bag of Marbles"},{"floor":14,"key":"Whetstone"},{"floor":20,"key":"Red Mask"},{"floor":23,"key":"Gremlin Horn"},{"floor":25,"key":"Mummified Hand"},{"floor":26,"key":"Toolbox"},{"floor":27,"key":"Orichalcum"},{"floor":40,"key":"Omamori"},{"floor":42,"key":"Bronze Scales"},{"floor":43,"key":"Singing Bowl"},{"floor":44,"key":"Girya"},{"floor":45,"key":"Pen Nib"}],"event_choices":[{"event_name":"World of Goop","player_choice":"Gather Gold","floor":2,"damage_taken":0},{"event_name":"Dead Adventurer","player_choice":"Searched \u00271\u0027 times","floor":13,"damage_taken":0},{"event_name":"Masked Bandits","player_choice":"Fought over 217 gold","floor":20,"damage_taken":0},{"event_name":"SensoryStone","player_choice":"Memory 3","floor":39,"damage_taken":0},{"event_name":"Mysterious Sphere","player_choice":"Fight","floor":44,"damage_taken":0}],"boss_relics":[{"not_picked":["Sozu","Pandora\u0027s Box"],"picked":"Cursed Key"},{"not_picked":["Orrery","Snecko Eye"],"picked":"White Beast Statue"}],"items_purged_floors":[30],"potions_floor_spawned":[3,5,6,10,18,21,22,25,31,35,37,38,40,42,44,45,46,48],"seed_played":"3651726436615384308","ascension_level":6,"potions_obtained":[{"floor":3,"key":"Fire Potion"},{"floor":5,"key":"PowerPotion"},{"floor":6,"key":"Explosive Potion"},{"floor":10,"key":"SpeedPotion"},{"floor":18,"key":"Swift Potion"},{"floor":25,"key":"Swift Potion"},{"floor":31,"key":"Dexterity Potion"},{"floor":35,"key":"AttackPotion"},{"floor":37,"key":"Swift Potion"},{"floor":40,"key":"Swift Potion"},{"floor":42,"key":"SkillPotion"},{"floor":44,"key":"PowerPotion"},{"floor":45,"key":"SteroidPotion"},{"floor":46,"key":"FearPotion"},{"floor":48,"key":"FearPotion"}],"is_trial":false}