{"gold_per_floor":[110,121,46,196,196,196,237,251,251,251,295,295,22,46,46,46],"floor_reached":16,"playtime":358,"items_purged":[],"score":266,"play_id":"044972f0-bf7b-4f23-83f8-322290571ced","local_time":"20181210234425","is_ascension_mode":true,"campfire_choices":[{"data":"Armaments","floor":6,"key":"SMITH"},{"floor":12,"key":"REST"},{"floor":15,"key":"REST"}],"neow_cost":"NONE","seed_source_timestamp":14305068581626,"circlet_count":0,"master_deck":["AscendersBane","Strike_R","Strike_R","Strike_R","Strike_R","Strike_R","Defend_R","Defend_R","Defend_R","Bash","Armaments+1","Iron Wave","Doubt","Limit Break","True Grit","Thunderclap","Bloodletting"],"relics":["Burning Blood","NeowsBlessing","Golden Idol","Ornamental Fan","Unceasing Top","Gremlin Horn","Shuriken"],"potions_floor_usage":[16],"damage_taken":[{"damage":0,"enemies":"Jaw Worm","floor":1,"turns":1},{"damage":0,"enemies":"2 Louse","floor":2,"turns":1},{"damage":0,"enemies":"Gremlin Nob","floor":7,"turns":1},{"damage":7,"enemies":"Cultist","floor":8,"turns":4},{"damage":54,"enemies":"3 Sentries","floor":11,"turns":17},{"damage":12,"enemies":"3 Louse","floor":14,"turns":3},{"damage":53,"enemies":"Slime Boss","floor":16,"turns":7}],"seed_played":"-4431671914568249120","potions_obtained":[{"floor":7,"key":"Block Potion"},{"floor":14,"key":"SmokeBomb"}],"is_trial":false,"path_per_floor":["M","M","?","?","?","R","E","M","T","T","E","R","$","M","R","B"],"character_chosen":"IRONCLAD","items_purchased":["Shuriken"],"campfire_rested":2,"item_purchase_floors":[13],"current_hp_per_floor":[74,75,75,75,68,68,68,67,67,67,19,39,39,33,53,0],"gold":46,"neow_bonus":"THREE_ENEMY_KILL","is_prod":false,"is_daily":false,"chose_seed":false,"campfire_upgraded":1,"win_rate":0,"timestamp":1544510665,"path_taken":["M","M","?","?","?","R","E","M","T","?","E","R","?","M","R","BOSS"],"build_version":"2018-12-06","purchased_purges":0,"victory":false,"max_hp_per_floor":[75,75,75,75,68,68,68,68,68,68,68,68,68,68,68,68],"card_choices":[{"not_picked":["Rupture","Rage"],"picked":"Armaments","floor":1},{"not_picked":["Thunderclap","Heavy Blade"],"picked":"Iron Wave","floor":2},{"not_picked":["Disarm","Shrug It Off"],"picked":"Limit Break","floor":7},{"not_picked":["Wild Strike","Twin Strike"],"picked":"True Grit","floor":8},{"not_picked":["Evolve","Armaments"],"picked":"Thunderclap","floor":11},{"not_picked":["Fire Breathing","Thunderclap"],"picked":"Bloodletting","floor":14}],"player_experience":591948,"relics_obtained":[{"floor":7,"key":"Ornamental Fan"},{"floor":10,"key":"Unceasing Top"},{"floor":11,"key":"Gremlin Horn"}],"event_choices":[{"cards_removed":["Defend_R"],"damage_healed":0,"gold_gain":0,"player_choice":"Card Removal","damage_taken":0,"max_hp_gain":0,"max_hp_loss":0,"event_name":"The Cleric","floor":3,"gold_loss":75},{"damage_healed":0,"gold_gain":150,"player_choice":"AGREE","damage_taken":0,"max_hp_gain":0,"max_hp_loss":0,"event_name":"Liars Game","floor":4,"gold_loss":0,"cards_obtained":["Doubt"]},{"damage_healed":0,"gold_gain":0,"player_choice":"Lose Max HP","damage_taken":0,"relics_obtained":["Golden Idol"],"max_hp_gain":0,"max_hp_loss":7,"event_name":"Golden Idol","floor":5,"gold_loss":0}],"is_beta":false,"boss_relics":[],"items_purged_floors":[],"is_endless":false,"potions_floor_spawned":[7,14],"killed_by":"Slime Boss","ascension_level":20}