{"path_per_floor":["M","M","?","?","M","R","E","R","T","E","M","M","E","M","R","B",null,"M","?","?","M","M","E","R","?","T","R","E","M","$","?","R"],"character_chosen":"IRONCLAD","items_purchased":["Evolve","Finesse"],"gold_per_floor":[19,39,39,39,49,49,77,77,77,106,125,139,168,186,186,283,283,295,295,295,283,298,330,330,245,268,268,302,313,171,171,201,201],"floor_reached":33,"campfire_rested":4,"playtime":1344,"item_purchase_floors":[30,30],"current_hp_per_floor":[88,70,52,33,32,60,39,67,67,65,65,61,32,27,55,61,87,77,77,77,69,58,33,33,33,33,61,53,61,61,61,61,0],"items_purged":[],"gold":201,"score":504,"play_id":"b2f42fb5-4643-425b-b865-f8857bf10033","local_time":"20180609134249","is_prod":false,"is_daily":false,"chose_seed":false,"is_ascension_mode":true,"campfire_upgraded":1,"win_rate":0,"timestamp":1528569769,"campfire_choices":[{"floor":6,"key":"REST"},{"floor":8,"key":"REST"},{"floor":15,"key":"REST"},{"data":"Reaper","floor":24,"key":"SMITH"},{"floor":27,"key":"REST"},{"floor":32,"key":"DIG"}],"path_taken":["M","M","?","?","M","R","E","R","T","E","?","M","E","M","R","BOSS","M","?","?","?","M","E","R","?","T","R","E","M","$","?","R","BOSS"],"build_version":"2018-06-07v3","seed_source_timestamp":25145617010212,"purchased_purges":0,"victory":false,"master_deck":["Strike_R","Strike_R","Strike_R","Strike_R","Strike_R+1","Defend_R","Defend_R","Defend_R","Defend_R+1","Whirlwind","Iron Wave","Perfected Strike+1","True Grit","Pommel Strike","Wild Strike","Barricade","Reaper+1","Shockwave","Bash","RitualDagger","Whirlwind","Shrug It Off+1","Thunderclap+1","Seeing Red+1","Double Tap","Body Slam","Evolve","Finesse","Reaper+1"],"max_hp_per_floor":[96,96,96,96,96,96,96,96,96,96,96,96,96,96,96,96,96,96,96,96,96,96,96,96,96,96,96,96,96,96,96,96,96],"relics":["Burning Blood","Paper Frog","Mummified Hand","Omamori","Centennial Puzzle","Ginger","Cursed Key","Bronze Scales","Kunai","Whetstone","Shovel","Tiny Chest"],"card_choices":[{"not_picked":["Body Slam","Dropkick"],"picked":"Whirlwind","floor":1},{"not_picked":["Battle Trance","Clothesline"],"picked":"Iron Wave","floor":2},{"not_picked":["Anger","Heavy Blade"],"picked":"Perfected Strike","floor":5},{"not_picked":["Sword Boomerang","Second Wind","Havoc"],"picked":"SKIP","floor":7},{"not_picked":["Hemokinesis","Body Slam"],"picked":"True Grit","floor":10},{"not_picked":["Second Wind","Body Slam"],"picked":"Pommel Strike","floor":11},{"not_picked":["Headbutt","Armaments"],"picked":"Wild Strike","floor":12},{"not_picked":["Entrench","Carnage"],"picked":"Wild Strike","floor":13},{"not_picked":["Body Slam","Pummel"],"picked":"Barricade","floor":14},{"not_picked":["Barricade","Limit Break"],"picked":"Reaper","floor":16},{"not_picked":["Flame Barrier","True Grit"],"picked":"Shockwave","floor":18},{"not_picked":["Power Through+1","Body Slam"],"picked":"Shrug It Off+1","floor":21},{"not_picked":["Shrug It Off","Warcry"],"picked":"Thunderclap+1","floor":22},{"not_picked":["Pommel Strike","Warcry+1"],"picked":"Seeing Red+1","floor":23},{"not_picked":["Sword Boomerang","Heavy Blade"],"picked":"Double Tap","floor":28},{"not_picked":["Carnage","Armaments"],"picked":"Body Slam","floor":29}],"player_experience":240322,"potions_floor_usage":[16,16,23,23,33,33],"damage_taken":[{"damage":6,"enemies":"Cultist","floor":1,"turns":3},{"damage":24,"enemies":"Small Slimes","floor":2,"turns":4},{"damage":7,"enemies":"2 Louse","floor":5,"turns":2},{"damage":27,"enemies":"Lagavulin","floor":7,"turns":5},{"damage":8,"enemies":"Gremlin Nob","floor":10,"turns":3},{"damage":6,"enemies":"Exordium Thugs","floor":11,"turns":3},{"damage":10,"enemies":"2 Fungi Beasts","floor":12,"turns":3},{"damage":35,"enemies":"Lagavulin","floor":13,"turns":4},{"damage":11,"enemies":"Blue Slaver","floor":14,"turns":3},{"damage":0,"enemies":"Slime Boss","floor":16,"turns":5},{"damage":23,"enemies":"Shell Parasite","floor":18,"turns":4},{"damage":22,"enemies":"2 Thieves","floor":21,"turns":4},{"damage":17,"enemies":"Snake Plant","floor":22,"turns":4},{"damage":39,"enemies":"Slavers","floor":23,"turns":6},{"damage":14,"enemies":"Gremlin Leader","floor":28,"turns":6},{"damage":8,"enemies":"Centurion and Healer","floor":29,"turns":3},{"damage":61,"enemies":"Collector","floor":33,"turns":7}],"relics_obtained":[{"floor":7,"key":"Mummified Hand"},{"floor":9,"key":"Omamori"},{"floor":10,"key":"Centennial Puzzle"},{"floor":13,"key":"Ginger"},{"floor":23,"key":"Bronze Scales"},{"floor":26,"key":"Whetstone"},{"floor":28,"key":"Shovel"},{"floor":32,"key":"Tiny Chest"}],"event_choices":[{"event_name":"Scrap Ooze","player_choice":"success","floor":3,"damage_taken":18},{"event_name":"Shining Light","player_choice":"Entered Light","floor":4,"damage_taken":0},{"event_name":"Nest","player_choice":"Joined the Cult","floor":19,"damage_taken":0},{"event_name":"Transmorgrifier","player_choice":"Transform","floor":20,"damage_taken":0},{"event_name":"Addict","player_choice":"Obtained Relic","floor":25,"damage_taken":0},{"event_name":"Duplicator","player_choice":"One dupe","floor":31,"damage_taken":0}],"boss_relics":[{"not_picked":["Lizard Tail","White Beast Statue"],"picked":"Cursed Key"}],"items_purged_floors":[],"potions_floor_spawned":[2,12,13,14,16,22,28],"seed_played":"-8593736946440923274","killed_by":"Collector","ascension_level":7,"potions_obtained":[{"floor":2,"key":"Poison Potion"},{"floor":12,"key":"Dexterity Potion"},{"floor":13,"key":"SteroidPotion"},{"floor":14,"key":"AttackPotion"},{"floor":16,"key":"Explosive Potion"},{"floor":22,"key":"SkillPotion"},{"floor":28,"key":"SkillPotion"}],"is_trial":false}