{"gold_per_floor":[118,69,144,42,56,85,97,109,121,133,160,189,201,226,238,250],"floor_reached":16,"playtime":1698,"items_purged":["Strike_G"],"score":125,"play_id":"61ca9039-21d8-4496-8c8e-3d930059cc11","local_time":"20190201132922","is_ascension_mode":false,"campfire_choices":[{"data":"Acrobatics","floor":8,"key":"SMITH"},{"data":"Calculated Gamble","floor":10,"key":"SMITH"},{"data":"Tactician","floor":15,"key":"SMITH"}],"neow_cost":"NONE","seed_source_timestamp":337168619735296,"circlet_count":0,"master_deck":["Defend_G","Defend_G","Defend_G","Defend_G","Defend_G","Strike_G","Strike_G","Strike_G","Survivor","Neutralize","Acrobatics+1","Backflip","Backflip","Calculated Gamble+1","Acrobatics","Tactician+1","Leg Sweep"],"relics":["Ring of the Snake","NeowsBlessing","MawBank","Gremlin Horn","Lantern"],"potions_floor_usage":[14,16],"damage_taken":[{"damage":0,"enemies":"2 Louse","floor":1,"turns":1},{"damage":0,"enemies":"Small Slimes","floor":5,"turns":1},{"damage":0,"enemies":"Lagavulin","floor":6,"turns":1},{"damage":0,"enemies":"Jaw Worm","floor":11,"turns":8},{"damage":4,"enemies":"Red Slaver","floor":12,"turns":9},{"damage":2,"enemies":"Large Slime","floor":14,"turns":10},{"damage":49,"enemies":"The Guardian","floor":16,"turns":25}],"seed_played":"581900421627012156","potions_obtained":[{"floor":5,"key":"Energy Potion"},{"floor":11,"key":"Ancient Potion"}],"is_trial":false,"path_per_floor":["M","$","?","$","M","E","?","R","T","R","M","M","?","M","R","B"],"character_chosen":"THE_SILENT","items_purchased":["Backflip","Backflip"],"campfire_rested":0,"item_purchase_floors":[2,4],"current_hp_per_floor":[70,70,59,59,59,59,59,59,59,59,59,55,48,46,46,0],"gold":250,"neow_bonus":"THREE_ENEMY_KILL","is_prod":false,"is_daily":false,"chose_seed":false,"campfire_upgraded":3,"win_rate":0.0,"timestamp":1549049362,"path_taken":["M","$","?","$","M","E","?","R","T","R","M","M","?","M","R","BOSS"],"build_version":"2019-01-23","purchased_purges":1,"victory":false,"max_hp_per_floor":[70,70,70,70,70,70,70,70,70,70,70,70,70,70,70,70],"card_choices":[{"not_picked":["Outmaneuver","PiercingWail"],"picked":"Acrobatics","floor":1},{"not_picked":["Acrobatics","Dagger Spray"],"picked":"Calculated Gamble","floor":5},{"not_picked":["Underhanded Strike","Caltrops","Choke"],"picked":"SKIP","floor":6},{"not_picked":["Quick Slash","Dagger Spray"],"picked":"Acrobatics","floor":11},{"not_picked":["Catalyst","Backstab"],"picked":"Tactician","floor":12},{"not_picked":["Tactician","Backstab"],"picked":"Leg Sweep","floor":14}],"player_experience":92393,"relics_obtained":[{"floor":6,"key":"MawBank"},{"floor":9,"key":"Gremlin Horn"}],"event_choices":[{"damage_healed":0,"gold_gain":75,"player_choice":"Gather Gold","damage_taken":11,"max_hp_gain":0,"max_hp_loss":0,"event_name":"World of Goop","floor":3,"gold_loss":0},{"cards_removed":["Strike_G"],"damage_healed":0,"gold_gain":0,"player_choice":"Forget","damage_taken":0,"max_hp_gain":0,"max_hp_loss":0,"event_name":"Living Wall","floor":7,"gold_loss":0},{"damage_healed":0,"gold_gain":0,"player_choice":"Success","damage_taken":7,"relics_obtained":["Lantern"],"max_hp_gain":0,"max_hp_loss":0,"event_name":"Scrap Ooze","floor":13,"gold_loss":0}],"is_beta":false,"boss_relics":[],"items_purged_floors":[4],"is_endless":false,"potions_floor_spawned":[5,11],"killed_by":"The Guardian","ascension_level":0}