{"gold_per_floor":[116,116,129,129,145,145,166,207,207,207,207,172,196,215,215,215],"floor_reached":16,"playtime":1287,"items_purged":[],"score":199,"play_id":"fd7b6b05-c93a-4555-b4aa-a0e5f2c0ac6f","local_time":"20190106122827","is_ascension_mode":true,"campfire_choices":[{"data":"Tempest","floor":6,"key":"SMITH"},{"data":"Rainbow","floor":10,"key":"SMITH"},{"data":"Zap","floor":15,"key":"SMITH"}],"neow_cost":"NONE","seed_source_timestamp":49013906356772,"circlet_count":0,"master_deck":["AscendersBane","Strike_B","Strike_B","Strike_B","Strike_B","Defend_B","Defend_B","Defend_B","Defend_B","Zap+1","Dualcast","Rainbow+1","Tempest+1","Self Repair","Injury","Seek","Ball Lightning","Conserve Battery","Go for the Eyes"],"relics":["Cracked Core","Golden Idol","Mercury Hourglass","Matryoshka"],"potions_floor_usage":[8],"damage_taken":[{"damage":0,"enemies":"Cultist","floor":1,"turns":3},{"damage":0,"enemies":"2 Louse","floor":3,"turns":3},{"damage":9,"enemies":"Small Slimes","floor":5,"turns":3},{"damage":6,"enemies":"2 Fungi Beasts","floor":7,"turns":2},{"damage":46,"enemies":"Gremlin Nob","floor":8,"turns":4},{"damage":17,"enemies":"Looter","floor":13,"turns":3},{"damage":14,"enemies":"Gremlin Gang","floor":14,"turns":3},{"damage":0,"enemies":"Slime Boss","floor":16,"turns":3}],"seed_played":"-3189484906363605663","potions_obtained":[{"floor":1,"key":"Swift Potion"},{"floor":8,"key":"Dexterity Potion"},{"floor":14,"key":"SpeedPotion"}],"is_trial":false,"path_per_floor":["M","?","M","?","M","R","M","E","T","R","?","?","M","M","R","B"],"character_chosen":"DEFECT","items_purchased":[],"campfire_rested":0,"item_purchase_floors":[],"current_hp_per_floor":[64,69,69,69,67,67,61,15,15,15,15,34,17,3,3,3],"gold":215,"neow_bonus":"ONE_RANDOM_RARE_CARD","is_prod":false,"is_daily":false,"chose_seed":false,"campfire_upgraded":3,"win_rate":0,"timestamp":1546738107,"path_taken":["M","?","M","?","M","R","M","E","T","R","?","?","M","M","R","BOSS"],"build_version":"2018-11-15","purchased_purges":0,"victory":false,"max_hp_per_floor":[71,76,76,76,76,76,76,76,76,76,76,76,76,76,76,76],"card_choices":[{"not_picked":["Leap","Stack"],"picked":"Tempest","floor":1},{"not_picked":["Coolheaded","Sweeping Beam"],"picked":"Self Repair","floor":3},{"not_picked":["Beam Cell","Cold Snap","Sweeping Beam"],"picked":"SKIP","floor":5},{"not_picked":["Redo","Conserve Battery"],"picked":"Seek","floor":7},{"not_picked":["Lockon","Coolheaded"],"picked":"Ball Lightning","floor":8},{"not_picked":["Leap","Redo"],"picked":"Conserve Battery","floor":13},{"not_picked":["Reprogram","FTL"],"picked":"Go for the Eyes","floor":14}],"player_experience":982041,"relics_obtained":[{"floor":8,"key":"Mercury Hourglass"},{"floor":9,"key":"Matryoshka"}],"event_choices":[{"damage_healed":0,"gold_gain":0,"player_choice":"Donut","damage_taken":0,"max_hp_gain":5,"max_hp_loss":0,"event_name":"Big Fish","floor":2,"gold_loss":0},{"damage_healed":0,"gold_gain":0,"player_choice":"Take Wound","damage_taken":0,"relics_obtained":["Golden Idol"],"max_hp_gain":0,"max_hp_loss":0,"event_name":"Golden Idol","floor":4,"gold_loss":0,"cards_obtained":["Injury"]},{"damage_healed":0,"gold_gain":0,"player_choice":"Searched \u00270\u0027 times","damage_taken":0,"max_hp_gain":0,"max_hp_loss":0,"event_name":"Dead Adventurer","floor":11,"gold_loss":0},{"damage_healed":19,"gold_gain":0,"player_choice":"Healed","damage_taken":0,"max_hp_gain":0,"max_hp_loss":0,"event_name":"The Cleric","floor":12,"gold_loss":35}],"is_beta":true,"boss_relics":[],"items_purged_floors":[],"is_endless":false,"potions_floor_spawned":[1,8,14],"killed_by":"Slime Boss","ascension_level":19}