{"gold_per_floor":[117,392,411,426,51,51,82,98,98,123,139,156,156,176,176,279,279,294,41,41,54,72,72,103,103,103,103,202,202,220,220,220,316,316,326,326,376,179,192,192,217,217,240,240,255,274,23,49,49,49,49,49,0,0],"floor_reached":54,"playtime":3509,"items_purged":["Regret","Strike_B"],"score":995,"play_id":"7bc25f43-ce36-4b86-a1cf-6eab00475bfd","local_time":"20190107192839","is_ascension_mode":true,"campfire_choices":[{"data":"Sunder","floor":6.0,"key":"SMITH"},{"data":"Zap","floor":13.0,"key":"SMITH"},{"data":"White Noise","floor":15.0,"key":"SMITH"},{"floor":23.0,"key":"REST"},{"floor":25.0,"key":"REST"},{"data":"Creative AI","floor":27.0,"key":"SMITH"},{"floor":32.0,"key":"RECALL"},{"floor":40.0,"key":"REST"},{"floor":42.0,"key":"REST"},{"data":"Panache","floor":44.0,"key":"SMITH"},{"data":"Biased Cognition","floor":49,"key":"SMITH"},{"data":"Gash","floor":52,"key":"SMITH"}],"neow_cost":"NONE","seed_source_timestamp":0,"circlet_count":0,"master_deck":["Strike_B+1","Strike_B+1","Strike_B+1","Defend_B+1","Defend_B+1","Defend_B+1","Defend_B+1","Zap+1","Dualcast","Gash","Steam","Panache+1","Sunder+1","Cold Snap","Glacier","Self Repair","White Noise+1","Creative AI+1","Steam","Hologram","Beam Cell","Go for the Eyes+1","BootSequence","Core Surge","Biased Cognition+1","Core Surge","Skim+1","Gash+1","Stack+1","Gash"],"special_seed":0,"relics":["Cracked Core","NeowsBlessing","Regal Pillow","Pear","Gambling Chip","Orrery","Bronze Scales","Nilry\u0027s Codex","Vajra","Matryoshka","Sozu","FossilizedHelix","TheAbacus","Pen Nib","Pantograph","Meat on the Bone","Kunai"],"potions_floor_usage":[],"damage_taken":[{"damage":0.0,"enemies":"Jaw Worm","floor":1.0,"turns":1.0},{"damage":0.0,"enemies":"Cultist","floor":3.0,"turns":1.0},{"damage":0.0,"enemies":"2 Louse","floor":4.0,"turns":1.0},{"damage":5.0,"enemies":"3 Sentries","floor":7.0,"turns":6.0},{"damage":1.0,"enemies":"Looter","floor":8.0,"turns":3.0},{"damage":13.0,"enemies":"Gremlin Nob","floor":10.0,"turns":5.0},{"damage":0.0,"enemies":"Large Slime","floor":11.0,"turns":5.0},{"damage":0.0,"enemies":"Blue Slaver","floor":12.0,"turns":5.0},{"damage":8.0,"enemies":"Looter","floor":14.0,"turns":3.0},{"damage":38.0,"enemies":"Hexaghost","floor":16.0,"turns":8.0},{"damage":20.0,"enemies":"Chosen","floor":18.0,"turns":5.0},{"damage":0.0,"enemies":"3 Byrds","floor":21.0,"turns":1.0},{"damage":22.0,"enemies":"3 Cultists","floor":22.0,"turns":5.0},{"damage":20.0,"enemies":"Slavers","floor":24.0,"turns":4.0},{"damage":8.0,"enemies":"Shelled Parasite and Fungi","floor":30.0,"turns":5.0},{"damage":14.0,"enemies":"Champ","floor":33.0,"turns":9.0},{"damage":0.0,"enemies":"3 Shapes","floor":35.0,"turns":3.0},{"damage":52.0,"enemies":"2 Orb Walkers","floor":37.0,"turns":5.0},{"damage":0.0,"enemies":"Orb Walker","floor":39.0,"turns":3.0},{"damage":38.0,"enemies":"Giant Head","floor":41.0,"turns":9.0},{"damage":17.0,"enemies":"Jaw Worm Horde","floor":45.0,"turns":5.0},{"damage":0.0,"enemies":"Spire Growth","floor":46.0,"turns":4.0},{"damage":13,"enemies":"Nemesis","floor":48,"turns":9},{"damage":40,"enemies":"Time Eater","floor":50,"turns":10},{"damage":93,"enemies":"Shield and Spear","floor":54,"turns":6}],"seed_played":"196914760152394314","potions_obtained":[{"floor":4.0,"key":"Fruit Juice"},{"floor":7.0,"key":"SteroidPotion"},{"floor":11.0,"key":"Poison Potion"},{"floor":18.0,"key":"Energy Potion"},{"floor":33.0,"key":"SkillPotion"}],"is_trial":false,"path_per_floor":["M","?","M","M","$","R","E","M","T","E","M","M","R","M","R","B",null,"M","$","?","M","M","R","E","R","T","R","?","?","M","?","R","B",null,"M","?","?","$","M","R","E","R","T","R","M","M","$","E","R","B",null,"R","$","E"],"character_chosen":"DEFECT","items_purchased":["Panache","Sunder","Fire Potion","Bronze Scales","TheAbacus","Meat on the Bone","Gash"],"campfire_rested":4,"item_purchase_floors":[5,5,5,19,38,47,53],"current_hp_per_floor":[68,68,68,68,68,68,63,62,72,59,66,73,73,65,65,32,76,63,63,47,47,32,74,54,90,90,90,90,90,89,89,89,82,88,90,90,45,45,45,87,56,90,90,90,73,80,80,74,74,57,82,82,82,0],"gold":0,"neow_bonus":"THREE_ENEMY_KILL","is_prod":false,"is_daily":false,"chose_seed":false,"campfire_upgraded":7,"win_rate":0,"timestamp":1546907319,"path_taken":["M","?","M","?","$","R","E","M","T","E","M","M","R","M","R","BOSS","M","$","?","M","M","R","E","R","T","R","?","?","M","?","R","BOSS","M","?","?","$","M","R","E","R","T","R","M","M","$","E","R","BOSS","R","$","E"],"build_version":"2019-01-03v4","purchased_purges":2,"victory":false,"max_hp_per_floor":[75,75,75,75,75,75,75,75,85,85,85,85,85,85,85,90,90,90,90,90,90,90,90,90,90,90,90,90,90,90,90,90,90,90,90,90,90,90,90,90,90,90,90,90,90,90,90,90,90,90,90,90,90,90],"card_choices":[{"not_picked":["Barrage","Sweeping Beam"],"picked":"Gash","floor":1.0},{"not_picked":["Redo","Sweeping Beam"],"picked":"Steam","floor":3.0},{"not_picked":["Blizzard","Storm","Conserve Battery"],"picked":"SKIP","floor":4.0},{"not_picked":["Leap","Turbo"],"picked":"Cold Snap","floor":7.0},{"not_picked":["Undo","Aggregate"],"picked":"Glacier","floor":8.0},{"not_picked":["Hologram","Melter"],"picked":"Self Repair","floor":10.0},{"not_picked":["Hologram","Stack"],"picked":"White Noise","floor":11.0},{"not_picked":["Fusion","Hello World","Streamline"],"picked":"SKIP","floor":12.0},{"not_picked":["Barrage","Redo","Conserve Battery"],"picked":"SKIP","floor":14.0},{"not_picked":["Buffer","Core Surge"],"picked":"Creative AI","floor":16.0},{"not_picked":["Coolheaded","Stack"],"picked":"Steam","floor":17.0},{"not_picked":["Stack","Redo"],"picked":"Hologram","floor":17.0},{"not_picked":["Genetic Algorithm","Redo"],"picked":"Beam Cell","floor":17.0},{"not_picked":["Genetic Algorithm","Sunder"],"picked":"Beam Cell","floor":18.0},{"not_picked":["Ball Lightning","Skim"],"picked":"Go for the Eyes+1","floor":21.0},{"not_picked":["Defragment","Loop"],"picked":"BootSequence","floor":22.0},{"not_picked":["Hello World+1","Barrage","Coolheaded"],"picked":"SKIP","floor":24.0},{"not_picked":["Compile Driver","Rebound+1"],"picked":"Biased Cognition","floor":30.0},{"not_picked":["Hyperbeam","Multi-Cast"],"picked":"Core Surge","floor":33.0},{"not_picked":["Darkness+1","Hello World","Coolheaded+1"],"picked":"SKIP","floor":35.0},{"not_picked":["Compile Driver+1","Consume","Recycle"],"picked":"SKIP","floor":39.0},{"not_picked":["Fusion+1","Scrape","Double Energy"],"picked":"SKIP","floor":41.0},{"not_picked":["Double Energy","Gash"],"picked":"Skim+1","floor":45.0},{"not_picked":["Rebound","Force Field+1"],"picked":"Gash","floor":46.0},{"not_picked":["Redo+1","Blizzard+1"],"picked":"Stack+1","floor":48}],"player_experience":429814,"relics_obtained":[{"floor":7.0,"key":"Regal Pillow"},{"floor":9.0,"key":"Pear"},{"floor":10.0,"key":"Gambling Chip"},{"floor":20.0,"key":"Nilry\u0027s Codex"},{"floor":24.0,"key":"Vajra"},{"floor":26.0,"key":"Matryoshka"},{"floor":37.0,"key":"FossilizedHelix"},{"floor":41.0,"key":"Pen Nib"},{"floor":43.0,"key":"Pantograph"},{"floor":48,"key":"Kunai"}],"event_choices":[{"damage_healed":0.0,"max_hp_gain":0.0,"max_hp_loss":0.0,"gold_gain":275.0,"event_name":"Golden Shrine","player_choice":"Desecrate","floor":2.0,"gold_loss":0.0,"damage_taken":0.0,"cards_obtained":["Regret"]},{"damage_healed":0.0,"max_hp_gain":0.0,"max_hp_loss":0.0,"gold_gain":0.0,"event_name":"Cursed Tome","player_choice":"Obtained Book","floor":20.0,"gold_loss":0.0,"damage_taken":16.0},{"damage_healed":0.0,"max_hp_gain":0.0,"max_hp_loss":0.0,"gold_gain":99.0,"event_name":"Nest","player_choice":"Stole From Cult","floor":28.0,"gold_loss":0.0,"damage_taken":0.0},{"damage_healed":0.0,"max_hp_gain":0.0,"max_hp_loss":0.0,"gold_gain":0.0,"event_name":"The Library","player_choice":"Read","floor":29.0,"gold_loss":0.0,"damage_taken":0.0,"cards_obtained":["Core Surge"]},{"damage_healed":0.0,"max_hp_gain":0.0,"max_hp_loss":0.0,"gold_gain":0.0,"event_name":"Back to Basics","player_choice":"Simplicity","floor":31.0,"gold_loss":0.0,"damage_taken":0.0,"cards_upgraded":["Strike_B","Strike_B","Strike_B","Defend_B","Defend_B","Defend_B","Defend_B"]},{"cards_removed":["Beam Cell"],"damage_healed":0.0,"max_hp_gain":0.0,"max_hp_loss":0.0,"gold_gain":0.0,"event_name":"Falling","player_choice":"Removed Attack","floor":36.0,"gold_loss":0.0,"damage_taken":0.0},{"damage_healed":0.0,"max_hp_gain":0.0,"max_hp_loss":0.0,"gold_gain":0.0,"event_name":"Mysterious Sphere","player_choice":"Fight","floor":37.0,"gold_loss":0.0,"damage_taken":0.0}],"is_beta":false,"boss_relics":[{"not_picked":["Runic Pyramid","Ectoplasm"],"picked":"Orrery"},{"not_picked":["Philosopher\u0027s Stone","Coffee Dripper"],"picked":"Sozu"}],"items_purged_floors":[5,19],"is_endless":false,"potions_floor_spawned":[4,7,11,12,18,33,35,37,46,48],"killed_by":"Shield and Spear","ascension_level":7}