{"gold_per_floor":[116,191,366,366,378,412,412,427,427,453,27,40,40,58,58,159,159,172,172,185,2,2,37,37,70,97,110,110,210,160,177,177,273,273,292,392,406,386,402,430,200,200,200,200,214,214,214,15,15,15],"floor_reached":51,"playtime":2984,"items_purged":["Doubt","Strike_B","Strike_B","Defend_B"],"score":832,"play_id":"950c38a5-0de9-4afe-9852-caa39229832c","local_time":"20190109190047","is_ascension_mode":true,"campfire_choices":[{"data":"Zap","floor":7,"key":"SMITH"},{"floor":15,"key":"REST"},{"data":"Defragment","floor":24,"key":"SMITH"},{"data":"Panache","floor":32,"key":"SMITH"},{"data":"Buffer","floor":42,"key":"SMITH"},{"data":"Panache","floor":44,"key":"SMITH"},{"data":"Echo Form","floor":49,"key":"SMITH"}],"neow_cost":"NONE","seed_source_timestamp":123682263845156,"circlet_count":0,"master_deck":["Defend_B","Defend_B","Defend_B","Zap+1","Dualcast","Streamline+1","Conserve Battery","Redo","Streamline+1","Glacier+1","White Noise+1","Chill+1","Reboot+1","Panache+1","Reboot+1","Defragment+1","Echo Form","Conserve Battery+1","Panache+1","Seek+1","Conserve Battery+1","FTL","Storm+1","Buffer+1","Conserve Battery+1","Conserve Battery+1","White Noise+1","The Bomb+1","Defragment+1","Echo Form+1"],"relics":["Cracked Core","Toxic Egg 2","Bottled Flame","Juzu Bracelet","Coffee Dripper","Smiling Mask","Girya","Whetstone","Centennial Puzzle","Turnip","Matryoshka","Eternal Feather","Ginger","Question Card","DataDisk","Cables","Lantern","Meat on the Bone"],"potions_floor_usage":[10,16,29,29,29,33,40,40,50,50,50],"damage_taken":[{"damage":2,"enemies":"2 Louse","floor":1,"turns":2},{"damage":1,"enemies":"Cultist","floor":5,"turns":3},{"damage":33,"enemies":"Lagavulin","floor":6,"turns":6},{"damage":4,"enemies":"Jaw Worm","floor":8,"turns":4},{"damage":12,"enemies":"Gremlin Nob","floor":10,"turns":4},{"damage":0,"enemies":"2 Fungi Beasts","floor":12,"turns":3},{"damage":5,"enemies":"Blue Slaver","floor":14,"turns":2},{"damage":2,"enemies":"The Guardian","floor":16,"turns":12},{"damage":3,"enemies":"Chosen","floor":18,"turns":4},{"damage":0,"enemies":"Shell Parasite","floor":20,"turns":6},{"damage":20,"enemies":"Slavers","floor":23,"turns":6},{"damage":4,"enemies":"Book of Stabbing","floor":25,"turns":7},{"damage":2,"enemies":"Chosen and Byrds","floor":27,"turns":3},{"damage":0,"enemies":"Colosseum Slavers","floor":29,"turns":3},{"damage":20,"enemies":"Colosseum Nobs","floor":29,"turns":4},{"damage":7,"enemies":"Centurion and Healer","floor":31,"turns":5},{"damage":0,"enemies":"Champ","floor":33,"turns":5},{"damage":3,"enemies":"3 Shapes","floor":35,"turns":3},{"damage":0,"enemies":"Mind Bloom Boss Battle","floor":36,"turns":5},{"damage":2,"enemies":"3 Darklings","floor":37,"turns":3},{"damage":0,"enemies":"Transient","floor":39,"turns":5},{"damage":6,"enemies":"Nemesis","floor":40,"turns":5},{"damage":0,"enemies":"Maw","floor":45,"turns":3},{"damage":48,"enemies":"Awakened One","floor":50,"turns":7}],"seed_played":"6408773372555090185","potions_obtained":[{"floor":5,"key":"SpeedPotion"},{"floor":8,"key":"Strength Potion"},{"floor":14,"key":"SpeedPotion"},{"floor":18,"key":"FearPotion"},{"floor":27,"key":"Explosive Potion"},{"floor":31,"key":"FocusPotion"},{"floor":36,"key":"Ancient Potion"},{"floor":37,"key":"SkillPotion"},{"floor":38,"key":"SkillPotion"},{"floor":45,"key":"EntropicBrew"}],"is_trial":false,"path_per_floor":["M","?","?","?","M","E","R","M","T","E","$","M","?","M","R","B",null,"M","?","M","$","?","E","R","E","T","M","T","?","$","M","R","B",null,"M","?","M","?","M","E","$","R","T","R","M","?","T","$","R","B",null],"character_chosen":"DEFECT","items_purchased":["Reboot+1","Panache","Panache","The Bomb+1","Echo Form"],"campfire_rested":1,"item_purchase_floors":[11,11,21,41,48],"current_hp_per_floor":[73,62,62,62,61,28,28,24,24,12,12,12,12,7,29,27,75,72,72,72,72,72,52,52,48,48,46,46,26,26,19,19,19,75,72,72,70,70,70,64,64,75,75,75,75,75,75,75,75,39],"gold":15,"neow_bonus":"THREE_CARDS","is_prod":false,"is_daily":false,"chose_seed":false,"campfire_upgraded":6,"win_rate":0,"timestamp":1547020847,"path_taken":["M","?","?","?","M","E","R","?","T","E","$","M","?","M","R","BOSS","M","?","M","$","?","E","R","E","T","M","?","?","$","M","R","BOSS","M","?","M","?","M","E","$","R","T","R","M","?","?","$","R","BOSS"],"build_version":"2018-11-15","purchased_purges":4,"victory":true,"max_hp_per_floor":[75,75,75,75,75,75,75,75,75,75,75,75,75,75,75,75,75,75,75,75,75,75,75,75,75,75,75,75,75,75,75,75,75,75,75,75,75,75,75,75,75,75,75,75,75,75,75,75,75,75],"card_choices":[{"not_picked":["Redo","Turbo"],"picked":"Streamline","floor":0},{"not_picked":["Turbo","Rebound"],"picked":"Conserve Battery","floor":1},{"not_picked":["Gash","Genetic Algorithm"],"picked":"Streamline","floor":5},{"not_picked":["Gash","Barrage"],"picked":"Glacier","floor":6},{"not_picked":["Barrage","Leap+1"],"picked":"White Noise+1","floor":8},{"not_picked":["Go for the Eyes","Stack+1"],"picked":"Chill+1","floor":10},{"not_picked":["Turbo+1","Consume+1"],"picked":"Reboot+1","floor":12},{"not_picked":["Melter","Stack+1"],"picked":"Defragment","floor":14},{"not_picked":["Machine Learning","Biased Cognition"],"picked":"Echo Form","floor":16},{"not_picked":["Hologram+1","Sweeping Beam+1"],"picked":"Conserve Battery+1","floor":18},{"not_picked":["Steam+1","Ball Lightning","Sweeping Beam+1"],"picked":"SKIP","floor":20},{"not_picked":["All For One","Sunder","Steam+1"],"picked":"SKIP","floor":23},{"not_picked":["Beam Cell+1","Steam Power+1"],"picked":"Conserve Battery+1","floor":25},{"not_picked":["Self Repair","Scrape"],"picked":"FTL","floor":27},{"not_picked":["Melter","BootSequence+1"],"picked":"Storm+1","floor":31},{"not_picked":["Thunder Strike","Biased Cognition"],"picked":"Buffer","floor":33},{"not_picked":["Gash+1","Redo+1"],"picked":"Conserve Battery+1","floor":35},{"not_picked":["Undo+1","Scrape"],"picked":"Conserve Battery+1","floor":36},{"not_picked":["Streamline+1","FTL+1"],"picked":"White Noise+1","floor":37},{"not_picked":["Melter+1","Coolheaded+1","Barrage"],"picked":"SKIP","floor":39},{"not_picked":["Streamline","Sweeping Beam","Beam Cell"],"picked":"SKIP","floor":40},{"not_picked":["Glacier+1","Go for the Eyes","Skim+1"],"picked":"Defragment+1","floor":45}],"player_experience":1063753,"relics_obtained":[{"floor":6,"key":"Toxic Egg 2"},{"floor":9,"key":"Bottled Flame"},{"floor":10,"key":"Juzu Bracelet"},{"floor":23,"key":"Smiling Mask"},{"floor":25,"key":"Girya"},{"floor":26,"key":"Whetstone"},{"floor":28,"key":"Centennial Puzzle"},{"floor":29,"key":"Turnip"},{"floor":29,"key":"Matryoshka"},{"floor":36,"key":"Ginger"},{"floor":40,"key":"Question Card"},{"floor":43,"key":"DataDisk"},{"floor":43,"key":"Cables"},{"floor":47,"key":"Lantern"},{"floor":47,"key":"Meat on the Bone"}],"event_choices":[{"damage_healed":0,"gold_gain":75,"player_choice":"Gather Gold","damage_taken":11,"max_hp_gain":0,"max_hp_loss":0,"event_name":"World of Goop","floor":2,"gold_loss":0},{"damage_healed":0,"gold_gain":175,"player_choice":"AGREE","damage_taken":0,"max_hp_gain":0,"max_hp_loss":0,"event_name":"Liars Game","floor":3,"gold_loss":0,"cards_obtained":["Doubt"]},{"damage_healed":0,"gold_gain":0,"cards_transformed":["Strike_B"],"player_choice":"Transformed","damage_taken":0,"max_hp_gain":0,"max_hp_loss":0,"event_name":"Transmorgrifier","floor":4,"gold_loss":0,"cards_obtained":["Redo"]},{"damage_healed":0,"gold_gain":0,"player_choice":"Ignored","damage_taken":0,"max_hp_gain":0,"max_hp_loss":0,"event_name":"Golden Idol","floor":13,"gold_loss":0},{"damage_healed":0,"gold_gain":0,"player_choice":"Ignored","damage_taken":0,"max_hp_gain":0,"max_hp_loss":0,"event_name":"Vampires","floor":19,"gold_loss":0},{"damage_healed":0,"gold_gain":0,"player_choice":"Read","damage_taken":0,"max_hp_gain":0,"max_hp_loss":0,"event_name":"The Library","floor":22,"gold_loss":0,"cards_obtained":["Seek"]},{"damage_healed":0,"gold_gain":0,"player_choice":"Fight","damage_taken":0,"max_hp_gain":0,"max_hp_loss":0,"event_name":"Colosseum","floor":29,"gold_loss":0},{"damage_healed":0,"gold_gain":0,"player_choice":"Fought Nobs","damage_taken":0,"max_hp_gain":0,"max_hp_loss":0,"event_name":"Colosseum","floor":29,"gold_loss":0},{"damage_healed":0,"gold_gain":0,"player_choice":"Fight","damage_taken":0,"max_hp_gain":0,"max_hp_loss":0,"event_name":"MindBloom","floor":36,"gold_loss":0},{"damage_healed":0,"gold_gain":0,"player_choice":"Bought 1 Potion","damage_taken":0,"max_hp_gain":0,"max_hp_loss":0,"event_name":"The Woman in Blue","floor":38,"gold_loss":0},{"cards_removed":["Strike_B"],"damage_healed":0,"gold_gain":0,"player_choice":"Purged","damage_taken":0,"max_hp_gain":0,"max_hp_loss":0,"event_name":"Purifier","floor":46,"gold_loss":0}],"is_beta":true,"boss_relics":[{"not_picked":["Runic Pyramid","Philosopher\u0027s Stone"],"picked":"Coffee Dripper"},{"not_picked":["Velvet Choker","Runic Dome"],"picked":"Eternal Feather"}],"items_purged_floors":[11,30,41,48],"is_endless":false,"potions_floor_spawned":[5,8,14,18,27,31,36,37,39,45],"ascension_level":1}