{"gold_per_floor":[112,112,181,194,211,240,240,268,347,397,409,459,459],"floor_reached":13,"playtime":550,"items_purged":[],"score":138,"play_id":"6bfe079c-e2ff-4cea-9827-ac9c90fff9e8","local_time":"20190204133659","is_ascension_mode":true,"campfire_choices":[{"floor":7,"key":"REST"}],"neow_cost":"NONE","seed_source_timestamp":11778565954648,"circlet_count":0,"master_deck":["Strike_B","Strike_B","Strike_B","Defend_B","Defend_B","Defend_B","Defend_B","Zap","Dualcast+1","Cold Snap","Gash","Beam Cell","Hologram","Rebound","FTL","Steam"],"relics":["Cracked Core","SsserpentHead","WingedGreaves","Pocketwatch","Blue Candle","Bottled Flame"],"potions_floor_usage":[5,8],"damage_taken":[{"damage":0,"enemies":"2 Louse","floor":1,"turns":2},{"damage":0,"enemies":"Cultist","floor":3,"turns":3},{"damage":2,"enemies":"Jaw Worm","floor":4,"turns":4},{"damage":7,"enemies":"Exordium Wildlife","floor":5,"turns":4},{"damage":41,"enemies":"Gremlin Nob","floor":6,"turns":4},{"damage":18,"enemies":"3 Sentries","floor":8,"turns":9},{"damage":6,"enemies":"3 Louse","floor":11,"turns":3},{"damage":13,"enemies":"Lagavulin","floor":13,"turns":2}],"seed_played":"5424171061061458082","potions_obtained":[{"floor":1,"key":"SkillPotion"},{"floor":6,"key":"FearPotion"}],"is_trial":false,"path_per_floor":["M","?","M","M","M","E","R","E","T","?","M","T","E"],"character_chosen":"DEFECT","items_purchased":[],"campfire_rested":1,"item_purchase_floors":[],"current_hp_per_floor":[68,68,68,66,59,18,40,22,22,15,9,9,0],"gold":459,"neow_bonus":"UPGRADE_CARD","is_prod":false,"is_daily":false,"chose_seed":false,"campfire_upgraded":0,"win_rate":0,"timestamp":1549265819,"path_taken":["M","?","?","M","M","E","R","E","T","?","M","?","E"],"build_version":"2019-01-23","purchased_purges":0,"victory":false,"max_hp_per_floor":[75,75,75,75,75,75,75,75,75,75,75,75,75],"card_choices":[{"not_picked":["Storm","Leap"],"picked":"Cold Snap","floor":1},{"not_picked":["Steam","Steam Power"],"picked":"Gash","floor":3},{"not_picked":["Conserve Battery","Double Energy"],"picked":"Beam Cell","floor":4},{"not_picked":["Beam Cell","Lockon"],"picked":"Hologram","floor":5},{"not_picked":["Skim","Cold Snap"],"picked":"Rebound","floor":6},{"not_picked":["Double Energy","Beam Cell"],"picked":"FTL","floor":8},{"not_picked":["Static Discharge","Turbo"],"picked":"Steam","floor":11}],"player_experience":720593,"relics_obtained":[{"floor":6,"key":"WingedGreaves"},{"floor":8,"key":"Pocketwatch"},{"floor":9,"key":"Blue Candle"},{"floor":12,"key":"Bottled Flame"}],"event_choices":[{"damage_healed":0,"gold_gain":0,"player_choice":"Trade","damage_taken":0,"relics_obtained":["SsserpentHead"],"max_hp_gain":0,"max_hp_loss":0,"event_name":"FaceTrader","floor":2,"gold_loss":0},{"cards_removed":["Strike_B"],"damage_healed":0,"gold_gain":0,"player_choice":"Card Removal","damage_taken":7,"max_hp_gain":0,"max_hp_loss":0,"event_name":"Golden Wing","floor":10,"gold_loss":0}],"is_beta":false,"boss_relics":[],"items_purged_floors":[],"is_endless":false,"potions_floor_spawned":[1,6],"killed_by":"Lagavulin","ascension_level":9}