{"path_per_floor":["M","?","M","$","?","R","?","R","T","M","T","M","M","E","R","B",null,"M","M","M","?","M","$","R","M","T","M","?","M","M","?","R","B",null,"M","M","M","?","$","R","M","R","T","?","M","M","$","M","R","B"],"character_chosen":"DEFECT","items_purchased":["Capacitor","Torii","Heatsinks","Regal Pillow"],"gold_per_floor":[210,210,230,73,73,73,73,73,73,91,166,185,203,232,232,332,332,351,362,372,372,387,83,83,94,94,106,31,48,65,65,65,161,161,174,192,209,209,130,130,147,147,147,147,162,172,16,27,27,27],"floor_reached":51,"campfire_rested":4,"playtime":3924,"item_purchase_floors":[],"current_hp_per_floor":[72,65,65,65,58,58,58,58,68,68,68,62,56,38,63,53,85,80,75,60,60,36,36,36,35,35,25,25,24,23,51,76,75,85,85,84,26,26,26,26,13,38,38,74,38,37,37,7,44,11],"items_purged":["Strike_B"],"gold":27,"score":605,"play_id":"11e5bca4-88d0-430f-bac5-34ae5ee09c70","local_time":"20180601140147","is_prod":false,"is_daily":false,"chose_seed":false,"is_ascension_mode":false,"campfire_upgraded":4,"win_rate":0.0,"timestamp":1527886907,"campfire_choices":[{"data":"Zap","floor":6.0,"key":"SMITH"},{"data":"Cold Snap","floor":8.0,"key":"SMITH"},{"floor":15.0,"key":"REST"},{"data":"Barrage","floor":24.0,"key":"SMITH"},{"floor":32.0,"key":"REST"},{"data":"Consume","floor":40.0,"key":"SMITH"},{"floor":42.0,"key":"REST"},{"floor":49,"key":"REST"}],"path_taken":["M","?","?","$","?","R","?","R","T","M","?","M","M","E","R","BOSS","M","M","M","?","M","$","R","M","T","M","?","M","M","?","R","BOSS","M","M","M","?","$","R","M","R","T","?","M","M","$","M","R","BOSS"],"build_version":"2018-05-31","seed_source_timestamp":0,"purchased_purges":1,"victory":true,"master_deck":["Strike_B","Defend_B","Defend_B","Defend_B","Defend_B","Zap+1","Dualcast","Cold Snap+1","Leap","Capacitor","Barrage+1","Hologram","Seek","Compile Driver","Steam+1","Hologram+1","Writhe","Cold Snap+1","Redo+1","Machine Learning","Reinforced Body","Creative AI","Streamline+1","Consume+1","Heatsinks"],"max_hp_per_floor":[75,75,75,75,75,75,75,75,85,85,85,85,85,85,85,85,85,85,85,85,85,85,85,85,85,85,85,85,85,85,85,85,85,85,85,85,85,85,85,85,85,85,85,74,74,74,74,74,74,74],"relics":["Cracked Core","Calipers","Pear","Letter Opener","Pen Nib","Cursed Key","Ice Cream","Torii","Lizard Tail","Regal Pillow"],"card_choices":[{"not_picked":["Scrape","Undo"],"picked":"Cold Snap","floor":1.0},{"not_picked":["Steam","Ball Lightning"],"picked":"Leap","floor":3.0},{"not_picked":["Streamline","Chaos"],"picked":"Darkness","floor":10.0},{"not_picked":["Undo","Rebound","Ball Lightning"],"picked":"SKIP","floor":12.0},{"not_picked":["Stack","Multi-Cast"],"picked":"Barrage","floor":13.0},{"not_picked":["Stack","Fusion"],"picked":"Hologram","floor":14.0},{"not_picked":["All For One","Rainbow"],"picked":"Seek","floor":16.0},{"not_picked":["Gash+1","Ball Lightning+1"],"picked":"Compile Driver","floor":18.0},{"not_picked":["BootSequence","Sweeping Beam"],"picked":"Steam+1","floor":19.0},{"not_picked":["Coolheaded+1","Sweeping Beam+1"],"picked":"Hologram+1","floor":20.0},{"not_picked":["Static Discharge+1","Coolheaded"],"picked":"Cold Snap+1","floor":22.0},{"not_picked":["Rip and Tear","Reprogram","Rebound"],"picked":"SKIP","floor":25.0},{"not_picked":["Rip and Tear","Reprogram","Rebound"],"picked":"SKIP","floor":25.0},{"not_picked":["Gash","Coolheaded"],"picked":"Redo+1","floor":27.0},{"not_picked":["Cold Snap+1","Redo"],"picked":"Machine Learning","floor":29.0},{"not_picked":["Reprogram+1","Coolheaded"],"picked":"Reinforced Body","floor":30.0},{"not_picked":["Biased Cognition","Fission"],"picked":"Creative AI","floor":33.0},{"not_picked":["Compile Driver","Lockon+1","Conserve Battery+1"],"picked":"SKIP","floor":35.0},{"not_picked":["Sweeping Beam","White Noise"],"picked":"Streamline+1","floor":36.0},{"not_picked":["Gash+1","Ball Lightning"],"picked":"Consume","floor":37.0},{"not_picked":["Cold Snap","Hologram","Biased Cognition"],"picked":"SKIP","floor":41.0},{"not_picked":["Conserve Battery+1","Lockon","Auto Shields+1"],"picked":"SKIP","floor":45},{"not_picked":["Darkness+1","Cold Snap","Rebound"],"picked":"SKIP","floor":46},{"not_picked":["Streamline+1","Chill+1","Ball Lightning"],"picked":"SKIP","floor":48}],"player_experience":777795,"potions_floor_usage":[50],"damage_taken":[{"damage":3.0,"enemies":"2 Louse","floor":1.0,"turns":2.0},{"damage":0.0,"enemies":"Small Slimes","floor":3.0,"turns":2.0},{"damage":0.0,"enemies":"Cultist","floor":10.0,"turns":4.0},{"damage":6.0,"enemies":"2 Fungi Beasts","floor":12.0,"turns":4.0},{"damage":6.0,"enemies":"Exordium Thugs","floor":13.0,"turns":5.0},{"damage":18.0,"enemies":"3 Sentries","floor":14.0,"turns":6.0},{"damage":10.0,"enemies":"The Guardian","floor":16.0,"turns":10.0},{"damage":5.0,"enemies":"Shell Parasite","floor":18.0,"turns":5.0},{"damage":5.0,"enemies":"Chosen","floor":19.0,"turns":4.0},{"damage":15.0,"enemies":"Snake Plant","floor":20.0,"turns":5.0},{"damage":24.0,"enemies":"Cultist and Chosen","floor":22.0,"turns":7.0},{"damage":1.0,"enemies":"Centurion and Healer","floor":25.0,"turns":6.0},{"damage":10.0,"enemies":"Sentry and Sphere","floor":27.0,"turns":4.0},{"damage":1.0,"enemies":"Snecko","floor":29.0,"turns":4.0},{"damage":1.0,"enemies":"3 Cultists","floor":30.0,"turns":5.0},{"damage":1.0,"enemies":"Automaton","floor":33.0,"turns":10.0},{"damage":0.0,"enemies":"3 Shapes","floor":35.0,"turns":6.0},{"damage":1.0,"enemies":"Orb Walker","floor":36.0,"turns":4.0},{"damage":58.0,"enemies":"Sphere and 2 Shapes","floor":37.0,"turns":6.0},{"damage":13.0,"enemies":"4 Shapes","floor":41.0,"turns":7.0},{"damage":36,"enemies":"3 Darklings","floor":45,"turns":7},{"damage":1,"enemies":"Sphere and 2 Shapes","floor":46,"turns":7},{"damage":30,"enemies":"Maw","floor":48,"turns":9},{"damage":33,"enemies":"Time Eater","floor":50,"turns":20}],"relics_obtained":[{"floor":9.0,"key":"Pear"},{"floor":11.0,"key":"Letter Opener"},{"floor":14.0,"key":"Pen Nib"}],"event_choices":[{"event_name":"Scrap Ooze","player_choice":"success","floor":2.0,"damage_taken":7.0},{"event_name":"Golden Wing","player_choice":"Card Removal","floor":5.0,"damage_taken":0.0},{"event_name":"The Lab","player_choice":"Got Potions","floor":7.0,"damage_taken":0.0},{"event_name":"The Mausoleum","player_choice":"Yes","floor":21.0,"damage_taken":0.0},{"event_name":"Beggar","player_choice":"Gave Gold","floor":28.0,"damage_taken":0.0},{"event_name":"The Library","player_choice":"Heal","floor":31.0,"damage_taken":0.0},{"event_name":"The Moai Head","player_choice":"Heal","floor":44.0,"damage_taken":0.0}],"boss_relics":[],"items_purged_floors":[],"potions_floor_spawned":[3,13,20,22,25,27,36,37,46,48],"seed_played":"6131519501556985957","ascension_level":0,"potions_obtained":[{"floor":3.0,"key":"SkillPotion"},{"floor":7.0,"key":"SpeedPotion"},{"floor":7.0,"key":"Fire Potion"},{"floor":13.0,"key":"FocusPotion"}],"is_trial":false}