{"gold_per_floor":[113,126,146,146,34,34,47,78,148,175,191,241,256,319,319,396,396,369,389,439,489,229,229,245,245,321,371,30,48,82,132,132,205,205,221,316,328,378,428,428,478,389,389,423,496,515,565,60,60,60,60],"floor_reached":52,"playtime":2646,"items_purged":["Strike_B","Strike_B","Strike_B","Defend_B"],"score":1966,"play_id":"5902e778-81de-416f-b3d2-d9bd484888b8","local_time":"20181203004246","is_ascension_mode":true,"campfire_choices":[{"data":"Defragment","floor":6,"key":"SMITH"},{"floor":15,"key":"REST"},{"data":"Amplify","floor":23,"key":"SMITH"},{"data":"Dualcast","floor":25,"key":"SMITH"},{"floor":32,"key":"REST"},{"data":"Coolheaded","floor":40,"key":"SMITH"},{"data":"Fission","floor":49,"key":"SMITH"}],"neow_cost":"NONE","seed_source_timestamp":926777180259838,"circlet_count":0,"master_deck":["AscendersBane","Defend_B","Zap+1","Dualcast+1","Rip and Tear","Beam Cell","Defragment+1","Self Repair","Defragment","Leap","Creative AI+1","Go for the Eyes+1","Ball Lightning","Coolheaded+1","Amplify+1","Conserve Battery","FTL+1","Glacier","Heatsinks+1","Lockon","Mayhem+1","Undo","Go for the Eyes+1","Fission+1","Loop+1"],"relics":["FrozenCore","SsserpentHead","Mango","Frozen Egg 2","Vajra","Juzu Bracelet","Blue Candle","Mummified Hand","DataDisk","Philosopher\u0027s Stone","Nunchaku","Molten Egg 2","Strawberry","Centennial Puzzle","Oddly Smooth Stone"],"potions_floor_usage":[7,10,13,16,20,30,30,33,50,51],"damage_taken":[{"damage":0,"enemies":"2 Louse","floor":1,"turns":2},{"damage":1,"enemies":"Cultist","floor":2,"turns":3},{"damage":5,"enemies":"Small Slimes","floor":3,"turns":3},{"damage":3,"enemies":"3 Louse","floor":7,"turns":3},{"damage":36,"enemies":"Gremlin Nob","floor":8,"turns":4},{"damage":35,"enemies":"Lagavulin","floor":10,"turns":5},{"damage":4,"enemies":"Large Slime","floor":11,"turns":5},{"damage":13,"enemies":"Exordium Thugs","floor":13,"turns":4},{"damage":6,"enemies":"Red Slaver","floor":14,"turns":3},{"damage":11,"enemies":"The Guardian","floor":16,"turns":9},{"damage":21,"enemies":"2 Thieves","floor":18,"turns":4},{"damage":4,"enemies":"Spheric Guardian","floor":19,"turns":5},{"damage":9,"enemies":"Colosseum Slavers","floor":20,"turns":5},{"damage":27,"enemies":"3 Cultists","floor":24,"turns":7},{"damage":0,"enemies":"Snecko","floor":29,"turns":5},{"damage":37,"enemies":"Slavers","floor":30,"turns":7},{"damage":10,"enemies":"Collector","floor":33,"turns":10},{"damage":1,"enemies":"Orb Walker","floor":35,"turns":3},{"damage":16,"enemies":"2 Orb Walkers","floor":36,"turns":5},{"damage":0,"enemies":"3 Shapes","floor":37,"turns":4},{"damage":2,"enemies":"Nemesis","floor":44,"turns":7},{"damage":10,"enemies":"Maw","floor":46,"turns":6},{"damage":17,"enemies":"Awakened One","floor":50,"turns":5},{"damage":0,"enemies":"Donu and Deca","floor":51,"turns":11}],"seed_played":"-5882850596909605296","potions_obtained":[{"floor":1,"key":"Explosive Potion"},{"floor":8,"key":"SteroidPotion"},{"floor":10,"key":"GamblersBrew"},{"floor":11,"key":"GamblersBrew"},{"floor":13,"key":"Poison Potion"},{"floor":19,"key":"EssenceOfSteel"},{"floor":21,"key":"SneckoOil"},{"floor":30,"key":"Block Potion"},{"floor":35,"key":"GamblersBrew"},{"floor":37,"key":"Explosive Potion"}],"is_trial":false,"path_per_floor":["M","M","M","?","$","R","M","E","T","E","M","?","M","M","R","B",null,"M","M","?","?","$","R","M","R","T","?","$","M","E","?","R","B",null,"M","?","M","?","?","R","$","$","T","E","T","M","?","$","R","B","B",null],"character_chosen":"DEFECT","items_purchased":["Self Repair","Juzu Bracelet","Mummified Hand","Undo","Oddly Smooth Stone","Fission","Loop+1"],"campfire_rested":2,"item_purchase_floors":[5,22,28,42,48,48,48],"current_hp_per_floor":[64,63,58,58,58,58,62,47,47,19,22,22,16,17,42,38,73,59,62,60,60,60,60,40,40,40,40,40,47,17,17,42,39,74,85,83,83,81,71,71,71,71,71,83,83,80,80,80,80,77,84],"gold":60,"neow_bonus":"UPGRADE_CARD","is_prod":false,"is_daily":false,"chose_seed":false,"campfire_upgraded":5,"win_rate":0,"timestamp":1543826566,"path_taken":["M","M","M","?","?","R","M","E","T","E","M","?","M","?","R","BOSS","M","M","?","?","$","R","M","R","T","?","?","M","E","?","R","BOSS","M","?","M","?","?","R","?","$","T","E","?","M","?","$","R","BOSS","BOSS"],"build_version":"2018-11-15","purchased_purges":4,"victory":true,"max_hp_per_floor":[71,71,71,71,71,71,71,85,85,85,85,85,85,85,85,85,85,85,85,85,85,85,85,85,85,85,85,85,85,85,85,85,85,85,85,85,85,81,81,81,81,81,81,88,88,88,88,88,88,88,88],"card_choices":[{"not_picked":["Undo","Streamline"],"picked":"Rip and Tear","floor":1},{"not_picked":["Compile Driver","Leap"],"picked":"Beam Cell","floor":2},{"not_picked":["Turbo","Heatsinks"],"picked":"Defragment","floor":3},{"not_picked":["Sweeping Beam","Barrage"],"picked":"Defragment","floor":7},{"not_picked":["Storm","Gash"],"picked":"Leap","floor":8},{"not_picked":["White Noise","Beam Cell"],"picked":"Creative AI+1","floor":10},{"not_picked":["Beam Cell","Compile Driver"],"picked":"Go for the Eyes","floor":11},{"not_picked":["Rebound","Turbo"],"picked":"Ball Lightning","floor":13},{"not_picked":["Rainbow","Capacitor+1"],"picked":"Coolheaded","floor":14},{"not_picked":["Multi-Cast","Fission"],"picked":"Amplify","floor":16},{"not_picked":["Cold Snap","Sweeping Beam"],"picked":"Conserve Battery","floor":18},{"not_picked":["Steam","Barrage"],"picked":"FTL+1","floor":19},{"not_picked":["Beam Cell","Steam","Turbo"],"picked":"SKIP","floor":24},{"not_picked":["Streamline","Coolheaded"],"picked":"Glacier","floor":29},{"not_picked":["Undo","Reprogram"],"picked":"Heatsinks+1","floor":30},{"not_picked":["Reinforced Body+1","Stack","Gash"],"picked":"SKIP","floor":35},{"not_picked":["Scrape","Darkness","Steam"],"picked":"SKIP","floor":37},{"not_picked":["Blind","Forethought"],"picked":"Mayhem+1","floor":39},{"not_picked":["Leap","Barrage+1"],"picked":"Go for the Eyes+1","floor":44},{"not_picked":["Steam","FTL+1","Reprogram+1"],"picked":"SKIP","floor":46}],"player_experience":953952,"relics_obtained":[{"floor":8,"key":"Mango"},{"floor":9,"key":"Frozen Egg 2"},{"floor":10,"key":"Vajra"},{"floor":26,"key":"Blue Candle"},{"floor":30,"key":"DataDisk"},{"floor":36,"key":"Nunchaku"},{"floor":43,"key":"Molten Egg 2"},{"floor":44,"key":"Strawberry"},{"floor":45,"key":"Centennial Puzzle"}],"event_choices":[{"damage_healed":0,"gold_gain":0,"player_choice":"Trade","damage_taken":0,"relics_obtained":["SsserpentHead"],"max_hp_gain":0,"max_hp_loss":0,"event_name":"FaceTrader","floor":4,"gold_loss":0},{"damage_healed":0,"gold_gain":0,"player_choice":"Forge","damage_taken":0,"max_hp_gain":0,"max_hp_loss":0,"event_name":"Accursed Blacksmith","floor":12,"gold_loss":0,"cards_upgraded":["Go for the Eyes"]},{"damage_healed":0,"gold_gain":0,"player_choice":"Fight","damage_taken":0,"max_hp_gain":0,"max_hp_loss":0,"event_name":"Colosseum","floor":20,"gold_loss":0},{"damage_healed":0,"gold_gain":0,"player_choice":"Fled From Nobs","damage_taken":0,"max_hp_gain":0,"max_hp_loss":0,"event_name":"Colosseum","floor":20,"gold_loss":0},{"damage_healed":0,"gold_gain":0,"player_choice":"Got Potions","damage_taken":0,"max_hp_gain":0,"max_hp_loss":0,"event_name":"Lab","floor":21,"gold_loss":0},{"cards_removed":["Defend_B"],"damage_healed":0,"gold_gain":0,"player_choice":"Card Removal","damage_taken":0,"max_hp_gain":0,"max_hp_loss":0,"event_name":"Wheel of Change","floor":27,"gold_loss":0},{"damage_healed":0,"gold_gain":0,"cards_transformed":["Strike_B"],"player_choice":"Transformed","damage_taken":0,"max_hp_gain":0,"max_hp_loss":0,"event_name":"Transmorgrifier","floor":31,"gold_loss":0,"cards_obtained":["Lockon"]},{"damage_healed":0,"gold_gain":0,"player_choice":"Fight","damage_taken":0,"max_hp_gain":0,"max_hp_loss":0,"event_name":"Mysterious Sphere","floor":36,"gold_loss":0},{"damage_healed":0,"gold_gain":0,"player_choice":"Max HP","damage_taken":0,"max_hp_gain":0,"max_hp_loss":4,"event_name":"Winding Halls","floor":38,"gold_loss":0},{"damage_healed":0,"gold_gain":0,"player_choice":"Memory 3","damage_taken":10,"max_hp_gain":0,"max_hp_loss":0,"event_name":"SensoryStone","floor":39,"gold_loss":0},{"cards_removed":["Defend_B"],"damage_healed":0,"gold_gain":0,"player_choice":"Removed Skill","damage_taken":0,"max_hp_gain":0,"max_hp_loss":0,"event_name":"Falling","floor":47,"gold_loss":0}],"is_beta":true,"boss_relics":[{"not_picked":["Runic Dome","Snecko Eye"],"picked":"FrozenCore"},{"not_picked":["Astrolabe","Calling Bell"],"picked":"Philosopher\u0027s Stone"}],"items_purged_floors":[5,22,28,48],"is_endless":false,"potions_floor_spawned":[1,8,10,11,13,19,29,30,35,37],"ascension_level":20}