{"path_per_floor":["M","M","M","?","?","R","M","M","T","M","E","R","M","?","R","B",null,"M","?"],"character_chosen":"THE_SILENT","items_purchased":[],"gold_per_floor":[111,131,143,143,143,143,155,171,249,263,298,298,310,251,251,327,327,345,376,316],"floor_reached":20,"campfire_rested":1,"playtime":5253,"item_purchase_floors":[],"current_hp_per_floor":[55,55,55,55,44,44,30,30,30,29,20,20,8,8,27,4,51,17,4,0],"items_purged":[],"gold":316,"score":308,"play_id":"cd345eae-551b-4fb1-b86d-992c6e47c96a","local_time":"20180618152154","is_prod":false,"is_daily":false,"chose_seed":false,"is_ascension_mode":true,"campfire_upgraded":2,"win_rate":0,"timestamp":1529360514,"campfire_choices":[{"data":"Poisoned Stab","floor":6.0,"key":"SMITH"},{"data":"Malaise","floor":12.0,"key":"SMITH"},{"floor":15.0,"key":"REST"}],"path_taken":["M","M","M","?","?","R","M","?","T","M","E","R","M","?","R","BOSS","M","?","M"],"build_version":"2018-06-14v2","seed_source_timestamp":0,"purchased_purges":0,"victory":false,"master_deck":["Survivor+1","Neutralize+1","AscendersBane","Storm of Steel","Poisoned Stab+1","PiercingWail+1","Quick Slash","Injury","Dagger Spray","Backflip","Backflip","Malaise+1","Glass Knife","Bane","Sucker Punch","Quick Slash","Deadly Poison","Underhanded Strike","Dodge and Roll","Deflect","Deadly Poison","Backstab","Choke","Escape Plan","Deflect"],"max_hp_per_floor":[66,66,66,66,66,66,66,66,66,66,66,66,66,66,66,66,66,66,66,66],"special_seed":0,"relics":["Ring of the Snake","Incense Burner","Letter Opener","War Paint","Pandora\u0027s Box","Red Mask"],"card_choices":[{"not_picked":["Flying Knee","Dagger Throw"],"picked":"Poisoned Stab","floor":1.0},{"not_picked":["Dagger Throw","Slice"],"picked":"PiercingWail","floor":2.0},{"not_picked":["Sucker Punch","Deflect"],"picked":"Quick Slash","floor":3.0},{"not_picked":["Dagger Throw","Underhanded Strike"],"picked":"Dagger Spray","floor":7.0},{"not_picked":["Expertise","Acrobatics"],"picked":"Backflip","floor":8.0},{"not_picked":["Dagger Spray","Tactician"],"picked":"Backflip","floor":10.0},{"not_picked":["Deflect","Venomology"],"picked":"Malaise","floor":11.0},{"not_picked":["Outmaneuver","Deadly Poison","Flechettes"],"picked":"SKIP","floor":13.0},{"not_picked":["Tools of the Trade","Tactician"],"picked":"Glass Knife","floor":16},{"not_picked":["Flying Knee","Dagger Spray+1"],"picked":"Escape Plan","floor":18},{"not_picked":["Escape Plan","Flying Knee"],"picked":"Deflect","floor":19}],"player_experience":878545,"potions_floor_usage":[16],"damage_taken":[{"damage":4.0,"enemies":"2 Louse","floor":1.0,"turns":5.0},{"damage":0.0,"enemies":"Cultist","floor":2.0,"turns":3.0},{"damage":0.0,"enemies":"Small Slimes","floor":3.0,"turns":3.0},{"damage":14.0,"enemies":"3 Louse","floor":7.0,"turns":5.0},{"damage":0.0,"enemies":"Large Slime","floor":8.0,"turns":6.0},{"damage":1.0,"enemies":"Blue Slaver","floor":10.0,"turns":4.0},{"damage":9.0,"enemies":"3 Sentries","floor":11.0,"turns":7.0},{"damage":12.0,"enemies":"Lots of Slimes","floor":13.0,"turns":4.0},{"damage":23,"enemies":"The Guardian","floor":16,"turns":18},{"damage":34,"enemies":"Spheric Guardian","floor":18,"turns":6},{"damage":13,"floor":19,"turns":5},{"damage":14,"enemies":"2 Thieves","floor":20,"turns":2}],"relics_obtained":[{"floor":9.0,"key":"Letter Opener"},{"floor":11.0,"key":"War Paint"},{"floor":19,"key":"Red Mask"}],"event_choices":[{"event_name":"Accursed Blacksmith","player_choice":"Forge","floor":4.0,"damage_taken":0.0},{"event_name":"Scrap Ooze","player_choice":"success","floor":5.0,"damage_taken":11.0},{"event_name":"World of Goop","player_choice":"Left","floor":14.0,"damage_taken":0.0},{"event_name":"Masked Bandits","player_choice":"Fought over 345 gold","floor":19,"damage_taken":0}],"boss_relics":[{"not_picked":["Sozu","Lizard Tail"],"picked":"Pandora\u0027s Box"}],"items_purged_floors":[],"is_endless":false,"potions_floor_spawned":[3,7,11],"seed_played":"-9189713645163195657","killed_by":"2 Thieves","ascension_level":15,"potions_obtained":[{"floor":3.0,"key":"LiquidBronze"},{"floor":7.0,"key":"AttackPotion"},{"floor":11.0,"key":"SteroidPotion"}],"is_trial":false}