{"path_per_floor":["M","?","?","?","M","E","M","M","T","M","?","R","?","M","R"],"character_chosen":"IRONCLAD","items_purchased":[],"gold_per_floor":[209,209,284,284,294,324,337,348,396,406,406,406,371,391,391,391],"floor_reached":16,"campfire_rested":1,"playtime":884,"item_purchase_floors":[],"current_hp_per_floor":[59,59,48,41,41,15,11,15,15,9,9,48,68,72,72,0],"items_purged":[],"gold":391,"score":138,"play_id":"2ac012c8-8b3c-4362-9c8c-f265521bd8c5","local_time":"20180527134857","is_prod":false,"is_daily":false,"chose_seed":false,"is_ascension_mode":true,"campfire_upgraded":1,"win_rate":0,"timestamp":1527446937,"campfire_choices":[{"floor":12,"key":"REST"},{"data":"Warcry","floor":15,"key":"SMITH"}],"path_taken":["M","?","?","?","?","E","M","M","T","M","?","R","?","M","R","BOSS"],"build_version":"2018-05-24","seed_source_timestamp":754740889306135,"purchased_purges":0,"victory":false,"master_deck":["Strike_R","Strike_R","Strike_R","Strike_R","Defend_R","Defend_R","Defend_R","Defend_R","Bash","Pummel","Warcry+1","True Grit","Ghostly Armor","Warcry+1","Flex"],"max_hp_per_floor":[80,80,80,80,80,80,80,80,80,80,80,80,80,80,80,80],"relics":["Burning Blood","Kunai","Blood Vial","Regal Pillow"],"card_choices":[{"not_picked":["Iron Wave","Dropkick"],"picked":"Pummel","floor":1},{"not_picked":["Carnage","Second Wind"],"picked":"Warcry","floor":5},{"not_picked":["Thunderclap","Uppercut","Rage"],"picked":"SKIP","floor":6},{"not_picked":["Sword Boomerang","Dual Wield"],"picked":"True Grit","floor":7},{"not_picked":["Armaments","Thunderclap"],"picked":"Ghostly Armor","floor":8},{"not_picked":["Sword Boomerang","True Grit"],"picked":"Warcry","floor":10},{"not_picked":["Battle Trance","Sword Boomerang"],"picked":"Flex","floor":14}],"player_experience":202213,"potions_floor_usage":[10,10,16,16],"damage_taken":[{"damage":19,"enemies":"Small Slimes","floor":1,"turns":4},{"damage":6,"enemies":"Cultist","floor":5,"turns":3},{"damage":32,"enemies":"3 Sentries","floor":6,"turns":13},{"damage":12,"enemies":"Jaw Worm","floor":7,"turns":4},{"damage":4,"enemies":"2 Fungi Beasts","floor":8,"turns":5},{"damage":14,"enemies":"Gremlin Gang","floor":10,"turns":8},{"damage":4,"enemies":"3 Louse","floor":14,"turns":5},{"damage":88,"enemies":"Slime Boss","floor":16,"turns":13}],"relics_obtained":[{"floor":6,"key":"Blood Vial"},{"floor":9,"key":"Regal Pillow"}],"event_choices":[{"event_name":"Accursed Blacksmith","player_choice":"Rummage","floor":2,"damage_taken":0},{"event_name":"World of Goop","player_choice":"Gather Gold","floor":3,"damage_taken":0},{"event_name":"Golden Wing","player_choice":"Card Removal","floor":4,"damage_taken":0},{"event_name":"Living Wall","player_choice":"Grow","floor":11,"damage_taken":0},{"event_name":"The Cleric","player_choice":"Healed","floor":13,"damage_taken":0}],"boss_relics":[],"items_purged_floors":[],"potions_floor_spawned":[5,6,7,10],"seed_played":"-4643288463446530118","killed_by":"Slime Boss","ascension_level":7,"potions_obtained":[{"floor":5,"key":"Dexterity Potion"},{"floor":6,"key":"SteroidPotion"},{"floor":7,"key":"Explosive Potion"},{"floor":10,"key":"EssenceOfSteel"}],"is_trial":false}