{"gold_per_floor":[113,132,142,142,163,163,198,198,198,232,98,98,98,141,141,141],"floor_reached":16,"playtime":860,"items_purged":["Injury"],"score":130,"play_id":"c2703c33-1ceb-407f-aea2-def28b582f8d","local_time":"20181217220043","is_ascension_mode":true,"campfire_choices":[{"floor":6.0,"key":"REST"},{"floor":8.0,"key":"REST"},{"floor":12,"key":"REST"},{"floor":15,"key":"REST"}],"neow_cost":"CURSE","seed_source_timestamp":66702939977556,"circlet_count":0,"master_deck":["Defend_G","Defend_G","Defend_G","Defend_G","Defend_G","Strike_G","Strike_G","Strike_G","Strike_G","Strike_G","Survivor","Neutralize","PiercingWail","Deflect","Sucker Punch","Injury","Sucker Punch","Distraction","Leg Sweep","Discovery","Regret","Dagger Throw"],"special_seed":0,"relics":["Ring of the Snake","StoneCalendar","Golden Idol","Anchor","The Courier","Shovel","Frozen Egg 2","Unceasing Top"],"potions_floor_usage":[10,14],"damage_taken":[{"damage":8.0,"enemies":"Small Slimes","floor":1.0,"turns":5.0},{"damage":0.0,"enemies":"Jaw Worm","floor":2.0,"turns":5.0},{"damage":2.0,"enemies":"2 Louse","floor":3.0,"turns":4.0},{"damage":11.0,"enemies":"2 Fungi Beasts","floor":5.0,"turns":5.0},{"damage":31.0,"enemies":"Gremlin Nob","floor":7.0,"turns":6.0},{"damage":33,"enemies":"Lagavulin","floor":10,"turns":12},{"damage":38,"enemies":"Gremlin Nob","floor":14,"turns":7},{"damage":42,"enemies":"Hexaghost","floor":16,"turns":14}],"seed_played":"-6469427059042209101","potions_obtained":[{"floor":1.0,"key":"Explosive Potion"},{"floor":5.0,"key":"Regen Potion"},{"floor":7.0,"key":"Block Potion"}],"is_trial":false,"path_per_floor":["M","M","M","?","M","R","E","R","T","E","$","R","?","E","R","B"],"character_chosen":"THE_SILENT","items_purchased":["Discovery"],"campfire_rested":4,"item_purchase_floors":[11],"current_hp_per_floor":[62,62,60,60,49,70,45,66,66,33,33,54,54,16,37,0],"gold":141,"neow_bonus":"ONE_RARE_RELIC","is_prod":false,"is_daily":false,"chose_seed":false,"campfire_upgraded":0,"win_rate":0,"timestamp":1545102043,"path_taken":["M","M","M","?","M","R","E","R","T","E","$","R","?","E","R","BOSS"],"build_version":"2018-12-13","purchased_purges":1,"victory":false,"max_hp_per_floor":[70,70,70,70,70,70,70,70,70,70,70,70,70,70,70,70],"card_choices":[{"not_picked":["Skewer","Riddle With Holes"],"picked":"PiercingWail","floor":1.0},{"not_picked":["Outmaneuver","Poisoned Stab"],"picked":"Deflect","floor":2.0},{"not_picked":["Dagger Throw","Slice"],"picked":"Sucker Punch","floor":3.0},{"not_picked":["Deadly Poison","Accuracy"],"picked":"Sucker Punch","floor":5.0},{"not_picked":["Outmaneuver","Backstab"],"picked":"Distraction","floor":7.0},{"not_picked":["Prepared","Acrobatics"],"picked":"Leg Sweep","floor":10},{"not_picked":["Dagger Spray","Storm of Steel"],"picked":"Dagger Throw","floor":14}],"player_experience":211757,"relics_obtained":[{"floor":7.0,"key":"Anchor"},{"floor":9.0,"key":"The Courier"},{"floor":10,"key":"Shovel"},{"floor":14,"key":"Unceasing Top"}],"event_choices":[{"damage_healed":0.0,"max_hp_gain":0.0,"max_hp_loss":0.0,"gold_gain":0.0,"event_name":"Golden Idol","player_choice":"Take Wound","floor":4.0,"gold_loss":0.0,"damage_taken":0.0,"relics_obtained":["Golden Idol"],"cards_obtained":["Injury"]},{"damage_healed":0,"gold_gain":0,"player_choice":"Box","damage_taken":0,"relics_obtained":["Frozen Egg 2"],"max_hp_gain":0,"max_hp_loss":0,"event_name":"Big Fish","floor":13,"gold_loss":0,"cards_obtained":["Regret"]}],"is_beta":false,"boss_relics":[],"items_purged_floors":[11],"is_endless":false,"potions_floor_spawned":[1,5,7],"killed_by":"Hexaghost","ascension_level":2}