{"gold_per_floor":[113,63,63,82,99,130,141,66,66,81,81,31,49,124,124,225,225,244,244,67,67,83,83,113,113,139,169,169,186,285,298,298,396,396,415,415,435,435],"floor_reached":38,"playtime":1651,"items_purged":["Regret","Strike_R"],"score":522,"play_id":"7fa7da10-a039-4939-b444-a259fb6d3606","local_time":"20190202021003","is_ascension_mode":true,"campfire_choices":[{"data":"Carnage","floor":11,"key":"SMITH"},{"data":"Demon Form","floor":15,"key":"SMITH"},{"data":"Entrench","floor":23,"key":"SMITH"},{"data":"Bash","floor":25,"key":"SMITH"},{"data":"Ghostly Armor","floor":28,"key":"SMITH"},{"data":"Reaper","floor":32,"key":"SMITH"}],"neow_cost":"NONE","seed_source_timestamp":1926860308894205,"circlet_count":0,"master_deck":["Strike_R","Strike_R","Strike_R","Defend_R","Defend_R","Defend_R","Defend_R","Bash+1","Demon Form+1","Carnage+1","Anger","Shrug It Off","Thunderclap","Sword Boomerang","Iron Wave","Reaper+1","Ghostly Armor+1","Entrench+1","Exhume","Doubt","Decay","Doubt","Limit Break","Bash+1","Shrug It Off"],"relics":["Burning Blood","Darkstone Periapt","Gremlin Horn","Meat on the Bone","Sozu","Orichalcum","Boot","Lantern","Molten Egg 2","Calling Bell","Anchor","Dodecahedron","Ice Cream"],"potions_floor_usage":[6,7,10],"damage_taken":[{"damage":8,"enemies":"2 Louse","floor":1,"turns":3},{"damage":13,"enemies":"Small Slimes","floor":4,"turns":4},{"damage":11,"enemies":"Jaw Worm","floor":5,"turns":3},{"damage":57,"enemies":"3 Sentries","floor":6,"turns":9},{"damage":10,"enemies":"3 Louse","floor":7,"turns":3},{"damage":18,"enemies":"Exordium Wildlife","floor":10,"turns":5},{"damage":2,"enemies":"2 Fungi Beasts","floor":13,"turns":5},{"damage":30,"enemies":"The Guardian","floor":16,"turns":8},{"damage":28,"enemies":"2 Thieves","floor":18,"turns":3},{"damage":15,"enemies":"Spheric Guardian","floor":22,"turns":4},{"damage":41,"enemies":"Gremlin Leader","floor":24,"turns":6},{"damage":16,"enemies":"Slavers","floor":27,"turns":7},{"damage":33,"enemies":"Snake Plant","floor":29,"turns":3},{"damage":15,"enemies":"Centurion and Healer","floor":31,"turns":6},{"damage":50,"enemies":"Champ","floor":33,"turns":10},{"damage":66,"enemies":"3 Shapes","floor":35,"turns":7},{"damage":56,"enemies":"3 Darklings","floor":37,"turns":7},{"damage":59,"enemies":"Jaw Worm Horde","floor":38,"turns":4}],"seed_played":"1420265643082803692","potions_obtained":[{"floor":1,"key":"Poison Potion"},{"floor":5,"key":"Regen Potion"},{"floor":7,"key":"SkillPotion"}],"is_trial":false,"path_per_floor":["M","?","?","M","M","E","M","$","T","M","R","$","M","?","R","B",null,"M","?","$","?","M","R","E","R","T","E","R","M","?","M","R","B",null,"M","?","M","M"],"character_chosen":"IRONCLAD","items_purchased":["Sword Boomerang","Ghostly Armor"],"campfire_rested":0,"item_purchase_floors":[12,20],"current_hp_per_floor":[78,78,84,77,72,36,32,32,32,32,32,32,48,37,37,25,86,78,78,78,61,52,52,56,56,56,56,56,53,53,64,64,32,109,61,61,46,0],"gold":435,"neow_bonus":"ONE_RANDOM_RARE_CARD","is_prod":false,"is_daily":false,"chose_seed":false,"campfire_upgraded":6,"win_rate":0,"timestamp":1549041003,"path_taken":["M","?","?","?","M","E","M","$","T","M","R","$","M","?","R","BOSS","M","?","$","?","M","R","E","R","T","E","R","M","?","M","R","BOSS","M","?","M","?"],"build_version":"2019-01-23","purchased_purges":2,"victory":false,"max_hp_per_floor":[80,80,86,86,86,86,86,86,86,86,86,86,86,86,86,86,86,86,86,86,91,91,91,91,91,91,91,91,91,91,91,91,91,109,109,109,109,109],"card_choices":[{"not_picked":["Disarm","Infernal Blade"],"picked":"Carnage","floor":1},{"not_picked":["Fire Breathing","Inflame"],"picked":"Anger","floor":4},{"not_picked":["Combust","Rampage","Fire Breathing"],"picked":"SKIP","floor":5},{"not_picked":["Rupture","Headbutt"],"picked":"Shrug It Off","floor":6},{"not_picked":["Warcry","Flex","Inflame"],"picked":"SKIP","floor":7},{"not_picked":["Clothesline","Inflame"],"picked":"Thunderclap","floor":10},{"not_picked":["Corruption","True Grit"],"picked":"Iron Wave","floor":13},{"not_picked":["Brutality","Feed"],"picked":"Reaper","floor":16},{"not_picked":["Pommel Strike","Wild Strike+1","Sword Boomerang"],"picked":"SKIP","floor":18},{"not_picked":["Clash","Spot Weakness"],"picked":"Entrench","floor":22},{"not_picked":["Entrench","Clothesline","Cleave+1"],"picked":"SKIP","floor":24},{"not_picked":["Rupture","Inflame+1","Pommel Strike+1"],"picked":"SKIP","floor":27},{"not_picked":["Clothesline+1","Thunderclap+1","Clash+1"],"picked":"SKIP","floor":29},{"not_picked":["Bludgeon+1","Clash+1","Fire Breathing+1"],"picked":"SKIP","floor":31},{"not_picked":["Double Tap","Berserk"],"picked":"Exhume","floor":33},{"not_picked":["Twin Strike+1","Clothesline+1","Rampage+1"],"picked":"SKIP","floor":35},{"not_picked":["Dual Wield+1","Clash+1"],"picked":"Shrug It Off","floor":37}],"player_experience":774640,"relics_obtained":[{"floor":6,"key":"Gremlin Horn"},{"floor":9,"key":"Meat on the Bone"},{"floor":24,"key":"Boot"},{"floor":26,"key":"Lantern"},{"floor":27,"key":"Molten Egg 2"},{"floor":34,"key":"Anchor"},{"floor":34,"key":"Dodecahedron"},{"floor":34,"key":"Ice Cream"}],"event_choices":[{"cards_removed":["Strike_R"],"damage_healed":0,"gold_gain":0,"player_choice":"Card Removal","damage_taken":0,"max_hp_gain":0,"max_hp_loss":0,"event_name":"The Cleric","floor":2,"gold_loss":50},{"damage_healed":0,"gold_gain":0,"player_choice":"Box","damage_taken":0,"relics_obtained":["Darkstone Periapt"],"max_hp_gain":0,"max_hp_loss":0,"event_name":"Big Fish","floor":3,"gold_loss":0,"cards_obtained":["Regret"]},{"damage_healed":0,"gold_gain":75,"player_choice":"Gather Gold","damage_taken":11,"max_hp_gain":0,"max_hp_loss":0,"event_name":"World of Goop","floor":14,"gold_loss":0},{"damage_healed":0,"gold_gain":0,"player_choice":"Opened","damage_taken":0,"relics_obtained":["Orichalcum"],"max_hp_gain":0,"max_hp_loss":0,"event_name":"The Mausoleum","floor":19,"gold_loss":0},{"damage_healed":0,"gold_gain":0,"player_choice":"Shed Blood","damage_taken":22,"max_hp_gain":5,"max_hp_loss":0,"event_name":"Forgotten Altar","floor":21,"gold_loss":0},{"damage_healed":0,"gold_gain":99,"player_choice":"Stole From Cult","damage_taken":0,"max_hp_gain":0,"max_hp_loss":0,"event_name":"Nest","floor":30,"gold_loss":0},{"damage_healed":0,"gold_gain":0,"player_choice":"2 cards matched","damage_taken":0,"max_hp_gain":0,"max_hp_loss":0,"event_name":"Match and Keep!","floor":36,"gold_loss":0,"cards_obtained":["Limit Break","Bash"]}],"is_beta":false,"boss_relics":[{"not_picked":["Orrery","Eternal Feather"],"picked":"Sozu"},{"not_picked":["Philosopher\u0027s Stone","Coffee Dripper"],"picked":"Calling Bell"}],"items_purged_floors":[8,20],"is_endless":false,"potions_floor_spawned":[1,5,7,24,31,33],"killed_by":"Jaw Worm Horde","ascension_level":4}