{"gold_per_floor":[112,112,128,53,53,78,88,88,112,130,159,176,351,370,370,370],"floor_reached":16,"playtime":598,"items_purged":["Strike_B"],"score":151,"play_id":"55d1ed39-6a09-442d-b18f-b5510ef50286","local_time":"20181230173647","is_ascension_mode":true,"campfire_choices":[{"data":"Zap","floor":8,"key":"SMITH"},{"data":"Double Energy","floor":15,"key":"SMITH"}],"neow_cost":"NONE","seed_source_timestamp":818042661068749,"circlet_count":0,"master_deck":["Strike_B","Strike_B","Strike_B","Defend_B","Defend_B","Defend_B","Defend_B","Zap+1","Steam","Ball Lightning","Leap","Hologram","Barrage","Double Energy+1","Steam","Doubt","Barrage"],"relics":["Cracked Core","Centennial Puzzle","Meat on the Bone","Sundial","Orichalcum","Pen Nib"],"potions_floor_usage":[6,16],"damage_taken":[{"damage":1,"enemies":"Cultist","floor":1,"turns":4},{"damage":0,"enemies":"Small Slimes","floor":3,"turns":3},{"damage":10,"enemies":"Gremlin Nob","floor":6,"turns":3},{"damage":2,"enemies":"2 Louse","floor":7,"turns":3},{"damage":0,"enemies":"Large Slime","floor":10,"turns":4},{"damage":14,"enemies":"Lagavulin","floor":11,"turns":6},{"damage":0,"enemies":"Red Slaver","floor":12,"turns":3},{"damage":10,"enemies":"Exordium Thugs","floor":14,"turns":4},{"damage":50,"enemies":"Slime Boss","floor":16,"turns":9}],"seed_played":"-2970564059800835652","potions_obtained":[{"floor":1,"key":"Dexterity Potion"},{"floor":3,"key":"Strength Potion"},{"floor":7,"key":"Energy Potion"}],"is_trial":false,"path_per_floor":["M","?","M","$","?","E","M","R","T","M","E","M","?","M","R","B"],"character_chosen":"DEFECT","items_purchased":[],"campfire_rested":0,"item_purchase_floors":[],"current_hp_per_floor":[67,67,67,67,42,44,42,42,42,42,40,40,40,42,42,0],"gold":370,"neow_bonus":"REMOVE_CARD","is_prod":false,"is_daily":false,"chose_seed":false,"campfire_upgraded":2,"win_rate":0,"timestamp":1546213007,"path_taken":["M","?","M","?","?","E","M","R","T","M","E","M","?","M","R","BOSS"],"build_version":"2018-12-20","purchased_purges":1,"victory":false,"max_hp_per_floor":[75,75,75,75,75,75,75,75,75,75,75,75,75,75,75,75],"card_choices":[{"not_picked":["Sunder","Rip and Tear"],"picked":"Steam","floor":1},{"not_picked":["Consume","Go for the Eyes"],"picked":"Ball Lightning","floor":3},{"not_picked":["White Noise","Gash"],"picked":"Leap","floor":6},{"not_picked":["Hyperbeam","FTL"],"picked":"Hologram","floor":7},{"not_picked":["Sweeping Beam","Chaos"],"picked":"Barrage","floor":10},{"not_picked":["Hologram","Streamline"],"picked":"Double Energy","floor":11},{"not_picked":["Tempest","Go for the Eyes"],"picked":"Steam","floor":12},{"not_picked":["Doom and Gloom","Compile Driver"],"picked":"Barrage","floor":14}],"player_experience":352686,"relics_obtained":[{"floor":6,"key":"Sundial"},{"floor":9,"key":"Orichalcum"},{"floor":11,"key":"Pen Nib"}],"event_choices":[{"damage_healed":0,"gold_gain":0,"player_choice":"Gave Potion","damage_taken":0,"relics_obtained":["Centennial Puzzle"],"max_hp_gain":0,"max_hp_loss":0,"event_name":"WeMeetAgain","floor":2,"gold_loss":0},{"damage_healed":0,"gold_gain":0,"player_choice":"Success","damage_taken":25,"relics_obtained":["Meat on the Bone"],"max_hp_gain":0,"max_hp_loss":0,"event_name":"Scrap Ooze","floor":5,"gold_loss":0},{"damage_healed":0,"gold_gain":175,"player_choice":"AGREE","damage_taken":0,"max_hp_gain":0,"max_hp_loss":0,"event_name":"Liars Game","floor":13,"gold_loss":0,"cards_obtained":["Doubt"]}],"is_beta":false,"boss_relics":[],"items_purged_floors":[4],"is_endless":false,"potions_floor_spawned":[1,3,7],"killed_by":"Slime Boss","ascension_level":7}