{"gold_per_floor":[118,42,53,53,67,67,95,110,110,57,69,69,101,26,26,125,125,115,135,145,70,88,88,105,105,129,157,170,170,99,127,127,228,228,248,248,261,279,298,298,298],"floor_reached":41,"playtime":9864,"items_purged":[],"score":777,"play_id":"4e1f06b0-8020-404f-9abe-35a58ffab3a0","local_time":"20180716121801","is_ascension_mode":true,"campfire_choices":[{"data":"Flame Barrier","floor":6.0,"key":"SMITH"},{"data":"True Grit","floor":12.0,"key":"SMITH"},{"floor":15.0,"key":"REST"},{"data":"Uppercut","floor":23.0,"key":"SMITH"},{"data":"Clothesline","floor":29.0,"key":"SMITH"},{"data":"Bludgeon","floor":32.0,"key":"SMITH"},{"data":"Demon Form","floor":40,"key":"SMITH"}],"neow_cost":"NONE","seed_source_timestamp":418056327663228,"circlet_count":0,"master_deck":["Strike_R","Strike_R","Strike_R","Strike_R","Defend_R","Defend_R","Defend_R","Defend_R","Bash+1","AscendersBane","Flame Barrier+1","Feel No Pain","Dropkick","Shrug It Off","True Grit+1","Pommel Strike","Uppercut+1","Limit Break","Cleave","Shockwave","Battle Trance","Clothesline+1","Combust","Bludgeon+1","Wild Strike","Demon Form+1","Heavy Blade","Clothesline","Entrench","Reaper","Perfected Strike+1","Barricade"],"special_seed":0,"relics":["Burning Blood","Bottled Tornado","Gremlin Horn","Meat on the Bone","Snecko Eye","Centennial Puzzle","Pear","Blood Vial","Orrery","Mango"],"potions_floor_usage":[41],"damage_taken":[{"damage":6.0,"enemies":"Cultist","floor":1.0,"turns":3.0},{"damage":6.0,"enemies":"Small Slimes","floor":3.0,"turns":5.0},{"damage":12.0,"enemies":"Jaw Worm","floor":5.0,"turns":3.0},{"damage":21.0,"enemies":"3 Sentries","floor":7.0,"turns":11.0},{"damage":0.0,"enemies":"Looter","floor":8.0,"turns":4.0},{"damage":21.0,"enemies":"3 Louse","floor":11.0,"turns":3.0},{"damage":17.0,"enemies":"Lagavulin","floor":13.0,"turns":11.0},{"damage":40.0,"enemies":"Slime Boss","floor":16.0,"turns":13.0},{"damage":20.0,"enemies":"2 Thieves","floor":18.0,"turns":4.0},{"damage":7.0,"enemies":"Shell Parasite","floor":19.0,"turns":4.0},{"damage":14.0,"enemies":"Cultist and Chosen","floor":20.0,"turns":8.0},{"damage":7.0,"enemies":"Snake Plant","floor":22.0,"turns":4.0},{"damage":0.0,"enemies":"Snecko","floor":24.0,"turns":4.0},{"damage":19.0,"enemies":"Book of Stabbing","floor":27.0,"turns":5.0},{"damage":10.0,"enemies":"Cultist and Chosen","floor":28.0,"turns":4.0},{"damage":9.0,"enemies":"Gremlin Leader","floor":31.0,"turns":4.0},{"damage":42.0,"enemies":"Champ","floor":33.0,"turns":10.0},{"damage":21.0,"enemies":"Flame Bruiser 1 Orb","floor":35.0,"turns":4.0},{"damage":26.0,"floor":36.0,"turns":8.0},{"damage":34.0,"enemies":"3 Darklings","floor":37.0,"turns":6.0},{"damage":44,"enemies":"Transient","floor":38,"turns":5},{"damage":22,"enemies":"4 Shapes","floor":39,"turns":5},{"damage":65,"enemies":"Giant Head","floor":41,"turns":6}],"seed_played":"3840924448940001512","potions_obtained":[{"floor":3.0,"key":"PowerPotion"},{"floor":5.0,"key":"LiquidBronze"},{"floor":11.0,"key":"Explosive Potion"},{"floor":19.0,"key":"PowerPotion"},{"floor":20.0,"key":"Fire Potion"},{"floor":22.0,"key":"GamblersBrew"},{"floor":28.0,"key":"FearPotion"},{"floor":33.0,"key":"Ancient Potion"},{"floor":35.0,"key":"AttackPotion"},{"floor":38,"key":"Swift Potion"}],"is_trial":false,"path_per_floor":["M","$","M","?","M","R","E","M","T","$","M","R","E","$","R","B",null,"M","M","M","?","M","R","M","?","T","E","M","R","$","E","R","B",null,"M","?","M","M","M","R"],"character_chosen":"IRONCLAD","items_purchased":["Feel No Pain","True Grit","Uppercut","Bludgeon"],"campfire_rested":1,"item_purchase_floors":[2,10,14,30],"current_hp_per_floor":[72,72,72,77,71,71,56,62,62,62,47,47,36,36,61,39,74,60,59,51,51,50,50,56,85,85,82,78,78,78,75,75,53,85,72,68,58,34,40,40,0],"gold":298,"neow_bonus":"UPGRADE_CARD","is_prod":false,"is_daily":false,"chose_seed":false,"campfire_upgraded":6,"win_rate":0,"timestamp":1531768681,"path_taken":["M","?","M","?","M","R","E","M","T","$","M","R","E","$","R","BOSS","M","M","M","?","?","R","M","?","T","E","M","R","$","E","R","BOSS","M","?","M","M","?","R","E"],"build_version":"2018-07-12","purchased_purges":0,"victory":false,"max_hp_per_floor":[80,80,80,85,85,85,85,85,85,85,85,85,85,85,85,85,85,85,85,85,85,85,85,85,85,85,95,95,95,95,95,95,95,95,95,109,109,109,109,109,109],"card_choices":[{"not_picked":["Clash","Inflame"],"picked":"Flame Barrier","floor":1.0},{"not_picked":["Body Slam","Flame Barrier"],"picked":"Dropkick","floor":3.0},{"not_picked":["Clothesline","Heavy Blade"],"picked":"Shrug It Off","floor":5.0},{"not_picked":["Infernal Blade","Thunderclap","Berserk"],"picked":"SKIP","floor":7.0},{"not_picked":["Sword Boomerang","Second Wind","Havoc"],"picked":"SKIP","floor":8.0},{"not_picked":["Clash","Heavy Blade"],"picked":"Pommel Strike","floor":11.0},{"not_picked":["Bloodletting","Sentinel","Rampage"],"picked":"SKIP","floor":13.0},{"not_picked":["Impervious","Berserk"],"picked":"Limit Break","floor":16.0},{"not_picked":["Headbutt","Pommel Strike"],"picked":"Cleave","floor":18.0},{"not_picked":["Perfected Strike","Fire Breathing","Clash"],"picked":"SKIP","floor":19.0},{"not_picked":["Armaments","Shrug It Off"],"picked":"Shockwave","floor":20.0},{"not_picked":["Hemokinesis","True Grit"],"picked":"Battle Trance","floor":22.0},{"not_picked":["Twin Strike","True Grit","Havoc"],"picked":"SKIP","floor":24.0},{"not_picked":["Pommel Strike","Flex"],"picked":"Clothesline","floor":27.0},{"not_picked":["True Grit","Flex"],"picked":"Combust","floor":28.0},{"not_picked":["Havoc","Whirlwind"],"picked":"Wild Strike","floor":31.0},{"not_picked":["Bludgeon","Double Tap"],"picked":"Demon Form","floor":33.0},{"not_picked":["Corruption","Clothesline"],"picked":"Heavy Blade","floor":34.0},{"not_picked":["Blood for Blood","Thunderclap"],"picked":"Clothesline","floor":34.0},{"not_picked":["Pommel Strike","Intimidate"],"picked":"Entrench","floor":34.0},{"not_picked":["Perfected Strike","Seeing Red+1","Burning Pact+1"],"picked":"SKIP","floor":35.0},{"not_picked":["Sentinel","Warcry"],"picked":"Reaper","floor":36.0},{"not_picked":["Cleave","Iron Wave","True Grit"],"picked":"SKIP","floor":37.0},{"not_picked":["Body Slam","Iron Wave+1"],"picked":"Perfected Strike+1","floor":38},{"not_picked":["Perfected Strike+1","Iron Wave"],"picked":"Barricade","floor":39}],"player_experience":965700,"relics_obtained":[{"floor":7.0,"key":"Bottled Tornado"},{"floor":9.0,"key":"Gremlin Horn"},{"floor":13.0,"key":"Meat on the Bone"},{"floor":26.0,"key":"Centennial Puzzle"},{"floor":27.0,"key":"Pear"},{"floor":31.0,"key":"Blood Vial"},{"floor":36.0,"key":"Mango"}],"event_choices":[{"event_name":"Big Fish","player_choice":"Donut","floor":4.0,"damage_taken":0.0},{"event_name":"Beggar","player_choice":"Gave Gold","floor":21.0,"damage_taken":0.0},{"event_name":"Wheel of Change","player_choice":"Full Heal","floor":25.0,"damage_taken":0.0},{"event_name":"MindBloom","player_choice":"Fight","floor":36.0,"damage_taken":0.0}],"boss_relics":[{"not_picked":["Busted Crown","Philosopher\u0027s Stone"],"picked":"Snecko Eye"},{"not_picked":["Eternal Feather","Black Star"],"picked":"Orrery"}],"items_purged_floors":[],"is_endless":false,"potions_floor_spawned":[3,5,11,19,20,22,28,33,35,38],"killed_by":"Giant Head","ascension_level":12}