{"path_per_floor":["M","?","M","$","M","E","?","R","T","R","E","?","M","M","R","B",null,"M"],"character_chosen":"DEFECT","items_purchased":["Frozen Egg 2"],"gold_per_floor":[117,292,305,57,73,103,103,103,103,103,134,234,245,257,257,357,357,282,282],"floor_reached":19,"campfire_rested":2,"playtime":545,"item_purchase_floors":[4],"current_hp_per_floor":[75,75,60,60,55,37,37,37,37,59,40,40,29,16,38,18,75,70,0],"items_purged":[],"gold":282,"score":175,"play_id":"dc56bad0-9ea6-4671-80eb-cc5a1bac4ab2","local_time":"20180603224029","is_prod":false,"is_daily":false,"chose_seed":false,"is_ascension_mode":false,"campfire_upgraded":1,"win_rate":0.0,"timestamp":1528029629,"campfire_choices":[{"data":"Zap","floor":8,"key":"SMITH"},{"floor":10,"key":"REST"},{"floor":15,"key":"REST"}],"path_taken":["M","?","?","$","M","E","?","R","T","R","E","?","M","M","R","BOSS","M","?"],"build_version":"2018-05-31","seed_source_timestamp":38313007326244,"purchased_purges":0,"victory":false,"master_deck":["Strike_B","Strike_B","Strike_B","Strike_B","Defend_B","Defend_B+1","Defend_B","Defend_B+1","Zap+1","Dualcast","Tempest","Doubt","BootSequence","Storm+1","Darkness+1","BootSequence","Auto Shields","Echo Form+1","Lockon"],"max_hp_per_floor":[75,75,75,75,75,75,75,75,75,75,75,75,75,75,75,75,75,75,75],"relics":["Cracked Core","Frozen Egg 2","Bird Faced Urn","Gremlin Horn","War Paint","Inserter"],"card_choices":[{"not_picked":["Rebound","Self Repair"],"picked":"Tempest","floor":1},{"not_picked":["Conserve Battery","Glacier"],"picked":"BootSequence","floor":3},{"not_picked":["Darkness","Turbo"],"picked":"Storm+1","floor":5},{"not_picked":["Go for the Eyes","Steam Power"],"picked":"Darkness","floor":6},{"not_picked":["Fusion","Skim"],"picked":"BootSequence","floor":11},{"not_picked":["Turbo","Go for the Eyes"],"picked":"Auto Shields","floor":13},{"not_picked":["Barrage","Gash","Consume"],"picked":"SKIP","floor":14},{"not_picked":["Meteor Strike","Buffer+1"],"picked":"Echo Form+1","floor":16},{"not_picked":["Go for the Eyes","Gash"],"picked":"Lockon","floor":18}],"player_experience":302288,"potions_floor_usage":[16,16,16],"damage_taken":[{"damage":0,"enemies":"Small Slimes","floor":1,"turns":3},{"damage":15,"enemies":"Cultist","floor":3,"turns":4},{"damage":5,"enemies":"2 Louse","floor":5,"turns":3},{"damage":18,"enemies":"Gremlin Nob","floor":6,"turns":4},{"damage":21,"enemies":"Lagavulin","floor":11,"turns":7},{"damage":13,"enemies":"Lots of Slimes","floor":13,"turns":4},{"damage":15,"enemies":"2 Fungi Beasts","floor":14,"turns":4},{"damage":22,"enemies":"Slime Boss","floor":16,"turns":11},{"damage":7,"enemies":"2 Thieves","floor":18,"turns":5},{"damage":79,"enemies":"Masked Bandits","floor":19,"turns":4}],"relics_obtained":[{"floor":6,"key":"Bird Faced Urn"},{"floor":9,"key":"Gremlin Horn"},{"floor":11,"key":"War Paint"}],"event_choices":[{"event_name":"Liars Game","player_choice":"agreed","floor":2,"damage_taken":0},{"event_name":"Accursed Blacksmith","player_choice":"Forge","floor":7,"damage_taken":0},{"event_name":"Golden Shrine","player_choice":"Pray","floor":12,"damage_taken":0},{"event_name":"Masked Bandits","player_choice":"Fought over 282 gold","floor":19,"damage_taken":0}],"boss_relics":[{"not_picked":["Black Star","Pandora\u0027s Box"],"picked":"Inserter"}],"items_purged_floors":[],"potions_floor_spawned":[1,11,13],"seed_played":"4520636858307219225","killed_by":"Masked Bandits","ascension_level":0,"potions_obtained":[{"floor":1,"key":"Energy Potion"},{"floor":11,"key":"Dexterity Potion"},{"floor":13,"key":"FocusPotion"}],"is_trial":false}