{"gold_per_floor":[119,138,161,179,197,229,229,259,259,290,290,22,22,22,22,125,125,142,156,4,17,17,17,52,52,52,70,90,15,40,40,40,40],"floor_reached":33,"playtime":1726,"items_purged":[],"score":328,"play_id":"b360e66f-f6cd-40c3-8195-a379c495d9a2","local_time":"20180825135945","is_ascension_mode":false,"campfire_choices":[{"data":"Terror","floor":7,"key":"SMITH"},{"floor":13,"key":"REST"},{"data":"Neutralize","floor":15,"key":"SMITH"},{"floor":23,"key":"REST"},{"floor":25,"key":"REST"},{"floor":32,"key":"REST"}],"neow_cost":"NONE","seed_source_timestamp":18737327809999,"circlet_count":0,"master_deck":["Defend_G","Defend_G","Defend_G","Strike_G","Strike_G","Strike_G+1","Strike_G","Survivor","Neutralize+1","Terror+1","Deflect","Backflip","Skewer+1","Flying Knee","Escape Plan","Deadly Poison","Dagger Throw","Neutralize","Glass Knife","Slice","Escape Plan+1","Deep Breath","Deadly Poison","Footwork+1","Bullet Time","Poisoned Stab","Distraction+1","Backstab"],"relics":["Empty Cage","Happy Flower","Ornamental Fan","Whetstone","Gremlin Horn","Blood Vial","Letter Opener","Velvet Choker","Dodecahedron","Du-Vu Doll","Bottled Tornado"],"potions_floor_usage":[6,6,24,28,30,33],"damage_taken":[{"damage":0,"enemies":"Cultist","floor":1,"turns":3},{"damage":0,"enemies":"Small Slimes","floor":2,"turns":3},{"damage":0,"enemies":"Jaw Worm","floor":4,"turns":4},{"damage":0,"enemies":"3 Louse","floor":5,"turns":6},{"damage":6,"enemies":"3 Sentries","floor":6,"turns":8},{"damage":23,"enemies":"Lagavulin","floor":8,"turns":8},{"damage":0,"enemies":"Gremlin Nob","floor":10,"turns":3},{"damage":12,"enemies":"Hexaghost","floor":16,"turns":8},{"damage":0,"enemies":"Spheric Guardian","floor":18,"turns":2},{"damage":12,"enemies":"2 Thieves","floor":19,"turns":3},{"damage":13,"enemies":"Snake Plant","floor":21,"turns":4},{"damage":8,"enemies":"Gremlin Leader","floor":24,"turns":7},{"damage":0,"enemies":"Cultist and Chosen","floor":27,"turns":3},{"damage":13,"enemies":"Centurion and Healer","floor":28,"turns":7},{"damage":14,"enemies":"Slavers","floor":30,"turns":6},{"damage":82,"enemies":"Automaton","floor":33,"turns":8}],"seed_played":"901702536944455990","potions_obtained":[{"floor":1,"key":"SteroidPotion"},{"floor":2,"key":"Energy Potion"},{"floor":8,"key":"FearPotion"},{"floor":24,"key":"GhostInAJar"},{"floor":27,"key":"SkillPotion"},{"floor":30,"key":"Swift Potion"}],"is_trial":false,"path_per_floor":["M","M","T","M","M","E","R","E","T","E","?","$","R","?","R","B",null,"M","M","$","M","?","R","E","R","T","M","M","?","E","$","R"],"character_chosen":"THE_SILENT","items_purchased":["Letter Opener","Deadly Poison","Deep Breath","Deadly Poison"],"campfire_rested":4,"item_purchase_floors":[12,12,20,20],"current_hp_per_floor":[70,70,70,70,70,64,64,41,41,41,41,41,62,62,62,52,70,70,58,58,47,34,56,50,72,72,74,62,62,50,50,72,0],"gold":40,"neow_bonus":"BOSS_RELIC","is_prod":false,"is_daily":false,"chose_seed":false,"campfire_upgraded":2,"win_rate":0.0,"timestamp":1535198385,"path_taken":["M","?","?","M","M","E","R","E","T","E","?","?","R","?","R","BOSS","M","M","$","M","?","R","E","R","T","M","M","?","E","?","R","BOSS"],"build_version":"2018-08-23v2","purchased_purges":0,"victory":false,"max_hp_per_floor":[70,70,70,70,70,70,70,70,70,70,70,70,70,70,70,70,70,70,70,70,70,75,75,75,75,75,75,75,75,75,75,75,75],"card_choices":[{"not_picked":["Crippling Poison","Reflex"],"picked":"Terror","floor":1},{"not_picked":["Dodge and Roll","Acrobatics"],"picked":"Deflect","floor":2},{"not_picked":["Prepared","Acrobatics"],"picked":"Backflip","floor":4},{"not_picked":["Outmaneuver","Blade Dance"],"picked":"Skewer","floor":5},{"not_picked":["Terror","Bane"],"picked":"Flying Knee","floor":6},{"not_picked":["Deadly Poison","Infinite Blades"],"picked":"Escape Plan","floor":8},{"not_picked":["Burst","Underhanded Strike","Dodge and Roll"],"picked":"SKIP","floor":10},{"not_picked":["Tools of the Trade","Burst"],"picked":"Glass Knife","floor":16},{"not_picked":["Bane+1","Underhanded Strike"],"picked":"Slice","floor":18},{"not_picked":["Finisher+1","Tactician"],"picked":"Escape Plan+1","floor":19},{"not_picked":["Backflip+1","PiercingWail"],"picked":"Footwork+1","floor":21},{"not_picked":["Cloak And Dagger","Bouncing Flask"],"picked":"Bullet Time","floor":24},{"not_picked":["Acrobatics","Prepared+1"],"picked":"Poisoned Stab","floor":27},{"not_picked":["Prepared","All Out Attack"],"picked":"Distraction+1","floor":28},{"not_picked":["Eviscerate","Dagger Throw"],"picked":"Backstab","floor":30}],"player_experience":52112,"relics_obtained":[{"floor":3,"key":"Happy Flower"},{"floor":6,"key":"Ornamental Fan"},{"floor":8,"key":"Whetstone"},{"floor":9,"key":"Gremlin Horn"},{"floor":10,"key":"Blood Vial"},{"floor":24,"key":"Dodecahedron"},{"floor":26,"key":"Du-Vu Doll"},{"floor":30,"key":"Bottled Tornado"}],"event_choices":[{"event_name":"Liars Game","player_choice":"disagreed","floor":11,"damage_taken":0},{"event_name":"Match and Keep!","player_choice":"2 cards matched","floor":14,"damage_taken":0},{"event_name":"Forgotten Altar","player_choice":"Shed Blood","floor":22,"damage_taken":0},{"event_name":"Beggar","player_choice":"Gave Gold","floor":29,"damage_taken":0}],"is_beta":true,"boss_relics":[{"not_picked":["Snecko Eye","Runic Pyramid"],"picked":"Velvet Choker"}],"items_purged_floors":[],"is_endless":false,"potions_floor_spawned":[1,2,8,24,27,30],"killed_by":"Automaton","ascension_level":0}