{"gold_per_floor":[112,112,112,124,140,140,175,175,175,194,225,28,44,56,56,155,155,173,193,193,193,193],"floor_reached":22,"playtime":1168,"items_purged":[],"score":369,"play_id":"1c269697-04e4-439a-9aea-64768230a42a","local_time":"20190116012355","is_ascension_mode":true,"campfire_choices":[{"floor":6,"key":"REST"},{"data":"Doom and Gloom","floor":8,"key":"SMITH"},{"floor":15,"key":"REST"}],"neow_cost":"PERCENT_DAMAGE","seed_source_timestamp":96321034285389,"circlet_count":0,"master_deck":["AscendersBane","Strike_B","Strike_B","Defend_B","Defend_B","Defend_B","Defend_B","Zap","Dualcast","Creative AI","Echo Form","Cold Snap","Doom and Gloom+1","White Noise","Leap","Cold Snap","Thunder Strike","Genetic Algorithm+1","Sweeping Beam"],"relics":["Cracked Core","Bottled Tornado","Lantern","Ginger","Du-Vu Doll","Frozen Eye","Nuclear Battery"],"potions_floor_usage":[4,16,22,22],"damage_taken":[{"damage":21,"enemies":"Small Slimes","floor":1,"turns":5},{"damage":12,"enemies":"Jaw Worm","floor":4,"turns":4},{"damage":1,"enemies":"Cultist","floor":5,"turns":4},{"damage":32,"enemies":"Gremlin Nob","floor":7,"turns":4},{"damage":7,"enemies":"Large Slime","floor":10,"turns":4},{"damage":7,"enemies":"Lagavulin","floor":11,"turns":7},{"damage":6,"enemies":"Looter","floor":13,"turns":3},{"damage":14,"enemies":"3 Louse","floor":14,"turns":3},{"damage":0,"enemies":"The Guardian","floor":16,"turns":11},{"damage":30,"enemies":"2 Thieves","floor":18,"turns":4},{"damage":18,"enemies":"3 Byrds","floor":19,"turns":5},{"damage":26,"enemies":"Shelled Parasite and Fungi","floor":22,"turns":3}],"seed_played":"34630840608510542","potions_obtained":[{"floor":1,"key":"Regen Potion"},{"floor":4,"key":"LiquidBronze"},{"floor":10,"key":"SteroidPotion"},{"floor":16,"key":"AttackPotion"},{"floor":19,"key":"Block Potion"}],"is_trial":false,"path_per_floor":["M","?","T","M","M","R","E","R","T","M","E","$","M","M","R","B",null,"M","M","?","$","M"],"character_chosen":"DEFECT","items_purchased":["Frozen Eye"],"campfire_rested":2,"item_purchase_floors":[12],"current_hp_per_floor":[29,54,54,54,53,75,43,43,43,36,29,29,23,9,31,31,64,34,16,16,16,0],"gold":193,"neow_bonus":"TRANSFORM_TWO_CARDS","is_prod":false,"is_daily":false,"chose_seed":false,"campfire_upgraded":1,"win_rate":0,"timestamp":1547619835,"path_taken":["M","?","?","M","?","R","E","R","T","M","E","$","M","M","R","BOSS","M","M","?","$","M"],"build_version":"2019-01-10","purchased_purges":0,"victory":false,"max_hp_per_floor":[75,75,75,75,75,75,75,75,75,75,75,75,75,75,75,75,75,75,75,75,75,75],"card_choices":[{"not_picked":["Steam Power","Redo","Turbo"],"picked":"SKIP","floor":1},{"not_picked":["Conserve Battery","Turbo"],"picked":"Cold Snap","floor":4},{"not_picked":["Static Discharge","Consume"],"picked":"Doom and Gloom","floor":5},{"not_picked":["Streamline","Lockon","Reinforced Body"],"picked":"SKIP","floor":7},{"not_picked":["Biased Cognition","Static Discharge"],"picked":"White Noise","floor":10},{"not_picked":["Tempest","Rebound"],"picked":"Leap","floor":11},{"not_picked":["Ball Lightning","Steam Power"],"picked":"Cold Snap","floor":13},{"not_picked":["Go for the Eyes","Creative AI","Sweeping Beam"],"picked":"SKIP","floor":14},{"not_picked":["Machine Learning","Buffer"],"picked":"Thunder Strike","floor":16},{"not_picked":["Ball Lightning","Turbo+1"],"picked":"Genetic Algorithm+1","floor":18},{"not_picked":["Beam Cell","Double Energy"],"picked":"Sweeping Beam","floor":19}],"player_experience":497770,"relics_obtained":[{"floor":3,"key":"Bottled Tornado"},{"floor":7,"key":"Lantern"},{"floor":9,"key":"Ginger"},{"floor":11,"key":"Du-Vu Doll"}],"event_choices":[{"damage_healed":25,"gold_gain":0,"player_choice":"Banana","damage_taken":0,"max_hp_gain":0,"max_hp_loss":0,"event_name":"Big Fish","floor":2,"gold_loss":0},{"damage_healed":0,"gold_gain":0,"player_choice":"Ignored","damage_taken":0,"max_hp_gain":0,"max_hp_loss":0,"event_name":"Cursed Tome","floor":20,"gold_loss":0}],"is_beta":false,"boss_relics":[{"not_picked":["Lizard Tail","Ectoplasm"],"picked":"Nuclear Battery"}],"items_purged_floors":[],"is_endless":false,"potions_floor_spawned":[1,4,10,16,19],"killed_by":"Shelled Parasite and Fungi","ascension_level":10}