{"gold_per_floor":[109,122,141,141,416,436,455,455,503,522,534,552,174,205,205,205],"floor_reached":16,"playtime":626,"items_purged":["Regret"],"score":127,"play_id":"154d3942-4c65-4559-beb1-124dde5e3112","local_time":"20190130202925","is_ascension_mode":true,"campfire_choices":[{"floor":8,"key":"REST"},{"floor":15,"key":"REST"}],"neow_cost":"TEN_PERCENT_HP_LOSS","seed_source_timestamp":1734644918277800,"circlet_count":0,"master_deck":["Strike_R","Strike_R","Strike_R","Strike_R","Strike_R","Defend_R","Defend_R","Defend_R","Defend_R","Bash","True Grit","Ghostly Armor","Whirlwind","Feel No Pain","Spot Weakness","Sword Boomerang","Flame Barrier","Shrug It Off","Shrug It Off","Body Slam"],"relics":["Burning Blood","Gambling Chip","Blue Candle","Pen Nib","Happy Flower","Bronze Scales"],"potions_floor_usage":[7,7,14,14,14],"damage_taken":[{"damage":6,"enemies":"Cultist","floor":1,"turns":4},{"damage":23,"enemies":"Jaw Worm","floor":2,"turns":4},{"damage":5,"enemies":"Small Slimes","floor":3,"turns":3},{"damage":14,"enemies":"Red Slaver","floor":6,"turns":5},{"damage":4,"enemies":"Large Slime","floor":7,"turns":7},{"damage":12,"enemies":"Looter","floor":10,"turns":3},{"damage":51,"enemies":"Gremlin Gang","floor":11,"turns":4},{"damage":3,"enemies":"Exordium Wildlife","floor":12,"turns":4},{"damage":15,"enemies":"Lagavulin","floor":14,"turns":5},{"damage":39,"enemies":"Slime Boss","floor":16,"turns":6}],"seed_played":"-1631018329757049923","potions_obtained":[{"floor":1,"key":"Explosive Potion"},{"floor":3,"key":"EssenceOfSteel"},{"floor":11,"key":"Poison Potion"}],"is_trial":false,"path_per_floor":["M","M","M","?","?","M","M","R","T","M","M","M","$","E","R","B"],"character_chosen":"IRONCLAD","items_purchased":["Happy Flower","Shrug It Off","Weak Potion","AttackPotion"],"campfire_rested":2,"item_purchase_floors":[13,13,13,13],"current_hp_per_floor":[72,55,56,53,53,45,47,68,68,62,17,20,20,11,32,0],"gold":205,"neow_bonus":"ONE_RARE_RELIC","is_prod":false,"is_daily":false,"chose_seed":false,"campfire_upgraded":0,"win_rate":0,"timestamp":1548847765,"path_taken":["M","?","M","?","?","?","M","R","T","M","M","M","$","E","R","BOSS"],"build_version":"2019-01-23","purchased_purges":1,"victory":false,"max_hp_per_floor":[72,72,72,72,72,72,72,72,72,72,72,72,72,72,72,72],"card_choices":[{"not_picked":["Sword Boomerang","Pummel"],"picked":"True Grit","floor":1},{"not_picked":["Sword Boomerang","Havoc"],"picked":"Ghostly Armor","floor":2},{"not_picked":["Blood for Blood","Anger"],"picked":"Whirlwind","floor":3},{"not_picked":["Power Through","Perfected Strike"],"picked":"Feel No Pain","floor":6},{"not_picked":["Anger","Limit Break"],"picked":"Spot Weakness","floor":7},{"not_picked":["Thunderclap","Uppercut"],"picked":"Sword Boomerang","floor":10},{"not_picked":["Shockwave","Burning Pact"],"picked":"Flame Barrier","floor":11},{"not_picked":["Anger","Heavy Blade"],"picked":"Shrug It Off","floor":12},{"not_picked":["Cleave","Dropkick"],"picked":"Body Slam","floor":14}],"player_experience":743721,"relics_obtained":[{"floor":9,"key":"Pen Nib"},{"floor":14,"key":"Bronze Scales"}],"event_choices":[{"damage_healed":0,"gold_gain":0,"player_choice":"Success","damage_taken":3,"relics_obtained":["Blue Candle"],"max_hp_gain":0,"max_hp_loss":0,"event_name":"Scrap Ooze","floor":4,"gold_loss":0},{"damage_healed":0,"gold_gain":275,"player_choice":"Desecrate","damage_taken":0,"max_hp_gain":0,"max_hp_loss":0,"event_name":"Golden Shrine","floor":5,"gold_loss":0,"cards_obtained":["Regret"]}],"is_beta":false,"boss_relics":[],"items_purged_floors":[13],"is_endless":false,"potions_floor_spawned":[1,3,11],"killed_by":"Slime Boss","ascension_level":4}