{"gold_per_floor":[113,113,133,149,159,159,174,202,202,213,213,45,45,77,77,152,152,166,166,182,199,199],"floor_reached":22,"playtime":4330,"items_purged":[],"score":401,"play_id":"c5ab4522-7ea6-42c6-9a16-7beb3d8b27a8","local_time":"20190114130809","is_ascension_mode":true,"campfire_choices":[{"data":"Carnage","floor":6.0,"key":"SMITH"},{"data":"True Grit","floor":11.0,"key":"SMITH"},{"data":"Inflame","floor":13.0,"key":"SMITH"},{"data":"Clothesline","floor":15.0,"key":"SMITH"}],"neow_cost":"NONE","seed_source_timestamp":0,"circlet_count":0,"master_deck":["AscendersBane","Strike_R","Strike_R","Strike_R","Strike_R","Defend_R","Defend_R","Defend_R","Defend_R","Bash","Cleave","Carnage+1","Metallicize","Clothesline+1","True Grit+1","Inflame+1","Reckless Charge","Immolate","Flame Barrier+1"],"special_seed":0,"relics":["Burning Blood","Dream Catcher","Pear","Singing Bowl","Runic Cube"],"potions_floor_usage":[21,22],"damage_taken":[{"damage":18.0,"enemies":"Jaw Worm","floor":1.0,"turns":6.0},{"damage":1.0,"enemies":"Cultist","floor":3.0,"turns":3.0},{"damage":0.0,"enemies":"Small Slimes","floor":4.0,"turns":2.0},{"damage":5.0,"enemies":"3 Louse","floor":5.0,"turns":4.0},{"damage":10.0,"enemies":"Red Slaver","floor":7.0,"turns":3.0},{"damage":23.0,"enemies":"Gremlin Nob","floor":8.0,"turns":4.0},{"damage":8.0,"enemies":"Exordium Thugs","floor":10.0,"turns":4.0},{"damage":21.0,"enemies":"Lagavulin","floor":14.0,"turns":5.0},{"damage":24.0,"enemies":"Hexaghost","floor":16.0,"turns":8.0},{"damage":45,"enemies":"Shell Parasite","floor":18,"turns":6},{"damage":20,"enemies":"Chosen","floor":20,"turns":4},{"damage":21,"enemies":"3 Cultists","floor":21,"turns":4},{"damage":14,"enemies":"Cultist and Chosen","floor":22,"turns":5}],"seed_played":"863701940306690034","potions_obtained":[{"floor":3.0,"key":"EssenceOfSteel"},{"floor":7.0,"key":"Fire Potion"},{"floor":8.0,"key":"PowerPotion"},{"floor":21,"key":"Dexterity Potion"}],"is_trial":false,"path_per_floor":["M","?","M","M","M","R","M","E","T","M","R","$","R","E","R","B",null,"M","?","M","M","M"],"character_chosen":"IRONCLAD","items_purchased":["Inflame","Reckless Charge"],"campfire_rested":0,"item_purchase_floors":[12,12],"current_hp_per_floor":[63,63,68,74,75,75,71,54,64,62,62,62,62,49,49,31,78,41,41,29,14,0],"gold":199,"neow_bonus":"TEN_PERCENT_HP_BONUS","is_prod":false,"is_daily":false,"chose_seed":false,"campfire_upgraded":4,"win_rate":0,"timestamp":1547500089,"path_taken":["M","?","M","M","M","R","M","E","T","M","R","$","R","E","R","BOSS","M","?","M","M","?"],"build_version":"2019-01-10","purchased_purges":0,"victory":false,"max_hp_per_floor":[82,82,82,82,82,82,82,82,92,92,92,92,92,94,94,94,94,96,96,98,98,98],"card_choices":[{"not_picked":["Armaments","Twin Strike"],"picked":"Cleave","floor":1.0},{"not_picked":["Heavy Blade","Body Slam"],"picked":"Carnage","floor":3.0},{"not_picked":["Blood for Blood","Entrench"],"picked":"Metallicize","floor":4.0},{"not_picked":["Blood for Blood","Flex","Iron Wave"],"picked":"SKIP","floor":5.0},{"not_picked":["True Grit","Havoc"],"picked":"Clothesline","floor":7.0},{"not_picked":["Dark Embrace","Shockwave"],"picked":"True Grit","floor":8.0},{"not_picked":["Sword Boomerang","True Grit","Body Slam"],"picked":"SKIP","floor":10.0},{"not_picked":["True Grit","Pommel Strike","Bloodletting"],"picked":"Singing Bowl","floor":14.0},{"not_picked":["Limit Break","Impervious"],"picked":"Immolate","floor":16.0},{"not_picked":["True Grit","Uppercut","Headbutt"],"picked":"Singing Bowl","floor":18},{"not_picked":["Pummel","Rupture","Combust"],"picked":"Singing Bowl","floor":20},{"not_picked":["Uppercut","Sword Boomerang"],"picked":"Flame Barrier+1","floor":21}],"player_experience":1672637,"relics_obtained":[{"floor":8.0,"key":"Dream Catcher"},{"floor":9.0,"key":"Pear"},{"floor":14.0,"key":"Singing Bowl"}],"event_choices":[{"damage_healed":0.0,"max_hp_gain":0.0,"max_hp_loss":0.0,"gold_gain":0.0,"event_name":"The Cleric","player_choice":"Leave","floor":2.0,"gold_loss":0.0,"damage_taken":0.0},{"cards_removed":["Strike_R"],"damage_healed":0,"gold_gain":0,"player_choice":"Offered Basic","damage_taken":0,"max_hp_gain":0,"max_hp_loss":0,"event_name":"Bonfire Elementals","floor":19,"gold_loss":0}],"is_beta":false,"boss_relics":[{"not_picked":["Fusion Hammer","Coffee Dripper"],"picked":"Runic Cube"}],"items_purged_floors":[],"is_endless":false,"potions_floor_spawned":[3,7,8,10,21],"killed_by":"Cultist and Chosen","ascension_level":18}