{"gold_per_floor":[109,284,300,300,375,375,409,409,455,455,455,481,497,497,497,497],"floor_reached":16,"playtime":559,"items_purged":[],"score":145,"play_id":"6849173b-aae2-4960-a67e-8dad0ff06f4d","local_time":"20190208002252","is_ascension_mode":true,"campfire_choices":[{"data":"Zap","floor":6,"key":"SMITH"},{"floor":8,"key":"REST"},{"data":"Go for the Eyes","floor":10,"key":"SMITH"},{"floor":15,"key":"REST"}],"neow_cost":"NONE","seed_source_timestamp":2367637232991094,"circlet_count":0,"master_deck":["Strike_B","Strike_B","Strike_B","Strike_B+1","Defend_B","Defend_B","Defend_B+1","Defend_B","Zap+1","Dualcast","Auto Shields","Doubt","Go for the Eyes+1","Regret","White Noise","Stack"],"relics":["Cracked Core","Bronze Scales","The Courier","Lantern","Anchor","Juzu Bracelet"],"potions_floor_usage":[12,14,14],"damage_taken":[{"damage":1,"enemies":"Cultist","floor":1,"turns":3},{"damage":2,"enemies":"Jaw Worm","floor":3,"turns":3},{"damage":28,"enemies":"Lagavulin","floor":7,"turns":8},{"damage":24,"enemies":"3 Sentries","floor":12,"turns":7},{"damage":3,"enemies":"Small Slimes","floor":13,"turns":3},{"damage":0,"enemies":"Gremlin Nob","floor":14,"turns":2},{"damage":26,"enemies":"Slime Boss","floor":16,"turns":8}],"seed_played":"2144745366745876327","potions_obtained":[{"floor":1,"key":"AttackPotion"},{"floor":3,"key":"FocusPotion"},{"floor":12,"key":"SmokeBomb"}],"is_trial":false,"path_per_floor":["M","?","M","?","?","R","E","R","T","R","?","E","M","E","R","B"],"character_chosen":"DEFECT","items_purchased":[],"campfire_rested":2,"item_purchase_floors":[],"current_hp_per_floor":[74,74,72,72,61,61,33,55,55,55,40,16,13,13,35,9],"gold":497,"neow_bonus":"RANDOM_COMMON_RELIC","is_prod":false,"is_daily":false,"chose_seed":false,"campfire_upgraded":2,"win_rate":0,"timestamp":1549545772,"path_taken":["M","?","M","?","?","R","E","R","T","R","?","E","M","E","R","BOSS"],"build_version":"2019-01-23","purchased_purges":0,"victory":false,"max_hp_per_floor":[75,75,75,75,75,75,75,75,75,75,75,75,75,75,75,75],"card_choices":[{"not_picked":["Streamline","Undo"],"picked":"Auto Shields","floor":1},{"not_picked":["Leap","Rebound"],"picked":"Go for the Eyes","floor":3},{"not_picked":["Chill","Force Field","Storm"],"picked":"SKIP","floor":7},{"not_picked":["Rebound","Lockon"],"picked":"White Noise","floor":12},{"not_picked":["Capacitor","Leap"],"picked":"Stack","floor":13}],"player_experience":318830,"relics_obtained":[{"floor":7,"key":"Lantern"},{"floor":9,"key":"Anchor"},{"floor":12,"key":"Juzu Bracelet"}],"event_choices":[{"damage_healed":0,"gold_gain":175,"player_choice":"AGREE","damage_taken":0,"max_hp_gain":0,"max_hp_loss":0,"event_name":"Liars Game","floor":2,"gold_loss":0,"cards_obtained":["Doubt"]},{"damage_healed":0,"gold_gain":0,"player_choice":"Box","damage_taken":0,"relics_obtained":["The Courier"],"max_hp_gain":0,"max_hp_loss":0,"event_name":"Big Fish","floor":4,"gold_loss":0,"cards_obtained":["Regret"]},{"damage_healed":0,"gold_gain":75,"player_choice":"Gather Gold","damage_taken":11,"max_hp_gain":0,"max_hp_loss":0,"event_name":"World of Goop","floor":5,"gold_loss":0},{"damage_healed":0,"gold_gain":0,"player_choice":"Entered Light","damage_taken":15,"max_hp_gain":0,"max_hp_loss":0,"event_name":"Shining Light","floor":11,"gold_loss":0,"cards_upgraded":["Strike_B","Defend_B"]}],"is_beta":false,"boss_relics":[],"items_purged_floors":[],"is_endless":false,"potions_floor_spawned":[1,3,12,14],"killed_by":"Slime Boss","ascension_level":5}