{"gold_per_floor":[110,129,129,155,172,172,207,207,207,235,31,56,2,15,15,110,110,128,147,164,164,89,89],"floor_reached":23,"playtime":1044,"items_purged":[],"score":293,"play_id":"97957ede-b0e2-4f66-9883-1520a95eb73b","local_time":"20190207133634","is_ascension_mode":true,"campfire_choices":[{"floor":6.0,"key":"REST"},{"floor":8.0,"key":"REST"},{"floor":15.0,"key":"REST"}],"neow_cost":"NONE","seed_source_timestamp":0,"circlet_count":0,"master_deck":["Bash","Disarm","Pommel Strike","Heavy Blade","Iron Wave","Battle Trance","Dropkick","Warcry","Feed","Iron Wave","Dual Wield","Berserk","Berserk","Berserk","Carnage","Double Tap","Double Tap","Clothesline+1","Burning Pact+1","Perfected Strike+1"],"special_seed":0,"relics":["Burning Blood","Oddly Smooth Stone","Letter Opener","Sundial","Pen Nib","ClockworkSouvenir","Ginger","Gremlin Horn","Pandora\u0027s Box"],"potions_floor_usage":[23],"damage_taken":[{"damage":10.0,"enemies":"Cultist","floor":1.0,"turns":5.0},{"damage":20.0,"enemies":"Jaw Worm","floor":2.0,"turns":5.0},{"damage":0.0,"enemies":"Small Slimes","floor":5.0,"turns":3.0},{"damage":32.0,"enemies":"Gremlin Nob","floor":7.0,"turns":5.0},{"damage":28.0,"enemies":"Lagavulin","floor":10.0,"turns":7.0},{"damage":19.0,"enemies":"Gremlin Nob","floor":12.0,"turns":5.0},{"damage":0.0,"enemies":"2 Fungi Beasts","floor":14.0,"turns":3.0},{"damage":54.0,"enemies":"The Guardian","floor":16.0,"turns":14.0},{"damage":37.0,"enemies":"Shell Parasite","floor":18.0,"turns":4.0},{"damage":6.0,"enemies":"Chosen","floor":19.0,"turns":4.0},{"damage":20,"enemies":"3 Cultists","floor":20,"turns":4},{"damage":35,"enemies":"Book of Stabbing","floor":23,"turns":4}],"seed_played":"-4899231826125131044","potions_obtained":[{"floor":1.0,"key":"Strength Potion"},{"floor":5.0,"key":"EssenceOfSteel"},{"floor":14.0,"key":"Explosive Potion"},{"floor":20,"key":"SkillPotion"}],"is_trial":false,"path_per_floor":["M","M","?","T","M","R","E","R","T","E","$","E","?","M","R","B",null,"M","M","M","$","?","E"],"character_chosen":"IRONCLAD","items_purchased":["ClockworkSouvenir"],"campfire_rested":3,"item_purchase_floors":[11],"current_hp_per_floor":[76,62,44,44,50,76,50,76,76,54,54,41,41,47,73,25,72,44,44,30,30,30,0],"gold":89,"neow_bonus":"TEN_PERCENT_HP_BONUS","is_prod":false,"is_daily":false,"chose_seed":false,"campfire_upgraded":0,"win_rate":0,"timestamp":1549517794,"path_taken":["M","M","?","?","M","R","E","R","T","E","$","E","?","M","R","BOSS","M","?","M","$","?","E"],"build_version":"2019-01-23","purchased_purges":0,"victory":false,"max_hp_per_floor":[88,88,88,88,88,88,88,88,88,88,88,88,88,88,88,88,88,91,91,91,91,91,91],"card_choices":[{"not_picked":["Whirlwind","Reckless Charge"],"picked":"Disarm","floor":1.0},{"not_picked":["Heavy Blade","Armaments"],"picked":"Pommel Strike","floor":2.0},{"not_picked":["Pommel Strike","Flex"],"picked":"Heavy Blade","floor":5.0},{"not_picked":["Feel No Pain","Havoc"],"picked":"Iron Wave","floor":7.0},{"not_picked":["Havoc","Warcry"],"picked":"Battle Trance","floor":10.0},{"not_picked":["Intimidate","True Grit"],"picked":"Dropkick","floor":12.0},{"not_picked":["Havoc","Body Slam"],"picked":"Warcry","floor":14.0},{"not_picked":["Demon Form","Impervious"],"picked":"Feed","floor":16.0},{"not_picked":["Pommel Strike","Sword Boomerang"],"picked":"Clothesline+1","floor":18.0},{"not_picked":["Heavy Blade","Evolve"],"picked":"Burning Pact+1","floor":19.0},{"not_picked":["Bludgeon","Dropkick"],"picked":"Perfected Strike+1","floor":20}],"player_experience":96849,"relics_obtained":[{"floor":4.0,"key":"Oddly Smooth Stone"},{"floor":7.0,"key":"Letter Opener"},{"floor":9.0,"key":"Sundial"},{"floor":10.0,"key":"Pen Nib"},{"floor":12.0,"key":"Ginger"}],"event_choices":[{"damage_healed":0.0,"max_hp_gain":0.0,"max_hp_loss":0.0,"gold_gain":0.0,"event_name":"Shining Light","player_choice":"Entered Light","floor":3.0,"gold_loss":0.0,"damage_taken":18.0,"cards_upgraded":["Defend_R","Defend_R"]},{"damage_healed":0.0,"max_hp_gain":0.0,"max_hp_loss":0.0,"gold_gain":0.0,"event_name":"WeMeetAgain","player_choice":"Paid Gold","floor":13.0,"gold_loss":54.0,"damage_taken":0.0,"relics_obtained":["Gremlin Horn"]},{"cards_removed":["Hemokinesis"],"damage_healed":0,"gold_gain":0,"player_choice":"Gave Gold","damage_taken":0,"max_hp_gain":0,"max_hp_loss":0,"event_name":"Beggar","floor":22,"gold_loss":75}],"is_beta":false,"boss_relics":[{"not_picked":["Orrery","Runic Pyramid"],"picked":"Pandora\u0027s Box"}],"items_purged_floors":[],"is_endless":false,"potions_floor_spawned":[1,5,14,20],"killed_by":"Book of Stabbing","ascension_level":8}