{"gold_per_floor":[113,59,19,43,60,60,89,102,128,163,163,88,100,100,100,198,198,223,223,45,95,113,113,156,156,156,189,222,222,236,254,254,353,353,378,600,600,621,15,15],"floor_reached":40,"playtime":1317,"items_purged":["Strike_B","Injury","Strike_B"],"score":934,"play_id":"7420a360-2e95-46f8-b25f-fbf591e7c224","local_time":"20181009010002","is_ascension_mode":true,"campfire_choices":[{"data":"Zap","floor":6,"key":"SMITH"},{"data":"Dualcast","floor":11,"key":"SMITH"},{"data":"Go for the Eyes","floor":15,"key":"SMITH"},{"data":"Rainbow","floor":23,"key":"SMITH"},{"floor":25,"key":"REST"},{"data":"FTL","floor":29,"key":"SMITH"},{"floor":32,"key":"REST"}],"neow_cost":"NONE","seed_source_timestamp":234657074581618,"circlet_count":0,"master_deck":["Strike_B","Strike_B","Defend_B","Defend_B","Defend_B","Defend_B","Zap+1","Dualcast+1","AscendersBane","Reinforced Body","Go for the Eyes+1","Gash","Ball Lightning","All For One","Beam Cell","Gash","Rainbow+1","Go for the Eyes","Panacea","Finesse","FTL+1","Scrape","Conserve Battery","Steam","Hologram+1","Echo Form","Panache"],"relics":["Cracked Core","NeowsBlessing","Bag of Preparation","Orichalcum","Ancient Tea Set","Shuriken","Golden Idol","Cursed Key","Omamori","Calipers","Red Mask","Bag of Marbles","Lizard Tail","Oddly Smooth Stone"],"potions_floor_usage":[16,24,28,40],"damage_taken":[{"damage":0,"enemies":"Jaw Worm","floor":1,"turns":1},{"damage":0,"enemies":"Cultist","floor":5,"turns":1},{"damage":0,"enemies":"Lagavulin","floor":7,"turns":1},{"damage":0,"enemies":"2 Louse","floor":8,"turns":3},{"damage":6,"enemies":"3 Sentries","floor":10,"turns":5},{"damage":12,"enemies":"Exordium Thugs","floor":13,"turns":3},{"damage":0,"enemies":"Slime Boss","floor":16,"turns":3},{"damage":0,"enemies":"Spheric Guardian","floor":18,"turns":1},{"damage":0,"enemies":"Chosen","floor":22,"turns":2},{"damage":21,"enemies":"Book of Stabbing","floor":24,"turns":4},{"damage":12,"enemies":"Masked Bandits","floor":27,"turns":4},{"damage":13,"enemies":"Gremlin Leader","floor":28,"turns":5},{"damage":0,"enemies":"Sentry and Sphere","floor":30,"turns":3},{"damage":5,"enemies":"Centurion and Healer","floor":31,"turns":6},{"damage":24,"enemies":"Automaton","floor":33,"turns":7},{"damage":30,"enemies":"3 Darklings","floor":35,"turns":6},{"damage":4,"enemies":"Orb Walker","floor":38,"turns":3},{"damage":80,"enemies":"2 Orb Walkers","floor":40,"turns":6}],"seed_played":"152583205518500397","potions_obtained":[{"floor":1,"key":"Block Potion"},{"floor":3,"key":"AttackPotion"},{"floor":16,"key":"AttackPotion"},{"floor":28,"key":"SkillPotion"}],"is_trial":false,"path_per_floor":["M","$","?","T","M","R","E","M","T","E","R","$","M","?","R","B",null,"M","?","$","?","M","R","E","R","T","?","E","R","M","M","R","B",null,"M","?","?","M","$"],"character_chosen":"DEFECT","items_purchased":["Go for the Eyes","FTL","Dexterity Potion","Panache","Oddly Smooth Stone"],"campfire_rested":2,"item_purchase_floors":[2,20,39,39,39],"current_hp_per_floor":[64,64,64,64,64,64,64,64,64,58,58,58,46,46,46,46,65,65,44,44,44,44,44,23,44,44,32,19,19,19,14,35,11,56,26,26,40,36,36,0],"gold":15,"neow_bonus":"THREE_ENEMY_KILL","is_prod":false,"is_daily":false,"chose_seed":false,"campfire_upgraded":5,"win_rate":0,"timestamp":1539072002,"path_taken":["M","$","?","?","M","R","E","M","T","E","R","?","?","?","R","BOSS","M","?","$","?","M","R","E","R","T","?","E","R","M","?","R","BOSS","M","?","?","M","$","E"],"build_version":"2018-10-04","purchased_purges":3,"victory":false,"max_hp_per_floor":[71,71,71,71,71,71,71,71,71,71,71,71,71,71,71,71,71,71,71,71,71,71,71,71,71,71,71,71,71,71,71,71,71,71,71,71,71,71,71,71],"card_choices":[{"not_picked":["Melter","Hologram"],"picked":"Reinforced Body","floor":1},{"not_picked":["Compile Driver","Leap"],"picked":"Gash","floor":5},{"not_picked":["Sweeping Beam","Tempest"],"picked":"Ball Lightning","floor":7},{"not_picked":["Storm","Consume"],"picked":"All For One","floor":8},{"not_picked":["Consume","Genetic Algorithm"],"picked":"Beam Cell","floor":10},{"not_picked":["Tempest","Compile Driver"],"picked":"Gash","floor":13},{"not_picked":["Thunder Strike","Amplify"],"picked":"Rainbow","floor":16},{"not_picked":["Fusion","Leap"],"picked":"Go for the Eyes","floor":18},{"not_picked":["Barrage","Reinforced Body+1"],"picked":"Scrape","floor":22},{"not_picked":["Gash+1","Rebound"],"picked":"Conserve Battery","floor":24},{"not_picked":["Static Discharge","Skim"],"picked":"Steam","floor":28},{"not_picked":["Auto Shields","Genetic Algorithm","Streamline"],"picked":"SKIP","floor":30},{"not_picked":["Sweeping Beam","Redo"],"picked":"Hologram+1","floor":31},{"not_picked":["Thunder Strike","Core Surge"],"picked":"Echo Form","floor":33},{"not_picked":["Redo","Auto Shields","Stack"],"picked":"SKIP","floor":35},{"not_picked":["Redo","Hologram","Capacitor"],"picked":"SKIP","floor":38}],"player_experience":869960,"relics_obtained":[{"floor":4,"key":"Bag of Preparation"},{"floor":7,"key":"Orichalcum"},{"floor":9,"key":"Ancient Tea Set"},{"floor":10,"key":"Shuriken"},{"floor":24,"key":"Omamori"},{"floor":26,"key":"Calipers"},{"floor":27,"key":"Red Mask"},{"floor":28,"key":"Bag of Marbles"}],"event_choices":[{"event_name":"The Woman in Blue","player_choice":"Bought 3 Potions","floor":3,"damage_taken":0},{"event_name":"Golden Idol","player_choice":"Take Wound","floor":14,"damage_taken":0},{"event_name":"Knowing Skull","player_choice":"CARD CARD ","floor":19,"damage_taken":0},{"event_name":"Nest","player_choice":"Stole From Cult","floor":21,"damage_taken":0},{"event_name":"Masked Bandits","player_choice":"Fought Bandits","floor":27,"damage_taken":0},{"event_name":"Tomb of Lord Red Mask","player_choice":"Wore Mask","floor":36,"damage_taken":0},{"event_name":"Winding Halls","player_choice":"Writhe","floor":37,"damage_taken":0}],"is_beta":true,"boss_relics":[{"not_picked":["Astrolabe","Eternal Feather"],"picked":"Cursed Key"},{"not_picked":["Velvet Choker","Empty Cage"],"picked":"Lizard Tail"}],"items_purged_floors":[12,20,39],"is_endless":false,"potions_floor_spawned":[1,13,16,18,28],"killed_by":"2 Orb Walkers","ascension_level":17}