{"gold_per_floor":[117,117,131,131,145,178,178,212,212,246,259,278,278,44,44,119,119,131,231,250,264,282,300,300,300],"floor_reached":25,"playtime":672,"items_purged":["Defend_R"],"score":475,"play_id":"cda6fda7-d769-4b3d-ba0a-a4f4b81609af","local_time":"20181209143757","is_ascension_mode":true,"campfire_choices":[{"data":"Bludgeon","floor":7,"key":"SMITH"},{"data":"Havoc","floor":13,"key":"SMITH"},{"data":"Madness","floor":15,"key":"SMITH"}],"neow_cost":"NONE","seed_source_timestamp":177071596745876,"circlet_count":0,"master_deck":["AscendersBane","Defend_R","Defend_R","Defend_R","Bash","Bludgeon","Body Slam","Headbutt","Bludgeon+1","Shockwave","Havoc+1","Inflame","Clothesline","Pommel Strike","Madness+1","Feed","Pommel Strike","Inflame","Dropkick+1","Fiend Fire","Metallicize","Bite","Bite","Bite","Bite","Bite"],"relics":["Burning Blood","Centennial Puzzle","PreservedInsect","Red Skull","Paper Frog","Torii","Ginger","Coffee Dripper","Prayer Wheel","The Courier"],"potions_floor_usage":[6,16,19,19,19,21,22,22,23],"damage_taken":[{"damage":13,"enemies":"2 Louse","floor":1,"turns":3},{"damage":12,"enemies":"Jaw Worm","floor":3,"turns":2},{"damage":1,"enemies":"Cultist","floor":5,"turns":3},{"damage":8,"enemies":"Gremlin Nob","floor":6,"turns":3},{"damage":10,"enemies":"3 Sentries","floor":8,"turns":4},{"damage":10,"enemies":"Lagavulin","floor":10,"turns":3},{"damage":1,"enemies":"Blue Slaver","floor":11,"turns":2},{"damage":0,"enemies":"2 Fungi Beasts","floor":12,"turns":2},{"damage":23,"enemies":"Slime Boss","floor":16,"turns":5},{"damage":0,"enemies":"Chosen","floor":18,"turns":3},{"damage":22,"enemies":"Colosseum Slavers","floor":19,"turns":4},{"damage":8,"enemies":"Colosseum Nobs","floor":19,"turns":3},{"damage":15,"enemies":"Shell Parasite","floor":20,"turns":2},{"damage":17,"enemies":"Snake Plant","floor":21,"turns":2},{"damage":26,"enemies":"Shelled Parasite and Fungi","floor":22,"turns":2},{"damage":14,"enemies":"Centurion and Healer","floor":23,"turns":3},{"damage":24,"enemies":"Snake Plant","floor":25,"turns":1}],"seed_played":"-2728034695762768997","potions_obtained":[{"floor":3,"key":"Energy Potion"},{"floor":5,"key":"Fire Potion"},{"floor":8,"key":"BloodPotion"},{"floor":16,"key":"SkillPotion"},{"floor":18,"key":"EntropicBrew"},{"floor":20,"key":"Fire Potion"},{"floor":21,"key":"Fire Potion"},{"floor":22,"key":"PowerPotion"}],"is_trial":false,"path_per_floor":["M","?","M","T","M","E","R","E","T","E","M","M","R","$","R","B",null,"M","?","M","M","M","M","?","M"],"character_chosen":"IRONCLAD","items_purchased":["Pommel Strike","Madness"],"campfire_rested":0,"item_purchase_floors":[14,14],"current_hp_per_floor":[61,56,50,50,55,53,53,49,49,45,50,56,56,56,56,39,66,72,64,55,47,27,19,19,0],"gold":300,"neow_bonus":"ONE_RANDOM_RARE_CARD","is_prod":false,"is_daily":false,"chose_seed":false,"campfire_upgraded":3,"win_rate":0,"timestamp":1544391477,"path_taken":["M","?","M","?","M","E","R","E","T","E","?","M","R","$","R","BOSS","M","?","M","M","M","M","?","M"],"build_version":"2018-12-06","purchased_purges":1,"victory":false,"max_hp_per_floor":[75,75,75,75,75,75,75,75,75,75,75,75,75,75,75,75,75,75,78,78,81,81,81,56,56],"card_choices":[{"not_picked":["Thunderclap","Wild Strike"],"picked":"Body Slam","floor":1},{"not_picked":["Sever Soul","Disarm"],"picked":"Headbutt","floor":3},{"not_picked":["Thunderclap","Perfected Strike","Clash"],"picked":"SKIP","floor":5},{"not_picked":["Wild Strike","Clothesline"],"picked":"Bludgeon","floor":6},{"not_picked":["Blood for Blood","Rupture"],"picked":"Shockwave","floor":8},{"not_picked":["Brutality","Carnage"],"picked":"Havoc","floor":10},{"not_picked":["Disarm","Pommel Strike"],"picked":"Inflame","floor":11},{"not_picked":["Havoc","Body Slam"],"picked":"Clothesline","floor":12},{"not_picked":["Bludgeon","Barricade"],"picked":"Feed","floor":16},{"not_picked":["Entrench","Anger","Combust+1"],"picked":"SKIP","floor":18},{"not_picked":["Sword Boomerang","Havoc"],"picked":"Pommel Strike","floor":20},{"not_picked":["Headbutt+1","Evolve"],"picked":"Inflame","floor":20},{"not_picked":["Blood for Blood","Pommel Strike+1"],"picked":"Dropkick+1","floor":21},{"not_picked":["Evolve","Sentinel"],"picked":"Fiend Fire","floor":21},{"not_picked":["Ghostly Armor","Blood for Blood"],"picked":"Metallicize","floor":22},{"not_picked":["Cleave","Evolve","Perfected Strike"],"picked":"SKIP","floor":22},{"not_picked":["Clothesline","Anger","Clash+1"],"picked":"SKIP","floor":23},{"not_picked":["Battle Trance","Uppercut","Shrug It Off"],"picked":"SKIP","floor":23}],"player_experience":555801,"relics_obtained":[{"floor":4,"key":"PreservedInsect"},{"floor":6,"key":"Red Skull"},{"floor":8,"key":"Paper Frog"},{"floor":9,"key":"Torii"},{"floor":10,"key":"Ginger"},{"floor":19,"key":"Prayer Wheel"},{"floor":19,"key":"The Courier"}],"event_choices":[{"damage_healed":0,"gold_gain":0,"player_choice":"Success","damage_taken":5,"relics_obtained":["Centennial Puzzle"],"max_hp_gain":0,"max_hp_loss":0,"event_name":"Scrap Ooze","floor":2,"gold_loss":0},{"damage_healed":0,"gold_gain":0,"player_choice":"Fight","damage_taken":0,"max_hp_gain":0,"max_hp_loss":0,"event_name":"Colosseum","floor":19,"gold_loss":0},{"damage_healed":0,"gold_gain":0,"player_choice":"Fought Nobs","damage_taken":0,"max_hp_gain":0,"max_hp_loss":0,"event_name":"Colosseum","floor":19,"gold_loss":0},{"damage_healed":0,"gold_gain":0,"player_choice":"Became a vampire","damage_taken":0,"max_hp_gain":0,"max_hp_loss":25,"event_name":"Vampires","floor":24,"gold_loss":0,"cards_obtained":["Bite","Bite","Bite","Bite","Bite"]}],"is_beta":false,"boss_relics":[{"not_picked":["White Beast Statue","Orrery"],"picked":"Coffee Dripper"}],"items_purged_floors":[14],"is_endless":false,"potions_floor_spawned":[3,5,8,16,18,20,21,22],"killed_by":"Snake Plant","ascension_level":20}