{"gold_per_floor":[113,38,38,38,2,2,33,33,59,59,91,107,141,157,157,257,257,272,272,287,105,105,130,130,130,130,159,179,198,225,71,71,71],"floor_reached":33,"playtime":1676,"items_purged":["Strike_R"],"score":493,"play_id":"c24d721e-4c79-47a8-9259-293f2c50264b","local_time":"20181222013203","is_ascension_mode":true,"campfire_choices":[{"data":"Infernal Blade","floor":6,"key":"SMITH"},{"data":"Fire Breathing","floor":8,"key":"SMITH"},{"data":"Wild Strike","floor":10,"key":"SMITH"},{"data":"Dual Wield","floor":15,"key":"SMITH"},{"floor":24,"key":"RECALL"},{"floor":32,"key":"REST"}],"neow_cost":"NONE","seed_source_timestamp":278295587918277,"circlet_count":0,"master_deck":["Strike_R","Strike_R","Strike_R","Defend_R","Defend_R","Defend_R","Defend_R","Bash","Thunderclap","Wild Strike+1","Infernal Blade+1","Fiend Fire","Inflame","Fire Breathing+1","Pommel Strike","Exhume","Dual Wield+1","Heavy Blade","Dark Embrace","Feel No Pain","Rampage","Shrug It Off+1","Infernal Blade+1","Offering","Armaments","Warcry+1"],"relics":["Burning Blood","NeowsBlessing","Bag of Preparation","Bag of Marbles","Art of War","Mercury Hourglass","Fusion Hammer","Red Skull","MutagenicStrength","Thread and Needle","Gremlin Horn","Matryoshka","Boot","Juzu Bracelet"],"potions_floor_usage":[16,16,27,30],"damage_taken":[{"damage":0,"enemies":"2 Louse","floor":1,"turns":1},{"damage":0,"enemies":"Lagavulin","floor":7,"turns":1},{"damage":0,"enemies":"3 Sentries","floor":11,"turns":1},{"damage":0,"enemies":"Cultist","floor":12,"turns":2},{"damage":0,"enemies":"Gremlin Nob","floor":13,"turns":2},{"damage":0,"enemies":"Jaw Worm","floor":14,"turns":1},{"damage":39,"enemies":"The Guardian","floor":16,"turns":6},{"damage":0,"enemies":"Shell Parasite","floor":18,"turns":1},{"damage":7,"enemies":"Chosen","floor":20,"turns":2},{"damage":9,"enemies":"Slavers","floor":23,"turns":4},{"damage":14,"enemies":"Gremlin Leader","floor":27,"turns":4},{"damage":9,"enemies":"Snake Plant","floor":28,"turns":3},{"damage":6,"enemies":"Snecko","floor":29,"turns":1},{"damage":12,"enemies":"Book of Stabbing","floor":30,"turns":3},{"damage":90,"enemies":"Automaton","floor":33,"turns":6}],"seed_played":"-4090187369872884855","potions_obtained":[{"floor":13,"key":"Dexterity Potion"},{"floor":14,"key":"Energy Potion"},{"floor":18,"key":"Regen Potion"},{"floor":29,"key":"Weak Potion"}],"is_trial":false,"path_per_floor":["M","$","?","?","$","R","E","R","T","R","E","M","E","M","R","B",null,"M","?","M","$","?","E","R","?","T","E","M","M","E","$","R","B"],"character_chosen":"IRONCLAD","items_purchased":["Inflame","Red Skull","Rampage","Juzu Bracelet"],"campfire_rested":1,"item_purchase_floors":[5,21,21,31],"current_hp_per_floor":[80,80,80,80,80,80,80,80,80,80,80,80,80,80,80,47,72,78,78,77,77,77,74,74,74,74,75,72,72,66,66,80,0],"gold":71,"neow_bonus":"THREE_ENEMY_KILL","is_prod":false,"is_daily":false,"chose_seed":false,"campfire_upgraded":4,"win_rate":0,"timestamp":1545460323,"path_taken":["M","$","?","?","$","R","E","R","T","R","E","?","E","M","R","BOSS","M","?","M","$","?","E","R","?","T","E","?","M","E","$","R","BOSS"],"build_version":"2018-12-20","purchased_purges":1,"victory":false,"max_hp_per_floor":[80,80,80,80,80,80,80,80,80,80,80,80,80,80,80,80,80,80,80,80,80,80,80,80,80,80,80,80,80,80,80,80,80],"card_choices":[{"not_picked":["Armaments","Dropkick"],"picked":"Thunderclap","floor":1},{"not_picked":["Warcry","Infernal Blade"],"picked":"Fire Breathing","floor":7},{"not_picked":["Thunderclap","Armaments"],"picked":"Pommel Strike","floor":11},{"not_picked":["Anger","Flame Barrier"],"picked":"Exhume","floor":12},{"not_picked":["Clash","Brutality"],"picked":"Dual Wield","floor":13},{"not_picked":["Body Slam","Cleave"],"picked":"Heavy Blade","floor":14},{"not_picked":["Brutality","Fiend Fire"],"picked":"Dark Embrace","floor":16},{"not_picked":["Twin Strike","Havoc","Warcry"],"picked":"SKIP","floor":18},{"not_picked":["Twin Strike","Body Slam"],"picked":"Feel No Pain","floor":20},{"not_picked":["Clothesline+1","Pommel Strike"],"picked":"Shrug It Off+1","floor":23},{"not_picked":["Pommel Strike","Carnage+1"],"picked":"Offering","floor":27},{"not_picked":["Flex","True Grit"],"picked":"Armaments","floor":28},{"not_picked":["Perfected Strike","Iron Wave","Intimidate"],"picked":"SKIP","floor":29},{"not_picked":["Inflame","Iron Wave"],"picked":"Warcry+1","floor":30}],"player_experience":222539,"relics_obtained":[{"floor":7,"key":"Bag of Preparation"},{"floor":9,"key":"Bag of Marbles"},{"floor":11,"key":"Art of War"},{"floor":13,"key":"Mercury Hourglass"},{"floor":23,"key":"Thread and Needle"},{"floor":26,"key":"Gremlin Horn"},{"floor":27,"key":"Matryoshka"},{"floor":30,"key":"Boot"}],"event_choices":[{"damage_healed":0,"gold_gain":0,"player_choice":"Leave","damage_taken":0,"max_hp_gain":0,"max_hp_loss":0,"event_name":"The Cleric","floor":3,"gold_loss":0},{"damage_healed":0,"gold_gain":0,"player_choice":"3 cards matched","damage_taken":0,"max_hp_gain":0,"max_hp_loss":0,"event_name":"Match and Keep!","floor":4,"gold_loss":0,"cards_obtained":["Wild Strike","Infernal Blade","Fiend Fire"]},{"cards_removed":["Strike_R"],"damage_healed":0,"gold_gain":0,"player_choice":"Elegance","damage_taken":0,"max_hp_gain":0,"max_hp_loss":0,"event_name":"Back to Basics","floor":19,"gold_loss":0},{"damage_healed":0,"gold_gain":0,"player_choice":"Inject Mutagens","damage_taken":0,"relics_obtained":["MutagenicStrength"],"max_hp_gain":0,"max_hp_loss":0,"event_name":"Drug Dealer","floor":22,"gold_loss":0},{"damage_healed":0,"gold_gain":0,"player_choice":"Copied","damage_taken":0,"max_hp_gain":0,"max_hp_loss":0,"event_name":"Duplicator","floor":25,"gold_loss":0,"cards_obtained":["Infernal Blade"]}],"is_beta":false,"boss_relics":[{"not_picked":["Cursed Key","Busted Crown"],"picked":"Fusion Hammer"}],"items_purged_floors":[2],"is_endless":false,"potions_floor_spawned":[13,14,18,29],"killed_by":"Automaton","ascension_level":5}