{"gold_per_floor":[117,127,127,141,14,42,54,80,80,80,80,106,106,138,138,138],"floor_reached":16,"playtime":725,"items_purged":["Strike_B"],"score":134,"play_id":"12537ac3-43a1-4a47-aedd-bb4ee67bc4d9","local_time":"20190109202847","is_ascension_mode":true,"campfire_choices":[{"floor":11,"key":"REST"},{"data":"Chaos","floor":15,"key":"SMITH"}],"neow_cost":"NONE","seed_source_timestamp":131235766027269,"circlet_count":0,"master_deck":["Strike_B","Strike_B","Strike_B","Defend_B","Defend_B","Defend_B","Defend_B","Zap","Dualcast","Chaos+1","Zap","Gash","Capacitor","Loop"],"relics":["Cracked Core","Boot","Cables","Mercury Hourglass","Shovel","Bird Faced Urn","Ancient Tea Set","Blood Vial"],"potions_floor_usage":[7,8,14],"damage_taken":[{"damage":3,"enemies":"Jaw Worm","floor":1,"turns":3},{"damage":1,"enemies":"Cultist","floor":2,"turns":4},{"damage":0,"enemies":"Small Slimes","floor":4,"turns":3},{"damage":21,"enemies":"3 Sentries","floor":6,"turns":10},{"damage":1,"enemies":"2 Fungi Beasts","floor":7,"turns":3},{"damage":31,"enemies":"Lagavulin","floor":8,"turns":7},{"damage":23,"enemies":"Gremlin Nob","floor":12,"turns":4},{"damage":12,"enemies":"Lagavulin","floor":14,"turns":7},{"damage":20,"enemies":"Hexaghost","floor":16,"turns":5}],"seed_played":"-4476685241414153065","potions_obtained":[{"floor":1,"key":"Dexterity Potion"},{"floor":2,"key":"SkillPotion"}],"is_trial":false,"path_per_floor":["M","M","?","M","$","E","M","E","T","?","R","E","?","E","R","B"],"character_chosen":"DEFECT","items_purchased":["Weak Potion"],"campfire_rested":1,"item_purchase_floors":[5],"current_hp_per_floor":[72,71,71,71,71,50,49,18,18,18,40,21,21,13,13,0],"gold":138,"neow_bonus":"RANDOM_COMMON_RELIC","is_prod":false,"is_daily":false,"chose_seed":false,"campfire_upgraded":1,"win_rate":0,"timestamp":1547026127,"path_taken":["M","M","?","?","$","E","M","E","T","?","R","E","?","E","R","BOSS"],"build_version":"2018-11-15","purchased_purges":1,"victory":false,"max_hp_per_floor":[75,75,75,75,75,75,75,75,75,75,75,75,75,75,75,75],"card_choices":[{"not_picked":["Rebound","Turbo"],"picked":"Chaos","floor":1},{"not_picked":["White Noise","Cold Snap","Sweeping Beam"],"picked":"SKIP","floor":2},{"not_picked":["BootSequence","Recycle"],"picked":"Gash","floor":4},{"not_picked":["Loop","Conserve Battery"],"picked":"Capacitor","floor":6},{"not_picked":["Steam","Beam Cell"],"picked":"Loop","floor":7},{"not_picked":["Hologram","Heatsinks","Compile Driver"],"picked":"SKIP","floor":8},{"not_picked":["Redo","Beam Cell","Barrage"],"picked":"SKIP","floor":12},{"not_picked":["Sweeping Beam","Barrage","Streamline"],"picked":"SKIP","floor":14}],"player_experience":1066737,"relics_obtained":[{"floor":6,"key":"Cables"},{"floor":8,"key":"Mercury Hourglass"},{"floor":9,"key":"Shovel"},{"floor":12,"key":"Ancient Tea Set"},{"floor":14,"key":"Blood Vial"}],"event_choices":[{"damage_healed":0,"gold_gain":0,"player_choice":"1 cards matched","damage_taken":0,"max_hp_gain":0,"max_hp_loss":0,"event_name":"Match and Keep!","floor":3,"gold_loss":0,"cards_obtained":["Zap"]},{"damage_healed":0,"gold_gain":0,"player_choice":"Searched \u00271\u0027 times","damage_taken":0,"relics_obtained":["Bird Faced Urn"],"max_hp_gain":0,"max_hp_loss":0,"event_name":"Dead Adventurer","floor":10,"gold_loss":0},{"damage_healed":0,"gold_gain":0,"player_choice":"Ignored","damage_taken":0,"max_hp_gain":0,"max_hp_loss":0,"event_name":"Golden Idol","floor":13,"gold_loss":0}],"is_beta":true,"boss_relics":[],"items_purged_floors":[5],"is_endless":false,"potions_floor_spawned":[1,2,6],"killed_by":"Hexaghost","ascension_level":1}