{"gold_per_floor":[109,126,126,141,153,153,165,165,189,289,301,312,312,328,328,403,403,403,403,403,318,318,318,318,318,318,3,3,3,3,3,3,3,3,3,0,0,0,0,0,0,0,0,0,0,0,0,0,0,0],"floor_reached":50,"playtime":5166,"items_purged":["Strike_R"],"score":879,"play_id":"e470b5be-ae7f-40f6-a427-90e29a6ed94e","local_time":"20181003114951","is_ascension_mode":true,"campfire_choices":[{"data":"Heavy Blade","floor":6.0,"key":"SMITH"},{"floor":8.0,"key":"REST"},{"data":"Demon Form","floor":13.0,"key":"SMITH"},{"floor":15.0,"key":"REST"},{"data":"Armaments","floor":23.0,"key":"SMITH"},{"floor":32.0,"key":"REST"},{"floor":40.0,"key":"REST"},{"data":"Bash","floor":42.0,"key":"SMITH"},{"data":"Metallicize","floor":44.0,"key":"SMITH"},{"floor":49,"key":"REST"}],"neow_cost":"NONE","seed_source_timestamp":0,"circlet_count":0,"master_deck":["Strike_R","Strike_R","Defend_R","Defend_R","Defend_R","Defend_R","Bash+1","AscendersBane","Spot Weakness","Ghostly Armor","Heavy Blade+1","Demon Form+1","Pommel Strike","Battle Trance","Immolate","Armaments+1","True Grit","Metallicize+1","Impervious","Shrug It Off","Sword Boomerang","Clothesline","Exhume","Shrug It Off","Iron Wave","Flame Barrier","Iron Wave","Shockwave"],"special_seed":0,"relics":["Burning Blood","Juzu Bracelet","Ectoplasm","Bronze Scales","Dream Catcher","Bottled Lightning","Pantograph","Runic Pyramid","Red Mask","Bottled Flame","Bottled Tornado"],"potions_floor_usage":[48,50,50],"damage_taken":[{"damage":18.0,"enemies":"Jaw Worm","floor":1.0,"turns":4.0},{"damage":6.0,"enemies":"2 Louse","floor":2.0,"turns":3.0},{"damage":4.0,"enemies":"Small Slimes","floor":4.0,"turns":6.0},{"damage":21.0,"enemies":"3 Louse","floor":5.0,"turns":5.0},{"damage":26.0,"enemies":"Lots of Slimes","floor":7.0,"turns":5.0},{"damage":6.0,"enemies":"Exordium Thugs","floor":11.0,"turns":4.0},{"damage":10.0,"enemies":"Exordium Wildlife","floor":12.0,"turns":4.0},{"damage":18.0,"enemies":"Large Slime","floor":14.0,"turns":6.0},{"damage":56.0,"enemies":"Hexaghost","floor":16.0,"turns":10.0},{"damage":17.0,"enemies":"3 Byrds","floor":18.0,"turns":4.0},{"damage":17.0,"enemies":"Chosen","floor":20.0,"turns":5.0},{"damage":57.0,"enemies":"Slavers","floor":24.0,"turns":6.0},{"damage":16.0,"enemies":"Gremlin Leader","floor":28.0,"turns":6.0},{"damage":9.0,"enemies":"Shelled Parasite and Fungi","floor":30.0,"turns":6.0},{"damage":4.0,"enemies":"Centurion and Healer","floor":31.0,"turns":11.0},{"damage":48.0,"enemies":"Collector","floor":33.0,"turns":8.0},{"damage":3.0,"enemies":"3 Shapes","floor":35.0,"turns":3.0},{"damage":0.0,"enemies":"Orb Walker","floor":37.0,"turns":4.0},{"damage":30.0,"enemies":"Reptomancer","floor":38.0,"turns":8.0},{"damage":5.0,"enemies":"4 Shapes","floor":39.0,"turns":11.0},{"damage":34.0,"enemies":"2 Orb Walkers","floor":41.0,"turns":6.0},{"damage":10.0,"enemies":"Sphere and 2 Shapes","floor":45.0,"turns":7.0},{"damage":17.0,"enemies":"Spire Growth","floor":46.0,"turns":6.0},{"damage":2,"enemies":"Reptomancer","floor":48,"turns":7},{"damage":96,"enemies":"Donu and Deca","floor":50,"turns":9}],"seed_played":"4487432000371748341","potions_obtained":[{"floor":1.0,"key":"EssenceOfSteel"},{"floor":2.0,"key":"Strength Potion"},{"floor":28.0,"key":"GamblersBrew"},{"floor":31.0,"key":"Block Potion"},{"floor":33.0,"key":"Block Potion"},{"floor":38.0,"key":"Strength Potion"},{"floor":41.0,"key":"Dexterity Potion"},{"floor":46.0,"key":"Dexterity Potion"},{"floor":48,"key":"PowerPotion"}],"is_trial":false,"path_per_floor":["M","M","?","M","M","R","M","R","T","?","M","M","R","M","R","B",null,"M","$","M","?","?","R","E","?","T","$","E","?","M","M","R","B",null,"M","?","M","M","M","R","E","R","T","R","M","M","?","M","R"],"character_chosen":"IRONCLAD","items_purchased":["Block Potion","Fire Potion","Impervious"],"campfire_rested":5,"item_purchase_floors":[27,27,27],"current_hp_per_floor":[68,68,61,63,48,48,28,54,54,54,54,50,50,38,64,14,70,59,59,48,48,77,77,26,26,26,26,16,16,13,15,41,24,72,75,75,81,57,58,84,56,56,56,56,52,41,41,45,71,0],"gold":0,"neow_bonus":"TEN_PERCENT_HP_BONUS","is_prod":false,"is_daily":false,"chose_seed":false,"campfire_upgraded":5,"win_rate":0,"timestamp":1538592591,"path_taken":["M","M","?","M","M","R","M","R","T","?","M","M","R","M","R","BOSS","M","$","M","?","?","R","E","?","T","?","E","?","M","M","R","BOSS","M","?","M","M","M","R","E","R","T","R","M","M","?","M","R","BOSS"],"build_version":"2018-09-27","purchased_purges":1,"victory":false,"max_hp_per_floor":[88,88,88,88,88,88,88,88,88,88,88,88,88,88,88,88,88,88,88,88,88,88,88,88,88,88,88,88,88,88,88,88,88,88,88,88,88,88,88,88,88,88,88,88,88,88,88,88,88,88],"card_choices":[{"not_picked":["Thunderclap","Rage"],"picked":"Spot Weakness","floor":1.0},{"not_picked":["Infernal Blade","Anger"],"picked":"Ghostly Armor","floor":2.0},{"not_picked":["Sentinel","Cleave","Dropkick"],"picked":"SKIP","floor":4.0},{"not_picked":["Entrench","Evolve"],"picked":"Heavy Blade","floor":5.0},{"not_picked":["Power Through","Feel No Pain","Rupture"],"picked":"SKIP","floor":7.0},{"not_picked":["Sentinel","Clash"],"picked":"Demon Form","floor":11.0},{"not_picked":["Flex","Iron Wave"],"picked":"Pommel Strike","floor":12.0},{"not_picked":["Anger","Perfected Strike"],"picked":"Battle Trance","floor":14.0},{"not_picked":["Berserk","Double Tap"],"picked":"Immolate","floor":16.0},{"not_picked":["Twin Strike","Ghostly Armor"],"picked":"Armaments","floor":18.0},{"not_picked":["Warcry","Intimidate"],"picked":"True Grit","floor":20.0},{"not_picked":["Armaments","Ghostly Armor"],"picked":"Metallicize","floor":24.0},{"not_picked":["Sentinel","Anger","Second Wind"],"picked":"SKIP","floor":28.0},{"not_picked":["Havoc+1","Combust"],"picked":"Shrug It Off","floor":30.0},{"not_picked":["Blood for Blood","Cleave"],"picked":"Sword Boomerang","floor":31.0},{"not_picked":["Second Wind","Twin Strike"],"picked":"Clothesline","floor":32.0},{"not_picked":["Feed","Double Tap"],"picked":"Exhume","floor":33.0},{"not_picked":["Heavy Blade","Combust+1"],"picked":"Shrug It Off","floor":35.0},{"not_picked":["Twin Strike","Cleave","Rampage"],"picked":"SKIP","floor":37.0},{"not_picked":["Flex","Burning Pact"],"picked":"Iron Wave","floor":38.0},{"not_picked":["Brutality","Second Wind","Metallicize"],"picked":"SKIP","floor":39.0},{"not_picked":["Spot Weakness+1","Anger","Entrench"],"picked":"SKIP","floor":41.0},{"not_picked":["Twin Strike","Body Slam"],"picked":"Flame Barrier","floor":45.0},{"not_picked":["Heavy Blade","Dropkick","Bloodletting"],"picked":"SKIP","floor":46.0},{"not_picked":["Twin Strike","Wild Strike"],"picked":"Iron Wave","floor":48},{"not_picked":["Iron Wave","Rampage"],"picked":"Shockwave","floor":49}],"player_experience":1119423,"relics_obtained":[{"floor":9.0,"key":"Juzu Bracelet"},{"floor":24.0,"key":"Dream Catcher"},{"floor":26.0,"key":"Bottled Lightning"},{"floor":28.0,"key":"Pantograph"},{"floor":41.0,"key":"Bottled Flame"},{"floor":43.0,"key":"Bottled Tornado"}],"event_choices":[{"event_name":"Golden Wing","player_choice":"Card Removal","floor":3.0,"damage_taken":0.0},{"event_name":"Golden Shrine","player_choice":"Pray","floor":10.0,"damage_taken":0.0},{"event_name":"Addict","player_choice":"Obtained Relic","floor":21.0,"damage_taken":0.0},{"event_name":"The Library","player_choice":"Heal","floor":22.0,"damage_taken":0.0},{"event_name":"Vampires","player_choice":"Ignored","floor":25.0,"damage_taken":0.0},{"event_name":"Purifier","player_choice":"One Purge","floor":29.0,"damage_taken":0.0},{"event_name":"Tomb of Lord Red Mask","player_choice":"Paid","floor":36.0,"damage_taken":0.0},{"event_name":"SensoryStone","player_choice":"Memory 1","floor":47.0,"damage_taken":0.0}],"is_beta":false,"boss_relics":[{"not_picked":["Philosopher\u0027s Stone","Runic Dome"],"picked":"Ectoplasm"},{"not_picked":["Tiny House","Snecko Eye"],"picked":"Runic Pyramid"}],"items_purged_floors":[27],"is_endless":false,"potions_floor_spawned":[1,2,7,14,28,31,33,35,38,41,46,48],"killed_by":"Donu and Deca","ascension_level":13}