{"gold_per_floor":[109,109,109,123,142,142,172,192,246,246,196,214,249,267,267,371,371,383,393,50,150,150,182,182,182,207,224,250,261,296,310,310,415,415,426,438,438,660,684,711,711,745,745,745,177,187,187,198,198,198],"floor_reached":51,"playtime":4165,"items_purged":["Defend_B"],"score":1384,"play_id":"25f98d8f-4d5f-4cb4-8fdb-5f912e76afcd","local_time":"20181024120305","is_ascension_mode":true,"campfire_choices":[{"data":"Darkness","floor":6,"key":"SMITH"},{"floor":10,"key":"REST"},{"data":"Dualcast","floor":15,"key":"SMITH"},{"data":"Ball Lightning","floor":25,"key":"SMITH"},{"data":"Consume","floor":32,"key":"SMITH"},{"data":"Electrodynamics","floor":41,"key":"SMITH"},{"data":"Ball Lightning","floor":44,"key":"SMITH"},{"floor":49,"key":"REST"}],"neow_cost":"NONE","seed_source_timestamp":362535946468217,"circlet_count":0,"master_deck":["Defend_B+1","Defend_B+1","Defend_B+1","Zap+1","Dualcast+1","Darkness+1","Compile Driver","Cold Snap","Ball Lightning+1","Ball Lightning","Consume+1","Ball Lightning+1","Fission+1","Multi-Cast+1","Leap+1","Defragment+1","Reinforced Body+1","Rainbow+1","Steam+1","Conserve Battery+1","Coolheaded+1","Electrodynamics+1","Coolheaded+1","Skim+1","Defragment+1","Fusion+1","Chrysalis+1","Discovery+1","Rainbow+1","White Noise+1","Hologram+1"],"relics":["Cracked Core","NeowsBlessing","Dream Catcher","Odd Mushroom","War Paint","Toxic Egg 2","Sozu","Chemical X","Thread and Needle","Singing Bowl","Anchor","Boot","Red Mask","The Courier","Inserter","Ice Cream","PreservedInsect","Smiling Mask","Pear","Bird Faced Urn","Ginger"],"potions_floor_usage":[7,13,16,21],"damage_taken":[{"damage":0,"enemies":"Small Slimes","floor":1,"turns":1},{"damage":0,"enemies":"Cultist","floor":4,"turns":1},{"damage":0,"enemies":"Jaw Worm","floor":5,"turns":1},{"damage":9,"enemies":"3 Sentries","floor":7,"turns":7},{"damage":15,"enemies":"The Mushroom Lair","floor":8,"turns":4},{"damage":0,"enemies":"Blue Slaver","floor":12,"turns":2},{"damage":2,"enemies":"Gremlin Nob","floor":13,"turns":3},{"damage":7,"enemies":"2 Fungi Beasts","floor":14,"turns":2},{"damage":0,"enemies":"Hexaghost","floor":16,"turns":6},{"damage":7,"enemies":"3 Byrds","floor":18,"turns":4},{"damage":6,"enemies":"Shell Parasite","floor":19,"turns":3},{"damage":0,"enemies":"Colosseum Slavers","floor":21,"turns":3},{"damage":18,"enemies":"Colosseum Nobs","floor":21,"turns":5},{"damage":0,"enemies":"Gremlin Leader","floor":23,"turns":7},{"damage":5,"enemies":"Centurion and Healer","floor":27,"turns":4},{"damage":0,"enemies":"Masked Bandits","floor":28,"turns":2},{"damage":0,"enemies":"Sentry and Sphere","floor":29,"turns":5},{"damage":0,"enemies":"Book of Stabbing","floor":30,"turns":3},{"damage":0,"enemies":"3 Cultists","floor":31,"turns":4},{"damage":0,"enemies":"Champ","floor":33,"turns":9},{"damage":0,"enemies":"Orb Walker","floor":35,"turns":3},{"damage":13,"enemies":"3 Darklings","floor":36,"turns":3},{"damage":15,"enemies":"Mind Bloom Boss Battle","floor":37,"turns":6},{"damage":0,"enemies":"Giant Head","floor":40,"turns":5},{"damage":0,"enemies":"Nemesis","floor":42,"turns":3},{"damage":24,"enemies":"Spire Growth","floor":46,"turns":4},{"damage":8,"enemies":"Sphere and 2 Shapes","floor":48,"turns":4},{"damage":23,"enemies":"Awakened One","floor":50,"turns":11}],"seed_played":"1417488595311007327","potions_obtained":[{"floor":1,"key":"FocusPotion"},{"floor":4,"key":"SteroidPotion"},{"floor":12,"key":"Regen Potion"},{"floor":14,"key":"PowerPotion"},{"floor":16,"key":"SkillPotion"}],"is_trial":false,"path_per_floor":["M","?","?","M","M","R","E","?","T","R","?","M","E","M","R","B",null,"M","M","$","?","?","E","?","R","T","M","?","M","E","M","R","B",null,"M","M","?","?","T","E","R","E","T","R","$","M","?","M","R","B"],"character_chosen":"DEFECT","items_purchased":["Chemical X","Defragment","Reinforced Body+1","Fusion+1","Chrysalis+1","Discovery+1","Ginger"],"campfire_rested":2,"item_purchase_floors":[20,20,20,45,45,45,45],"current_hp_per_floor":[68,61,46,46,46,46,37,22,22,44,44,44,51,44,44,44,67,60,54,54,38,38,40,40,40,40,35,37,39,39,41,41,41,74,76,63,48,48,48,50,50,60,60,60,60,42,42,40,69,68],"gold":198,"neow_bonus":"THREE_ENEMY_KILL","is_prod":false,"is_daily":false,"chose_seed":false,"campfire_upgraded":6,"win_rate":0,"timestamp":1540342985,"path_taken":["M","?","?","?","M","R","E","?","T","R","?","M","E","M","R","BOSS","M","M","$","?","?","E","?","R","T","?","?","M","E","M","R","BOSS","M","M","?","?","?","E","R","E","T","R","$","M","?","?","R","BOSS"],"build_version":"2018-10-18","purchased_purges":1,"victory":true,"max_hp_per_floor":[75,75,75,75,75,75,75,75,75,75,75,75,75,75,75,75,75,75,75,75,77,77,79,79,79,79,79,81,83,83,85,85,85,85,87,87,87,87,87,89,89,99,99,99,99,99,99,99,99,99],"card_choices":[{"not_picked":["Blizzard","Fusion"],"picked":"Darkness","floor":1},{"not_picked":["White Noise","Reprogram"],"picked":"Compile Driver","floor":4},{"not_picked":["Barrage","Darkness"],"picked":"Cold Snap","floor":5},{"not_picked":["Turbo","Leap"],"picked":"Ball Lightning","floor":7},{"not_picked":["Coolheaded","FTL"],"picked":"Ball Lightning","floor":8},{"not_picked":["Sunder","Sweeping Beam"],"picked":"Consume","floor":10},{"not_picked":["Steam","Redo"],"picked":"Ball Lightning","floor":12},{"not_picked":["Force Field","Sunder","Gash"],"picked":"SKIP","floor":13},{"not_picked":["Static Discharge","Self Repair"],"picked":"Fission+1","floor":14},{"not_picked":["Machine Learning","Reboot+1"],"picked":"Multi-Cast+1","floor":16},{"not_picked":["Stack+1","Aggregate+1","Barrage"],"picked":"SKIP","floor":18},{"not_picked":["Double Energy+1","Consume+1"],"picked":"Leap+1","floor":19},{"not_picked":["Blizzard+1","Cold Snap","Compile Driver+1"],"picked":"Singing Bowl","floor":21},{"not_picked":["Sunder","Leap+1","Meteor Strike"],"picked":"Singing Bowl","floor":23},{"not_picked":["Doom and Gloom","Beam Cell"],"picked":"Conserve Battery+1","floor":27},{"not_picked":["Sweeping Beam+1","Beam Cell","Streamline+1"],"picked":"Singing Bowl","floor":28},{"not_picked":["Rebound","Turbo+1","Hello World"],"picked":"Singing Bowl","floor":29},{"not_picked":["Reprogram+1","Cold Snap"],"picked":"Coolheaded+1","floor":30},{"not_picked":["Storm","Beam Cell","Sweeping Beam+1"],"picked":"Singing Bowl","floor":31},{"not_picked":["Seek+1","Creative AI"],"picked":"Electrodynamics","floor":33},{"not_picked":["Auto Shields+1","Blizzard","Redo+1"],"picked":"Singing Bowl","floor":35},{"not_picked":["Steam+1","Static Discharge"],"picked":"Coolheaded+1","floor":36},{"not_picked":["Beam Cell+1","Ball Lightning"],"picked":"Skim+1","floor":37},{"not_picked":["Streamline","Steam+1","Compile Driver"],"picked":"Singing Bowl","floor":40},{"not_picked":["Barrage","Compile Driver+1"],"picked":"Defragment+1","floor":42},{"not_picked":["Beam Cell+1","Rebound+1"],"picked":"Rainbow+1","floor":46},{"not_picked":["Aggregate+1","Streamline+1"],"picked":"White Noise+1","floor":48},{"not_picked":["Gash","Doom and Gloom"],"picked":"Hologram+1","floor":49}],"player_experience":672336,"relics_obtained":[{"floor":7,"key":"Dream Catcher"},{"floor":8,"key":"Odd Mushroom"},{"floor":9,"key":"War Paint"},{"floor":13,"key":"Toxic Egg 2"},{"floor":21,"key":"Thread and Needle"},{"floor":21,"key":"Singing Bowl"},{"floor":23,"key":"Anchor"},{"floor":26,"key":"Boot"},{"floor":28,"key":"Red Mask"},{"floor":30,"key":"The Courier"},{"floor":37,"key":"Ice Cream"},{"floor":39,"key":"PreservedInsect"},{"floor":40,"key":"Smiling Mask"},{"floor":42,"key":"Pear"},{"floor":43,"key":"Bird Faced Urn"}],"event_choices":[{"cards_removed":["Strike_B"],"damage_healed":0,"gold_gain":0,"player_choice":"Card Removal","damage_taken":7,"max_hp_gain":0,"max_hp_loss":0,"event_name":"Golden Wing","floor":2,"gold_loss":0},{"damage_healed":0,"gold_gain":0,"player_choice":"Entered Light","damage_taken":15,"max_hp_gain":0,"max_hp_loss":0,"event_name":"Shining Light","floor":3,"gold_loss":0,"cards_upgraded":["Defend_B","Zap"]},{"damage_healed":0,"gold_gain":0,"player_choice":"Fought Mushrooms","damage_taken":0,"max_hp_gain":0,"max_hp_loss":0,"event_name":"Mushrooms","floor":8,"gold_loss":0},{"cards_removed":["Strike_B"],"damage_healed":0,"gold_gain":0,"player_choice":"Card Removal","damage_taken":0,"max_hp_gain":0,"max_hp_loss":0,"event_name":"The Cleric","floor":11,"gold_loss":50},{"damage_healed":0,"gold_gain":0,"player_choice":"Fight","damage_taken":0,"max_hp_gain":0,"max_hp_loss":0,"event_name":"Colosseum","floor":21,"gold_loss":0},{"damage_healed":0,"gold_gain":0,"player_choice":"Fought Nobs","damage_taken":0,"max_hp_gain":0,"max_hp_loss":0,"event_name":"Colosseum","floor":21,"gold_loss":0},{"damage_healed":0,"gold_gain":0,"cards_transformed":["Strike_B","Strike_B"],"player_choice":"Became Test Subject","damage_taken":0,"max_hp_gain":0,"max_hp_loss":0,"event_name":"Drug Dealer","floor":22,"gold_loss":0,"cards_obtained":["Rainbow","Steam"]},{"damage_healed":0,"gold_gain":0,"player_choice":"Upgraded","damage_taken":0,"max_hp_gain":0,"max_hp_loss":0,"event_name":"Upgrade Shrine","floor":24,"gold_loss":0,"cards_upgraded":["Defragment"]},{"damage_healed":0,"gold_gain":0,"player_choice":"Fought Bandits","damage_taken":0,"max_hp_gain":0,"max_hp_loss":0,"event_name":"Masked Bandits","floor":28,"gold_loss":0},{"damage_healed":0,"gold_gain":0,"player_choice":"Fight","damage_taken":0,"max_hp_gain":0,"max_hp_loss":0,"event_name":"MindBloom","floor":37,"gold_loss":0},{"damage_healed":0,"gold_gain":222,"player_choice":"Wore Mask","damage_taken":0,"max_hp_gain":0,"max_hp_loss":0,"event_name":"Tomb of Lord Red Mask","floor":38,"gold_loss":0},{"damage_healed":0,"gold_gain":0,"player_choice":"Ignored","damage_taken":0,"max_hp_gain":0,"max_hp_loss":0,"event_name":"The Moai Head","floor":47,"gold_loss":0}],"is_beta":false,"boss_relics":[{"not_picked":["Lizard Tail","FrozenCore"],"picked":"Sozu"},{"not_picked":["Busted Crown","White Beast Statue"],"picked":"Inserter"}],"items_purged_floors":[45],"is_endless":false,"potions_floor_spawned":[1,4,12,14,16,23,27,28,30,33,35,37,42],"ascension_level":9}