{"gold_per_floor":[116,66,83,158,158,158,188,188,188,204,204,204,57,70,70,70],"floor_reached":16,"playtime":641,"items_purged":["Strike_B"],"score":98,"play_id":"9abeea0f-ddc9-4c03-bd72-78a680d20515","local_time":"20180703202304","is_ascension_mode":false,"campfire_choices":[{"data":"Echo Form","floor":6,"key":"SMITH"},{"data":"Redo","floor":8,"key":"SMITH"},{"data":"Scrape","floor":11,"key":"SMITH"},{"data":"Zap","floor":15,"key":"SMITH"}],"neow_cost":"NONE","seed_source_timestamp":566765024466656,"circlet_count":0,"master_deck":["Strike_B","Defend_B+1","Defend_B","Defend_B+1","Defend_B","Zap+1","Dualcast","Echo Form+1","Scrape+1","Go for the Eyes","Redo+1","Reprogram"],"relics":["Cracked Core","Bronze Scales","Bottled Flame"],"potions_floor_usage":[],"damage_taken":[{"damage":12,"enemies":"Small Slimes","floor":1,"turns":3},{"damage":3,"enemies":"2 Louse","floor":3,"turns":3},{"damage":16,"enemies":"Lagavulin","floor":7,"turns":6},{"damage":11,"enemies":"Jaw Worm","floor":10,"turns":3},{"damage":3,"enemies":"3 Louse","floor":14,"turns":3},{"damage":6,"enemies":"The Guardian","floor":16,"turns":2}],"seed_played":"-4937358731161102953","potions_obtained":[{"floor":14,"key":"Weak Potion"}],"is_trial":false,"path_per_floor":["M","?","M","?","?","R","E","R","T","M","R","?","$","M","R"],"character_chosen":"DEFECT","items_purchased":["Reprogram"],"campfire_rested":0,"item_purchase_floors":[13],"current_hp_per_floor":[63,63,60,49,49,49,33,33,33,22,22,7,7,4,4,0],"gold":70,"neow_bonus":"ONE_RANDOM_RARE_CARD","is_prod":false,"is_daily":false,"chose_seed":false,"campfire_upgraded":4,"win_rate":0,"timestamp":1530613384,"path_taken":["M","?","M","?","?","R","E","R","T","?","R","?","?","M","R","BOSS"],"build_version":"2018-06-28","purchased_purges":1,"victory":false,"max_hp_per_floor":[75,75,75,75,75,75,75,75,75,75,75,75,75,75,75,75],"card_choices":[{"not_picked":["Beam Cell","Turbo","Barrage"],"picked":"SKIP","floor":1},{"not_picked":["Gash","Auto Shields"],"picked":"Scrape","floor":3},{"not_picked":["Fission","Sweeping Beam"],"picked":"Redo","floor":7},{"not_picked":["Reinforced Body","Hologram","Turbo"],"picked":"SKIP","floor":10},{"not_picked":["Lockon","Conserve Battery","Stack"],"picked":"SKIP","floor":14}],"player_experience":469749,"relics_obtained":[{"floor":7,"key":"Bronze Scales"},{"floor":9,"key":"Bottled Flame"}],"event_choices":[{"event_name":"The Cleric","player_choice":"Card Removal","floor":2,"damage_taken":0},{"event_name":"World of Goop","player_choice":"Gather Gold","floor":4,"damage_taken":0},{"event_name":"Transmorgrifier","player_choice":"Transform","floor":5,"damage_taken":0},{"event_name":"Shining Light","player_choice":"Entered Light","floor":12,"damage_taken":0}],"boss_relics":[],"items_purged_floors":[13],"is_endless":false,"potions_floor_spawned":[14],"killed_by":"The Guardian","ascension_level":0}