{"gold_per_floor":[114,132,149,149,165,165,199,219,266,266,281,296,296,315,315,391,391,408,420,420,420],"floor_reached":21,"playtime":635,"items_purged":[],"score":370,"play_id":"92fab25f-9ecf-410e-84b4-96152a94af75","local_time":"20181203231105","is_ascension_mode":true,"campfire_choices":[{"data":"Bash","floor":6,"key":"SMITH"},{"data":"Juggernaut","floor":10,"key":"SMITH"},{"data":"Pommel Strike","floor":13,"key":"SMITH"},{"data":"Armaments","floor":15,"key":"SMITH"}],"neow_cost":"NONE","seed_source_timestamp":0,"circlet_count":0,"master_deck":["AscendersBane","Strike_R","Strike_R","Defend_R","Defend_R","Defend_R","Defend_R","Bash+1","Cleave","Inflame","Spot Weakness","Headbutt","Juggernaut+1","Pommel Strike+1","Headbutt","Carnage","Armaments+1","Offering","Rampage+1","Hemokinesis+1","Clash+1","Battle Trance"],"special_seed":0,"relics":["Burning Blood","Strawberry","Smiling Mask","Orichalcum","Astrolabe"],"potions_floor_usage":[5,7,16],"damage_taken":[{"damage":23,"enemies":"Small Slimes","floor":1,"turns":4},{"damage":7,"enemies":"Jaw Worm","floor":2,"turns":3},{"damage":6,"enemies":"Cultist","floor":3,"turns":3},{"damage":7,"enemies":"Gremlin Gang","floor":5,"turns":2},{"damage":30,"enemies":"Gremlin Nob","floor":7,"turns":4},{"damage":12,"enemies":"Large Slime","floor":8,"turns":5},{"damage":8,"enemies":"Red Slaver","floor":11,"turns":3},{"damage":16,"enemies":"Lots of Slimes","floor":12,"turns":3},{"damage":0,"enemies":"Large Slime","floor":14,"turns":3},{"damage":43,"enemies":"The Guardian","floor":16,"turns":11},{"damage":35,"enemies":"Shell Parasite","floor":18,"turns":6},{"damage":26,"enemies":"Chosen","floor":19,"turns":4},{"damage":0,"enemies":"Centurion and Healer","floor":21,"turns":1}],"seed_played":"-3273547997342485338","potions_obtained":[{"floor":2,"key":"Explosive Potion"},{"floor":5,"key":"Ancient Potion"},{"floor":8,"key":"SteroidPotion"},{"floor":12,"key":"Strength Potion"},{"floor":16,"key":"SpeedPotion"},{"floor":19,"key":"Dexterity Potion"}],"is_trial":false,"path_per_floor":["M","M","M","?","M","R","E","M","T","R","M","M","R","M","R","B",null,"M","M","?","M"],"character_chosen":"IRONCLAD","items_purchased":[],"campfire_rested":0,"item_purchase_floors":[],"current_hp_per_floor":[58,57,57,82,81,81,57,51,51,51,49,39,39,45,45,8,64,35,15,15,15],"gold":420,"neow_bonus":"RANDOM_COMMON_RELIC","is_prod":false,"is_daily":false,"chose_seed":false,"campfire_upgraded":4,"win_rate":0,"timestamp":1543907465,"path_taken":["M","M","M","?","M","R","E","M","T","R","M","M","R","M","R","BOSS","M","M","?","M"],"build_version":"2018-11-15","purchased_purges":0,"victory":false,"max_hp_per_floor":[82,82,82,82,82,82,82,82,82,82,82,82,82,82,82,82,82,82,82,82,82],"card_choices":[{"not_picked":["Perfected Strike","Twin Strike"],"picked":"Cleave","floor":1},{"not_picked":["Rampage","Havoc"],"picked":"Inflame","floor":2},{"not_picked":["Clash","Bloodletting"],"picked":"Spot Weakness","floor":3},{"not_picked":["Clash","Bloodletting"],"picked":"Headbutt","floor":5},{"not_picked":["Sword Boomerang","Iron Wave"],"picked":"Juggernaut","floor":7},{"not_picked":["Perfected Strike","Wild Strike"],"picked":"Pommel Strike","floor":8},{"not_picked":["Rampage","Twin Strike"],"picked":"Headbutt","floor":11},{"not_picked":["Inflame","Blood for Blood"],"picked":"Carnage","floor":12},{"not_picked":["True Grit","Twin Strike"],"picked":"Armaments","floor":14},{"not_picked":["Dark Embrace","Bludgeon"],"picked":"Offering","floor":16},{"not_picked":["Anger","Flex","Heavy Blade"],"picked":"SKIP","floor":18},{"not_picked":["Havoc","Anger"],"picked":"Battle Trance","floor":19}],"player_experience":957192,"relics_obtained":[{"floor":7,"key":"Smiling Mask"},{"floor":9,"key":"Orichalcum"}],"event_choices":[{"damage_healed":27,"gold_gain":0,"player_choice":"Banana","damage_taken":0,"max_hp_gain":0,"max_hp_loss":0,"event_name":"Big Fish","floor":4,"gold_loss":0},{"damage_healed":0,"gold_gain":0,"player_choice":"Ignored","damage_taken":0,"max_hp_gain":0,"max_hp_loss":0,"event_name":"Cursed Tome","floor":20,"gold_loss":0}],"is_beta":true,"boss_relics":[{"not_picked":["Empty Cage","Ectoplasm"],"picked":"Astrolabe"}],"items_purged_floors":[],"is_endless":false,"potions_floor_spawned":[2,5,8,12,16,19],"killed_by":"Centurion and Healer","ascension_level":20}