{"gold_per_floor":[109,121,132,132,132,158,158,189,189,139,119,130,143,5,5,108,108,118,133,143,65,65,98,113,113,167,167,199,199,199,199,199,299,299,317,1,15,30,30,30,60,71,71,71,84,96,123,142,142,142],"floor_reached":50,"playtime":5543,"items_purged":[],"score":765,"play_id":"eb94746b-7672-4e78-a27c-028d11069e9e","local_time":"20190128212950","is_ascension_mode":true,"campfire_choices":[{"floor":7.0,"key":"REST"},{"floor":15.0,"key":"REST"},{"data":"Footwork","floor":25.0,"key":"SMITH"},{"data":"Caltrops","floor":27.0,"key":"SMITH"},{"data":"Tools of the Trade","floor":30.0,"key":"SMITH"},{"data":"Backflip","floor":32.0,"key":"SMITH"},{"data":"Footwork","floor":40,"key":"SMITH"},{"floor":44,"key":"REST"},{"data":"Cloak And Dagger","floor":49,"key":"SMITH"}],"neow_cost":"NONE","seed_source_timestamp":0,"circlet_count":0,"master_deck":["Defend_G","Defend_G","Defend_G","Defend_G","Defend_G","Survivor","Neutralize+1","Acrobatics","Backflip+1","Quick Slash","Predator","Slice","Sucker Punch","Slice","Caltrops+1","Doppelganger","Cloak And Dagger+1","Cloak And Dagger+1","Dagger Throw","Bite","Bite","Bite","Bite","Bite","Footwork+1","Endless Agony","Tools of the Trade+1","Footwork+1","Adrenaline","Cloak And Dagger+1","Footwork+1","Prepared","Underhanded Strike","Parasite","Cloak And Dagger+1","Clumsy","Cloak And Dagger","Setup+1"],"special_seed":0,"relics":["Ring of the Snake","Whetstone","Matryoshka","Ginger","Orichalcum","Incense Burner","Pantograph","Meat on the Bone","WristBlade","Smiling Mask","Gremlin Horn","Boot","Letter Opener","Cursed Key","ClockworkSouvenir","Bag of Preparation","Ornamental Fan","Blue Candle"],"potions_floor_usage":[46,50,50,50],"damage_taken":[{"damage":0.0,"enemies":"2 Louse","floor":1.0,"turns":3.0},{"damage":0.0,"enemies":"Small Slimes","floor":2.0,"turns":3.0},{"damage":0.0,"enemies":"Jaw Worm","floor":3.0,"turns":3.0},{"damage":32.0,"enemies":"3 Sentries","floor":6.0,"turns":13.0},{"damage":46.0,"enemies":"Lagavulin","floor":8.0,"turns":10.0},{"damage":0.0,"enemies":"Large Slime","floor":12.0,"turns":5.0},{"damage":4.0,"enemies":"Exordium Thugs","floor":13.0,"turns":4.0},{"damage":59.0,"enemies":"Slime Boss","floor":16.0,"turns":12.0},{"damage":7.0,"enemies":"2 Thieves","floor":18.0,"turns":5.0},{"damage":6.0,"enemies":"Shell Parasite","floor":19.0,"turns":6.0},{"damage":12.0,"enemies":"Snake Plant","floor":20.0,"turns":4.0},{"damage":23.0,"enemies":"Gremlin Leader","floor":23.0,"turns":6.0},{"damage":6.0,"enemies":"Cultist and Chosen","floor":24.0,"turns":7.0},{"damage":29.0,"enemies":"Slavers","floor":28.0,"turns":7.0},{"damage":64.0,"enemies":"Automaton","floor":33.0,"turns":14.0},{"damage":11.0,"enemies":"3 Darklings","floor":35.0,"turns":6.0},{"damage":0,"enemies":"Orb Walker","floor":37,"turns":4},{"damage":15,"enemies":"Maw","floor":38,"turns":9},{"damage":36,"enemies":"Nemesis","floor":41,"turns":7},{"damage":9,"enemies":"Writhing Mass","floor":42,"turns":8},{"damage":0,"enemies":"Jaw Worm Horde","floor":45,"turns":5},{"damage":6,"enemies":"Sphere and 2 Shapes","floor":46,"turns":4},{"damage":37,"enemies":"Reptomancer","floor":47,"turns":6},{"damage":6,"enemies":"3 Darklings","floor":48,"turns":5},{"damage":63,"enemies":"Time Eater","floor":50,"turns":11}],"seed_played":"-1611460448331984721","potions_obtained":[{"floor":2.0,"key":"FearPotion"},{"floor":11.0,"key":"Explosive Potion"},{"floor":13.0,"key":"SteroidPotion"},{"floor":16.0,"key":"Ancient Potion"},{"floor":20.0,"key":"Energy Potion"},{"floor":24.0,"key":"Dexterity Potion"},{"floor":28.0,"key":"AttackPotion"},{"floor":41,"key":"SteroidPotion"},{"floor":47,"key":"SkillPotion"}],"is_trial":false,"path_per_floor":["M","M","M","?","?","E","R","E","T","?","?","M","M","$","R","B",null,"M","M","M","$","?","E","M","R","T","R","E","?","R","$","R","B",null,"M","$","M","M","?","R","E","M","T","R","M","M","E","M","R","B"],"character_chosen":"THE_SILENT","items_purchased":["Dexterity Potion","Explosive Potion","Caltrops","GhostInAJar","ClockworkSouvenir","Fire Potion","Footwork"],"campfire_rested":3,"item_purchase_floors":[14,14,14,21,36,36,36],"current_hp_per_floor":[70,70,70,70,58,26,47,1,1,1,1,13,21,21,42,20,58,51,45,45,45,45,38,42,42,42,42,33,33,33,33,33,19,42,43,43,49,36,36,36,26,31,31,45,49,47,34,40,40,0],"gold":142,"neow_bonus":"RANDOM_COMMON_RELIC","is_prod":false,"is_daily":false,"chose_seed":false,"campfire_upgraded":6,"win_rate":0,"timestamp":1548707390,"path_taken":["M","M","M","?","?","E","R","E","T","?","?","?","M","$","R","BOSS","M","M","?","$","?","E","M","R","T","R","E","?","R","$","R","BOSS","M","$","?","M","?","R","E","M","T","R","M","M","E","M","R","BOSS"],"build_version":"2019-01-23","purchased_purges":0,"victory":false,"max_hp_per_floor":[70,70,70,70,70,70,70,70,70,70,70,70,70,70,70,70,70,70,70,70,70,49,49,49,49,49,49,49,49,49,49,49,49,49,49,49,49,49,49,49,49,49,49,49,49,49,49,49,49,49],"card_choices":[{"not_picked":["Dagger Spray","Dodge and Roll"],"picked":"Acrobatics","floor":1.0},{"not_picked":["Distraction","Phantasmal Killer"],"picked":"Backflip","floor":2.0},{"not_picked":["Setup","Blade Dance"],"picked":"Quick Slash","floor":3.0},{"not_picked":["Dodge and Roll","Skewer"],"picked":"Predator","floor":6.0},{"not_picked":["Outmaneuver","Noxious Fumes"],"picked":"Slice","floor":8.0},{"not_picked":["Flechettes","Acrobatics"],"picked":"Sucker Punch","floor":12.0},{"not_picked":["Setup","Outmaneuver"],"picked":"Slice","floor":13.0},{"not_picked":["Grand Finale","Malaise"],"picked":"Doppelganger","floor":16.0},{"not_picked":["Accuracy","Backflip"],"picked":"Cloak And Dagger","floor":18.0},{"not_picked":["Dodge and Roll+1","Crippling Poison+1"],"picked":"Cloak And Dagger+1","floor":19.0},{"not_picked":["Bane","Reflex"],"picked":"Dagger Throw","floor":20.0},{"not_picked":["Eviscerate","Poisoned Stab"],"picked":"Footwork","floor":23.0},{"not_picked":["Outmaneuver","Underhanded Strike"],"picked":"Endless Agony","floor":24.0},{"not_picked":["Quick Slash","Distraction+1"],"picked":"Tools of the Trade","floor":28.0},{"not_picked":["Doppelganger","Grand Finale"],"picked":"Adrenaline","floor":33.0},{"not_picked":["Riddle With Holes+1","Blade Dance"],"picked":"Cloak And Dagger+1","floor":35.0},{"not_picked":["Outmaneuver","Backflip"],"picked":"Prepared","floor":37},{"not_picked":["Setup","Bane+1","Outmaneuver+1"],"picked":"SKIP","floor":38},{"not_picked":["Escape Plan","Infinite Blades"],"picked":"Underhanded Strike","floor":41},{"not_picked":["Poisoned Stab","Slice"],"picked":"Cloak And Dagger+1","floor":42},{"not_picked":["Doppelganger","Skewer"],"picked":"Cloak And Dagger","floor":45},{"not_picked":["Concentrate+1","Eviscerate","Predator"],"picked":"SKIP","floor":46},{"not_picked":["A Thousand Cuts","All Out Attack","Dagger Spray+1"],"picked":"SKIP","floor":47},{"not_picked":["Expertise+1","Flying Knee+1"],"picked":"Setup+1","floor":48}],"player_experience":400862,"relics_obtained":[{"floor":6.0,"key":"Orichalcum"},{"floor":8.0,"key":"Incense Burner"},{"floor":9.0,"key":"Pantograph"},{"floor":9.0,"key":"Meat on the Bone"},{"floor":23.0,"key":"Smiling Mask"},{"floor":26.0,"key":"Gremlin Horn"},{"floor":26.0,"key":"Boot"},{"floor":28.0,"key":"Letter Opener"},{"floor":41,"key":"Bag of Preparation"},{"floor":43,"key":"Ornamental Fan"},{"floor":47,"key":"Blue Candle"}],"event_choices":[{"damage_healed":0.0,"max_hp_gain":0.0,"max_hp_loss":0.0,"gold_gain":0.0,"event_name":"Big Fish","player_choice":"Box","floor":4.0,"gold_loss":0.0,"damage_taken":0.0,"relics_obtained":["Matryoshka"],"cards_obtained":["Regret"]},{"damage_healed":0.0,"max_hp_gain":0.0,"max_hp_loss":0.0,"gold_gain":0.0,"event_name":"Scrap Ooze","player_choice":"Success","floor":5.0,"gold_loss":0.0,"damage_taken":12.0,"relics_obtained":["Ginger"]},{"cards_removed":["Regret"],"damage_healed":0.0,"max_hp_gain":0.0,"max_hp_loss":0.0,"gold_gain":0.0,"event_name":"The Cleric","player_choice":"Card Removal","floor":10.0,"gold_loss":50.0,"damage_taken":0.0},{"damage_healed":0.0,"max_hp_gain":0.0,"max_hp_loss":0.0,"gold_gain":0.0,"event_name":"The Woman in Blue","player_choice":"Bought 1 Potion","floor":11.0,"gold_loss":0.0,"damage_taken":0.0},{"damage_healed":0.0,"max_hp_gain":0.0,"max_hp_loss":21.0,"gold_gain":0.0,"event_name":"Vampires","player_choice":"Became a vampire","floor":22.0,"gold_loss":0.0,"damage_taken":0.0,"cards_obtained":["Bite","Bite","Bite","Bite","Bite"]},{"damage_healed":0.0,"max_hp_gain":0.0,"max_hp_loss":0.0,"gold_gain":0.0,"event_name":"Duplicator","player_choice":"Copied","floor":29.0,"gold_loss":0.0,"damage_taken":0.0,"cards_obtained":["Footwork"]},{"damage_healed":0,"gold_gain":0,"player_choice":"Ignored","damage_taken":0,"max_hp_gain":0,"max_hp_loss":0,"event_name":"Purifier","floor":39,"gold_loss":0}],"is_beta":false,"boss_relics":[{"not_picked":["Fusion Hammer","Sozu"],"picked":"WristBlade"},{"not_picked":["Eternal Feather","Coffee Dripper"],"picked":"Cursed Key"}],"items_purged_floors":[],"is_endless":false,"potions_floor_spawned":[2,13,16,20,24,28,41,45,47,48],"killed_by":"Time Eater","ascension_level":5}