{"gold_per_floor":[115,115,115,126,126,126,151,151,151,185,197,213,179,199,199,199],"floor_reached":16,"playtime":748,"items_purged":[],"score":223,"play_id":"111ee63a-a842-4543-adab-ceaaf5be85c0","local_time":"20181118081936","is_ascension_mode":true,"campfire_choices":[{"data":"Mind Blast","floor":6,"key":"SMITH"},{"data":"Chaos","floor":15,"key":"SMITH"}],"neow_cost":"NONE","seed_source_timestamp":19174476627202,"circlet_count":0,"master_deck":["AscendersBane","Strike_B","Strike_B","Strike_B","Defend_B","Defend_B","Defend_B","Defend_B","Zap","Dualcast","Conserve Battery","Rip and Tear","Mind Blast+1","Coolheaded","Defragment","Rip and Tear+1","Chaos+1","Consume","Go for the Eyes+1"],"relics":["Cracked Core","NeowsBlessing","Ornamental Fan","Boot","Molten Egg 2","Pantograph"],"potions_floor_usage":[14],"damage_taken":[{"damage":0,"enemies":"Jaw Worm","floor":1,"turns":1},{"damage":0,"enemies":"2 Louse","floor":4,"turns":1},{"damage":0,"enemies":"Lagavulin","floor":7,"turns":1},{"damage":30,"enemies":"3 Sentries","floor":10,"turns":7},{"damage":1,"enemies":"Cultist","floor":11,"turns":4},{"damage":3,"enemies":"3 Louse","floor":12,"turns":2},{"damage":19,"enemies":"Exordium Thugs","floor":14,"turns":2},{"damage":44,"enemies":"Hexaghost","floor":16,"turns":11}],"seed_played":"-6801972440655647155","potions_obtained":[{"floor":4,"key":"Strength Potion"},{"floor":10,"key":"Strength Potion"}],"is_trial":false,"path_per_floor":["M","?","?","M","?","R","E","$","T","E","M","M","$","M","R","B"],"character_chosen":"DEFECT","items_purchased":["Consume"],"campfire_rested":0,"item_purchase_floors":[13],"current_hp_per_floor":[68,68,68,68,68,68,68,68,68,38,37,34,34,15,15,0],"gold":199,"neow_bonus":"THREE_ENEMY_KILL","is_prod":false,"is_daily":false,"chose_seed":false,"campfire_upgraded":2,"win_rate":0,"timestamp":1542489576,"path_taken":["M","?","?","?","?","R","E","?","T","E","M","?","$","M","R","BOSS"],"build_version":"2018-11-15","purchased_purges":0,"victory":false,"max_hp_per_floor":[75,75,75,75,75,75,75,75,75,75,75,75,75,75,75,75],"card_choices":[{"not_picked":["Steam","Streamline"],"picked":"Conserve Battery","floor":1},{"not_picked":["Beam Cell","Stack"],"picked":"Coolheaded","floor":4},{"not_picked":["Turbo","Storm","Gash"],"picked":"SKIP","floor":7},{"not_picked":["Hologram","Chaos"],"picked":"Defragment","floor":10},{"not_picked":["Reprogram","Static Discharge"],"picked":"Rip and Tear+1","floor":11},{"not_picked":["Leap","Double Energy"],"picked":"Chaos","floor":12},{"not_picked":["Steam Power","Redo"],"picked":"Go for the Eyes+1","floor":14}],"player_experience":846315,"relics_obtained":[{"floor":7,"key":"Boot"},{"floor":9,"key":"Molten Egg 2"},{"floor":10,"key":"Pantograph"}],"event_choices":[{"damage_healed":0,"gold_gain":0,"cards_transformed":["Strike_B"],"player_choice":"Change","damage_taken":0,"max_hp_gain":0,"max_hp_loss":0,"event_name":"Living Wall","floor":2,"gold_loss":0,"cards_obtained":["Rip and Tear"]},{"damage_healed":0,"gold_gain":0,"player_choice":"1 cards matched","damage_taken":0,"max_hp_gain":0,"max_hp_loss":0,"event_name":"Match and Keep!","floor":3,"gold_loss":0,"cards_obtained":["Mind Blast"]},{"damage_healed":0,"gold_gain":0,"player_choice":"Gave Potion","damage_taken":0,"relics_obtained":["Ornamental Fan"],"max_hp_gain":0,"max_hp_loss":0,"event_name":"WeMeetAgain","floor":5,"gold_loss":0}],"is_beta":true,"boss_relics":[],"items_purged_floors":[],"is_endless":false,"potions_floor_spawned":[4,10],"killed_by":"Hexaghost","ascension_level":13}