{"gold_per_floor":[116,134,209,225,125,158,158,186,212,212,232,232,246,256,256,353,353,336,336,353,353,353,353,353],"floor_reached":24,"playtime":874,"items_purged":["Strike_R"],"score":247,"play_id":"d713f3a4-028b-4280-8425-c7353b9b2a6d","local_time":"20190202022446","is_ascension_mode":true,"campfire_choices":[{"floor":7,"key":"REST"},{"data":"Armaments","floor":10,"key":"SMITH"},{"data":"Seeing Red","floor":12,"key":"SMITH"},{"data":"Reckless Charge","floor":15,"key":"SMITH"},{"data":"True Grit","floor":23,"key":"SMITH"}],"neow_cost":"NONE","seed_source_timestamp":1928521221394381,"circlet_count":0,"master_deck":["Strike_R","Defend_R","Defend_R+1","Defend_R","Defend_R+1","Bash+1","Reckless Charge+1","Sentinel","Armaments+1","Seeing Red+1","Feel No Pain","Battle Trance","Demon Form","Havoc+1","Brutality+1","Searing Blow+1","True Grit+1"],"relics":["Burning Blood","Red Skull","War Paint","Happy Flower","Astrolabe","Juzu Bracelet"],"potions_floor_usage":[8,8,16,24],"damage_taken":[{"damage":6,"enemies":"Cultist","floor":1,"turns":3},{"damage":7,"enemies":"Jaw Worm","floor":2,"turns":2},{"damage":4,"enemies":"2 Louse","floor":4,"turns":2},{"damage":64,"enemies":"Gremlin Nob","floor":6,"turns":7},{"damage":15,"enemies":"3 Sentries","floor":8,"turns":5},{"damage":4,"enemies":"Exordium Thugs","floor":11,"turns":3},{"damage":0,"enemies":"Red Slaver","floor":13,"turns":3},{"damage":0,"enemies":"Blue Slaver","floor":14,"turns":3},{"damage":31,"enemies":"Slime Boss","floor":16,"turns":13},{"damage":26,"enemies":"2 Thieves","floor":18,"turns":4},{"damage":3,"enemies":"Shell Parasite","floor":20,"turns":5},{"damage":48,"enemies":"Book of Stabbing","floor":24,"turns":7}],"seed_played":"-3097561713180052638","potions_obtained":[{"floor":4,"key":"Explosive Potion"},{"floor":6,"key":"SkillPotion"},{"floor":11,"key":"Dexterity Potion"},{"floor":14,"key":"Fire Potion"},{"floor":16,"key":"SpeedPotion"},{"floor":18,"key":"Energy Potion"}],"is_trial":false,"path_per_floor":["M","M","?","M","$","E","R","E","T","R","M","R","M","M","R","B",null,"M","?","M","T","?","R","E"],"character_chosen":"IRONCLAD","items_purchased":["Armaments"],"campfire_rested":1,"item_purchase_floors":[5],"current_hp_per_floor":[80,79,71,73,73,15,39,30,30,30,32,32,38,44,44,19,80,60,44,47,47,47,47,0],"gold":353,"neow_bonus":"UPGRADE_CARD","is_prod":false,"is_daily":false,"chose_seed":false,"campfire_upgraded":4,"win_rate":0,"timestamp":1549041886,"path_taken":["M","?","?","M","$","E","R","E","T","R","M","R","?","M","R","BOSS","M","?","M","?","?","R","E"],"build_version":"2019-01-23","purchased_purges":1,"victory":false,"max_hp_per_floor":[80,80,80,80,80,80,80,80,80,80,80,80,80,80,80,80,80,80,80,80,80,80,80,80],"card_choices":[{"not_picked":["Headbutt","Burning Pact"],"picked":"Reckless Charge","floor":1},{"not_picked":["Wild Strike","Blood for Blood"],"picked":"Sentinel","floor":2},{"not_picked":["Heavy Blade","Cleave","Blood for Blood"],"picked":"SKIP","floor":4},{"not_picked":["Cleave","Rupture","Wild Strike"],"picked":"SKIP","floor":6},{"not_picked":["Corruption","Twin Strike"],"picked":"Seeing Red","floor":8},{"not_picked":["Twin Strike","Iron Wave"],"picked":"Feel No Pain","floor":11},{"not_picked":["Corruption","Clothesline","Flex"],"picked":"SKIP","floor":13},{"not_picked":["Flex","Havoc"],"picked":"Battle Trance","floor":14},{"not_picked":["Double Tap","Brutality"],"picked":"Demon Form","floor":16},{"not_picked":["Armaments","Shrug It Off"],"picked":"True Grit","floor":18},{"not_picked":["Clash","Anger","Thunderclap+1"],"picked":"SKIP","floor":20}],"player_experience":776291,"relics_obtained":[{"floor":6,"key":"Red Skull"},{"floor":8,"key":"War Paint"},{"floor":9,"key":"Happy Flower"},{"floor":21,"key":"Juzu Bracelet"}],"event_choices":[{"damage_healed":0,"gold_gain":75,"player_choice":"Touch","damage_taken":8,"max_hp_gain":0,"max_hp_loss":0,"event_name":"FaceTrader","floor":3,"gold_loss":0},{"damage_healed":0,"gold_gain":0,"player_choice":"Obtained Book","damage_taken":16,"max_hp_gain":0,"max_hp_loss":0,"event_name":"Cursed Tome","floor":19,"gold_loss":0},{"damage_healed":0,"gold_gain":0,"player_choice":"Ignored","damage_taken":0,"max_hp_gain":0,"max_hp_loss":0,"event_name":"Ghosts","floor":22,"gold_loss":0}],"is_beta":false,"boss_relics":[{"not_picked":["Black Star","Tiny House"],"picked":"Astrolabe"}],"items_purged_floors":[5],"is_endless":false,"potions_floor_spawned":[4,6,11,14,16,18],"killed_by":"Book of Stabbing","ascension_level":4}