{"gold_per_floor":[109,121,71,71,81,81,111,111,135,162,162,193,210,20,20,123,123,136,155,70,70,89,89,114,114,114,144,144],"floor_reached":28,"playtime":888,"items_purged":[],"score":288,"play_id":"6903fbbc-5490-45b2-a269-92862e072a71","local_time":"20180827235315","is_ascension_mode":true,"campfire_choices":[{"data":"Zap","floor":6,"key":"SMITH"},{"data":"Hyperbeam","floor":8,"key":"SMITH"},{"floor":11,"key":"REST"},{"floor":15,"key":"REST"},{"floor":23,"key":"REST"},{"floor":25,"key":"REST"}],"neow_cost":"NONE","seed_source_timestamp":14294722841778,"circlet_count":0,"master_deck":["Strike_B","Strike_B+1","Strike_B+1","Strike_B+1","Defend_B","Defend_B","Defend_B","Zap+1","Dualcast","Hologram","Sweeping Beam","Gash+1","Hyperbeam+1","Beam Cell","Genetic Algorithm","Cold Snap","Metamorphosis","Biased Cognition","Steam Power","Gash","RitualDagger","Defragment","Defragment+1","White Noise"],"relics":["Cracked Core","Bronze Scales","Strawberry","Whetstone","Letter Opener","Symbiotic Virus","Black Star","The Courier","Du-Vu Doll","Emotion Chip","Ginger","Pantograph","Cables"],"potions_floor_usage":[7,10,16,18],"damage_taken":[{"damage":0,"enemies":"Jaw Worm","floor":1,"turns":4},{"damage":0,"enemies":"Small Slimes","floor":2,"turns":2},{"damage":2,"enemies":"2 Louse","floor":5,"turns":2},{"damage":8,"enemies":"Gremlin Nob","floor":7,"turns":3},{"damage":9,"enemies":"3 Sentries","floor":10,"turns":2},{"damage":26,"enemies":"Lagavulin","floor":12,"turns":5},{"damage":0,"enemies":"Large Slime","floor":13,"turns":2},{"damage":35,"enemies":"Hexaghost","floor":16,"turns":5},{"damage":25,"enemies":"2 Thieves","floor":18,"turns":3},{"damage":3,"enemies":"Chosen","floor":19,"turns":3},{"damage":7,"enemies":"Snake Plant","floor":22,"turns":3},{"damage":25,"enemies":"Book of Stabbing","floor":24,"turns":5},{"damage":41,"enemies":"Gremlin Leader","floor":27,"turns":5},{"damage":27,"enemies":"Sentry and Sphere","floor":28,"turns":3}],"seed_played":"6788035656530504059","potions_obtained":[{"floor":1,"key":"Swift Potion"},{"floor":2,"key":"FocusPotion"},{"floor":7,"key":"Fire Potion"},{"floor":16,"key":"Swift Potion"},{"floor":18,"key":"FearPotion"}],"is_trial":false,"path_per_floor":["M","M","?","?","M","R","E","R","T","E","R","E","M","$","R","B",null,"M","M","?","?","M","R","E","R","T","E"],"character_chosen":"DEFECT","items_purchased":["Metamorphosis"],"campfire_rested":4,"item_purchase_floors":[14],"current_hp_per_floor":[75,75,75,60,58,58,57,57,57,48,72,46,46,46,70,35,82,57,54,54,48,41,65,40,64,64,23,0],"gold":144,"neow_bonus":"RANDOM_COMMON_RELIC","is_prod":false,"is_daily":false,"chose_seed":false,"campfire_upgraded":2,"win_rate":0,"timestamp":1535406795,"path_taken":["M","M","?","?","M","R","E","R","T","E","R","E","M","?","R","BOSS","M","M","?","?","?","R","E","R","T","E","M"],"build_version":"2018-08-23v2","purchased_purges":0,"victory":false,"max_hp_per_floor":[75,75,75,75,75,75,82,82,82,82,82,82,82,82,82,82,82,82,82,82,82,82,82,82,82,82,82,82],"card_choices":[{"not_picked":["Lockon","Sweeping Beam"],"picked":"Hologram","floor":1},{"not_picked":["Aggregate","Auto Shields"],"picked":"Sweeping Beam","floor":2},{"not_picked":["Barrage","Static Discharge"],"picked":"Gash","floor":5},{"not_picked":["Blizzard","Chaos"],"picked":"Hyperbeam","floor":7},{"not_picked":["Go for the Eyes","Streamline"],"picked":"Beam Cell","floor":10},{"not_picked":["Leap","Recycle"],"picked":"Genetic Algorithm","floor":12},{"not_picked":["Sweeping Beam","Streamline"],"picked":"Cold Snap","floor":13},{"not_picked":["Hyperbeam","Fission"],"picked":"Biased Cognition","floor":16},{"not_picked":["Reinforced Body","Reprogram"],"picked":"Steam Power","floor":18},{"not_picked":["Redo","Static Discharge"],"picked":"Gash","floor":19},{"not_picked":["Steam","Cold Snap+1"],"picked":"Defragment","floor":22},{"not_picked":["Cold Snap+1","Coolheaded"],"picked":"Defragment+1","floor":24},{"not_picked":["Tempest","Compile Driver+1"],"picked":"White Noise","floor":27}],"player_experience":71223,"relics_obtained":[{"floor":7,"key":"Strawberry"},{"floor":9,"key":"Whetstone"},{"floor":10,"key":"Letter Opener"},{"floor":12,"key":"Symbiotic Virus"},{"floor":24,"key":"Du-Vu Doll"},{"floor":24,"key":"Emotion Chip"},{"floor":26,"key":"Ginger"},{"floor":27,"key":"Pantograph"},{"floor":27,"key":"Cables"}],"event_choices":[{"event_name":"The Cleric","player_choice":"Card Removal","floor":3,"damage_taken":0},{"event_name":"Shining Light","player_choice":"Entered Light","floor":4,"damage_taken":0},{"event_name":"Addict","player_choice":"Obtained Relic","floor":20,"damage_taken":0},{"event_name":"Nest","player_choice":"Joined the Cult","floor":21,"damage_taken":0}],"is_beta":true,"boss_relics":[{"not_picked":["Orrery","Snecko Eye"],"picked":"Black Star"}],"items_purged_floors":[],"is_endless":false,"potions_floor_spawned":[1,2,7,16,18],"killed_by":"Sentry and Sphere","ascension_level":1}