{"path_per_floor":["M","?","M","?","M","R","E","M","T","E","M","T","M"],"character_chosen":"IRONCLAD","items_purchased":[],"gold_per_floor":[114,114,129,129,141,141,169,184,184,215,231,281,299,299],"floor_reached":14,"campfire_rested":0,"playtime":349,"current_hp_per_floor":[78,78,78,60,55,55,31,29,29,16,9,9,15,0],"items_purged":[],"gold":299,"score":107,"play_id":"a43633a6-36ad-40bc-816a-168e617f0ecd","local_time":"20180410125550","is_prod":false,"is_daily":false,"is_ascension_mode":true,"campfire_upgraded":1,"timestamp":1523328950,"path_taken":["M","?","?","?","M","R","E","M","T","E","M","?","M","M"],"build_version":"2018-04-05v2","purchased_purges":0,"victory":false,"master_deck":["Strike_R+1","Strike_R","Strike_R","Strike_R","Strike_R","Defend_R","Defend_R","Defend_R","Defend_R","Bash","Thunderclap","Battle Trance+1","Thunderclap","Burning Pact","Cleave+1","Fire Breathing","Dropkick","Pummel"],"max_hp_per_floor":[80,80,80,80,80,80,80,80,80,80,80,80,80,80],"relics":["Burning Blood","Gambling Chip","Bag of Preparation","Toolbox","Juzu Bracelet","Whetstone"],"card_choices":[{"not_picked":["Cleave","Armaments"],"picked":"Thunderclap","floor":1},{"not_picked":["Shrug It Off","Disarm"],"picked":"Battle Trance","floor":3},{"not_picked":["Rampage","Iron Wave"],"picked":"Thunderclap","floor":5},{"not_picked":["Clash","Body Slam"],"picked":"Burning Pact","floor":7},{"not_picked":["Brutality","Hemokinesis"],"picked":"Cleave","floor":8},{"not_picked":["Entrench","Seeing Red"],"picked":"Fire Breathing","floor":10},{"not_picked":["Intimidate","Perfected Strike"],"picked":"Dropkick","floor":11},{"not_picked":["Heavy Blade","Body Slam"],"picked":"Pummel","floor":13}],"player_experience":272482,"potions_floor_usage":[10,10],"damage_taken":[{"damage":8,"enemies":"2 Louse","floor":1,"turns":3},{"damage":6,"enemies":"Cultist","floor":3,"turns":3},{"damage":11,"enemies":"Jaw Worm","floor":5,"turns":2},{"damage":30,"enemies":"Gremlin Nob","floor":7,"turns":4},{"damage":8,"enemies":"Lots of Slimes","floor":8,"turns":2},{"damage":19,"enemies":"Lagavulin","floor":10,"turns":5},{"damage":13,"enemies":"Large Slime","floor":11,"turns":4},{"damage":0,"enemies":"2 Fungi Beasts","floor":13,"turns":4},{"damage":19,"enemies":"Blue Slaver","floor":14,"turns":2}],"event_choices":[{"event_name":"The Lab","player_choice":"Got Potions","floor":2,"damage_taken":0},{"event_name":"Scrap Ooze","player_choice":"success","floor":4,"damage_taken":18}],"boss_relics":[],"potions_floor_spawned":[7,8,11],"seed_played":"-7696767379968574738","killed_by":"Blue Slaver","ascension_level":1,"is_trial":false}