{"gold_per_floor":[117,67,67,83,159,159,216,216,216,216,216,216,226,31,31,127,127,147,165,165,177,189],"floor_reached":22,"playtime":580,"items_purged":[],"score":288,"play_id":"0d68fdae-ba9c-4978-b346-c7816e96909f","local_time":"20181215083127","is_ascension_mode":true,"campfire_choices":[{"data":"Zap","floor":6,"key":"SMITH"},{"floor":11,"key":"REST"},{"data":"Biased Cognition","floor":12,"key":"SMITH"},{"data":"Dualcast","floor":15,"key":"SMITH"}],"neow_cost":"NONE","seed_source_timestamp":33667159455037,"circlet_count":0,"master_deck":["AscendersBane","Strike_B","Strike_B","Strike_B","Defend_B","Defend_B","Defend_B","Defend_B","Zap+1","Dualcast+1","Biased Cognition+1","Gash","Hologram","All For One","Sunder","Hologram","Thunder Strike","Reinforced Body","Capacitor","Writhe"],"relics":["Cracked Core","The Courier","Tiny Chest","Dead Branch","WingedGreaves","Strange Spoon","Inserter","MawBank","Pear"],"potions_floor_usage":[],"damage_taken":[{"damage":0,"enemies":"2 Louse","floor":1,"turns":2},{"damage":2,"enemies":"Jaw Worm","floor":4,"turns":3},{"damage":28,"enemies":"Gremlin Nob","floor":7,"turns":4},{"damage":1,"enemies":"Cultist","floor":13,"turns":3},{"damage":16,"enemies":"Hexaghost","floor":16,"turns":7},{"damage":24,"enemies":"3 Byrds","floor":18,"turns":3},{"damage":15,"enemies":"Spheric Guardian","floor":19,"turns":4},{"damage":48,"enemies":"Cultist and Chosen","floor":22,"turns":4}],"seed_played":"-2524120121065534712","potions_obtained":[{"floor":7,"key":"SteroidPotion"},{"floor":13,"key":"SmokeBomb"}],"is_trial":false,"path_per_floor":["M","?","T","M","T","R","E","?","T","?","R","R","M","$","R","B",null,"M","M","?","T","M"],"character_chosen":"DEFECT","items_purchased":["Strange Spoon","Hologram"],"campfire_rested":1,"item_purchase_floors":[14,14],"current_hp_per_floor":[68,68,68,66,66,66,38,26,26,26,48,48,47,47,47,31,64,40,25,25,35,0],"gold":189,"neow_bonus":"ONE_RANDOM_RARE_CARD","is_prod":false,"is_daily":false,"chose_seed":false,"campfire_upgraded":3,"win_rate":0,"timestamp":1544887887,"path_taken":["M","?","?","?","?","R","E","?","T","?","R","R","M","$","R","BOSS","M","M","?","?","M"],"build_version":"2018-12-13","purchased_purges":0,"victory":false,"max_hp_per_floor":[75,75,75,75,75,75,75,75,75,75,75,75,75,75,75,75,75,75,75,75,85,85],"card_choices":[{"not_picked":["Compile Driver","Barrage"],"picked":"Gash","floor":1},{"not_picked":["Compile Driver","Stack"],"picked":"Hologram","floor":4},{"not_picked":["Storm","Beam Cell"],"picked":"All For One","floor":7},{"not_picked":["Steam","Hello World"],"picked":"Sunder","floor":13},{"not_picked":["Machine Learning","All For One"],"picked":"Thunder Strike","floor":16},{"not_picked":["Steam Power","Aggregate"],"picked":"Reinforced Body","floor":18},{"not_picked":["Heatsinks+1","Barrage"],"picked":"Capacitor","floor":19}],"player_experience":699739,"relics_obtained":[{"floor":3,"key":"The Courier"},{"floor":7,"key":"Tiny Chest"},{"floor":9,"key":"WingedGreaves"},{"floor":21,"key":"Pear"}],"event_choices":[{"cards_removed":["Strike_B"],"damage_healed":0,"gold_gain":0,"player_choice":"Card Removal","damage_taken":0,"max_hp_gain":0,"max_hp_loss":0,"event_name":"The Cleric","floor":2,"gold_loss":50},{"damage_healed":0,"gold_gain":0,"player_choice":"Success","damage_taken":12,"relics_obtained":["Dead Branch"],"max_hp_gain":0,"max_hp_loss":0,"event_name":"Scrap Ooze","floor":8,"gold_loss":0},{"damage_healed":0,"gold_gain":0,"player_choice":"Ignored","damage_taken":0,"max_hp_gain":0,"max_hp_loss":0,"event_name":"Shining Light","floor":10,"gold_loss":0},{"damage_healed":0,"gold_gain":0,"player_choice":"Opened","damage_taken":0,"relics_obtained":["MawBank"],"max_hp_gain":0,"max_hp_loss":0,"event_name":"The Mausoleum","floor":20,"gold_loss":0,"cards_obtained":["Writhe"]}],"is_beta":false,"boss_relics":[{"not_picked":["Runic Dome","Busted Crown"],"picked":"Inserter"}],"items_purged_floors":[],"is_endless":false,"potions_floor_spawned":[7,13,19],"killed_by":"Cultist and Chosen","ascension_level":12}