{"gold_per_floor":[211,211,230,84,96,130,130,62,62,62,97,115,148,168,168,269,269,286,286,319,319,69,69,104,104,104,132,132,232,11,30,30,127,127,138,238,238,138,156,156,156,156,156,175,175,192,210,239,239,239],"floor_reached":51,"playtime":2485,"items_purged":["Strike_B","Defend_B"],"score":865,"play_id":"d2f3b37b-a00f-43a9-91a5-6a49cf1a7231","local_time":"20190121081952","is_ascension_mode":true,"campfire_choices":[{"data":"Lockon","floor":7,"key":"SMITH"},{"data":"Zap","floor":10,"key":"SMITH"},{"floor":15,"key":"REST"},{"data":"Coolheaded","floor":23,"key":"SMITH"},{"floor":25,"key":"REST"},{"data":"Go for the Eyes","floor":28,"key":"SMITH"},{"data":"Creative AI","floor":32,"key":"SMITH"},{"data":"Doom and Gloom","floor":40,"key":"PURGE"},{"data":"Lockon+1","floor":42,"key":"PURGE"},{"data":"Defend_B","floor":45,"key":"PURGE"},{"floor":49,"key":"REST"}],"neow_cost":"NONE","seed_source_timestamp":178162272493038,"circlet_count":0,"master_deck":["Defend_B","Defend_B","Zap+1","Dualcast","Go for the Eyes+1","Gash","Core Surge","Rainbow","Loop","Gash","Electrodynamics","Force Field+1","Chaos+1","Machine Learning+1","Coolheaded+1","Gash","Gash","Gash","Coolheaded+1","Creative AI+1","Conserve Battery+1","All For One","Force Field+1","Darkness+1","Capacitor+1"],"relics":["Cracked Core","Vajra","Lantern","Sundial","Question Card","WingedGreaves","Astrolabe","Red Mask","Lee\u0027s Waffle","Boot","Pear","FossilizedHelix","Peace Pipe","Darkstone Periapt","DataDisk","Sozu","Gambling Chip","Ice Cream","Meat on the Bone","Ancient Tea Set"],"potions_floor_usage":[6,11,14,16,24,27,29,33,33,33,33],"damage_taken":[{"damage":3,"enemies":"2 Louse","floor":1,"turns":3},{"damage":1,"enemies":"Cultist","floor":3,"turns":3},{"damage":2,"enemies":"Small Slimes","floor":5,"turns":3},{"damage":16,"enemies":"Gremlin Nob","floor":6,"turns":3},{"damage":14,"enemies":"Lagavulin","floor":11,"turns":4},{"damage":5,"enemies":"3 Louse","floor":12,"turns":3},{"damage":14,"enemies":"3 Sentries","floor":13,"turns":4},{"damage":5,"enemies":"Looter","floor":14,"turns":3},{"damage":33,"enemies":"The Guardian","floor":16,"turns":7},{"damage":14,"enemies":"Shell Parasite","floor":18,"turns":4},{"damage":21,"enemies":"Masked Bandits","floor":20,"turns":3},{"damage":49,"enemies":"Slavers","floor":24,"turns":4},{"damage":10,"enemies":"Gremlin Leader","floor":27,"turns":4},{"damage":0,"enemies":"Colosseum Slavers","floor":29,"turns":2},{"damage":36,"enemies":"Colosseum Nobs","floor":29,"turns":4},{"damage":0,"enemies":"2 Thieves","floor":31,"turns":3},{"damage":0,"enemies":"Collector","floor":33,"turns":7},{"damage":0,"enemies":"Orb Walker","floor":35,"turns":4},{"damage":0,"enemies":"Mind Bloom Boss Battle","floor":36,"turns":4},{"damage":8,"enemies":"3 Darklings","floor":39,"turns":5},{"damage":0,"enemies":"Jaw Worm Horde","floor":44,"turns":4},{"damage":11,"enemies":"Spire Growth","floor":46,"turns":4},{"damage":11,"enemies":"4 Shapes","floor":47,"turns":3},{"damage":15,"enemies":"Nemesis","floor":48,"turns":5},{"damage":28,"enemies":"Awakened One","floor":50,"turns":7}],"seed_played":"4285152529731993637","potions_obtained":[{"floor":1,"key":"PowerPotion"},{"floor":6,"key":"Block Potion"},{"floor":11,"key":"Regen Potion"},{"floor":13,"key":"Explosive Potion"},{"floor":16,"key":"Strength Potion"},{"floor":20,"key":"PowerPotion"},{"floor":24,"key":"Explosive Potion"},{"floor":29,"key":"Fire Potion"},{"floor":31,"key":"EntropicBrew"}],"is_trial":false,"path_per_floor":["M","?","M","$","M","E","R","$","T","R","E","M","E","M","R","B",null,"M","?","?","?","$","R","E","R","T","E","R","?","$","M","R","B",null,"M","?","T","$","M","R","?","R","T","M","R","M","M","E","R","B",null],"character_chosen":"DEFECT","items_purchased":["Vajra","Core Surge","Gash","Lee\u0027s Waffle","DataDisk"],"campfire_rested":3,"item_purchase_floors":[4,8,22,22,30],"current_hp_per_floor":[72,65,64,64,62,46,46,46,46,46,32,27,13,17,39,6,75,61,61,40,40,82,82,33,57,67,57,57,21,21,21,21,21,92,92,92,92,92,84,84,84,84,84,84,84,73,62,47,74,58],"gold":239,"neow_bonus":"HUNDRED_GOLD","is_prod":false,"is_daily":false,"chose_seed":false,"campfire_upgraded":5,"win_rate":0,"timestamp":1548019192,"path_taken":["M","?","M","$","?","E","R","$","T","R","E","M","E","M","R","BOSS","M","?","?","?","$","R","E","R","T","E","R","?","?","M","R","BOSS","M","?","?","$","?","R","?","R","T","M","R","?","M","E","R","BOSS"],"build_version":"2018-11-15","purchased_purges":2,"victory":true,"max_hp_per_floor":[75,75,75,75,75,75,75,75,75,75,75,75,75,75,75,75,75,75,75,75,75,82,82,82,82,92,92,92,92,92,92,92,92,92,92,92,92,92,92,92,92,92,92,92,92,92,92,92,92,92],"card_choices":[{"not_picked":["Doom and Gloom","Beam Cell"],"picked":"Lockon","floor":1},{"not_picked":["Cold Snap","Streamline"],"picked":"Go for the Eyes","floor":3},{"not_picked":["Compile Driver","Steam"],"picked":"Doom and Gloom","floor":5},{"not_picked":["Force Field","Compile Driver"],"picked":"Gash","floor":6},{"not_picked":["Go for the Eyes","Undo"],"picked":"Rainbow","floor":11},{"not_picked":["Steam","Sunder","Stack","Steam Power"],"picked":"SKIP","floor":12},{"not_picked":["Rip and Tear","Cold Snap","BootSequence"],"picked":"Loop","floor":13},{"not_picked":["Compile Driver","Doom and Gloom","Reinforced Body"],"picked":"Gash","floor":14},{"not_picked":["Amplify","All For One","Fission"],"picked":"Electrodynamics","floor":16},{"not_picked":["Ball Lightning","Steam+1","Beam Cell"],"picked":"Coolheaded","floor":18},{"not_picked":["Skim","Double Energy","Chill+1"],"picked":"Gash","floor":20},{"not_picked":["Static Discharge","Stack","Capacitor"],"picked":"Coolheaded+1","floor":24},{"not_picked":["Rip and Tear","Leap+1","Compile Driver","Fusion"],"picked":"SKIP","floor":27},{"not_picked":["Sunder","Streamline","Genetic Algorithm+1"],"picked":"Creative AI","floor":29},{"not_picked":["Aggregate+1","Redo","Storm"],"picked":"Conserve Battery+1","floor":31},{"not_picked":["Amplify","Electrodynamics","Buffer"],"picked":"All For One","floor":33},{"not_picked":["Turbo","Beam Cell","Redo","Barrage"],"picked":"SKIP","floor":35},{"not_picked":["Beam Cell+1","Cold Snap","Turbo+1"],"picked":"Force Field+1","floor":36},{"not_picked":["Glacier","Coolheaded","Sweeping Beam+1","Go for the Eyes"],"picked":"SKIP","floor":39},{"not_picked":["Leap+1","Compile Driver","Steam+1","Conserve Battery+1"],"picked":"SKIP","floor":44},{"not_picked":["Hello World+1","Sweeping Beam","Fission","Redo+1"],"picked":"SKIP","floor":46},{"not_picked":["Hologram+1","Leap","Streamline"],"picked":"Darkness+1","floor":47},{"not_picked":["BootSequence","Rebound+1","Amplify"],"picked":"Capacitor+1","floor":48}],"player_experience":1134196,"relics_obtained":[{"floor":6,"key":"Lantern"},{"floor":9,"key":"Sundial"},{"floor":11,"key":"Question Card"},{"floor":13,"key":"WingedGreaves"},{"floor":20,"key":"Red Mask"},{"floor":24,"key":"Boot"},{"floor":26,"key":"Pear"},{"floor":27,"key":"FossilizedHelix"},{"floor":29,"key":"Peace Pipe"},{"floor":29,"key":"Darkstone Periapt"},{"floor":36,"key":"Gambling Chip"},{"floor":37,"key":"Ice Cream"},{"floor":43,"key":"Meat on the Bone"},{"floor":48,"key":"Ancient Tea Set"}],"event_choices":[{"damage_healed":0,"gold_gain":0,"player_choice":"Damaged","damage_taken":7,"max_hp_gain":0,"max_hp_loss":0,"event_name":"Wheel of Change","floor":2,"gold_loss":0},{"damage_healed":0,"gold_gain":0,"player_choice":"Read","damage_taken":0,"max_hp_gain":0,"max_hp_loss":0,"event_name":"The Library","floor":19,"gold_loss":0,"cards_obtained":["Gash"]},{"damage_healed":0,"gold_gain":0,"player_choice":"Fought Bandits","damage_taken":0,"max_hp_gain":0,"max_hp_loss":0,"event_name":"Masked Bandits","floor":20,"gold_loss":0},{"damage_healed":0,"gold_gain":0,"player_choice":"Ignored","damage_taken":0,"max_hp_gain":0,"max_hp_loss":0,"event_name":"Vampires","floor":21,"gold_loss":0},{"damage_healed":0,"gold_gain":0,"player_choice":"Fight","damage_taken":0,"max_hp_gain":0,"max_hp_loss":0,"event_name":"Colosseum","floor":29,"gold_loss":0},{"damage_healed":0,"gold_gain":0,"player_choice":"Fought Nobs","damage_taken":0,"max_hp_gain":0,"max_hp_loss":0,"event_name":"Colosseum","floor":29,"gold_loss":0},{"damage_healed":0,"gold_gain":0,"player_choice":"Fight","damage_taken":0,"max_hp_gain":0,"max_hp_loss":0,"event_name":"MindBloom","floor":36,"gold_loss":0},{"damage_healed":0,"gold_gain":0,"player_choice":"Got Potions","damage_taken":0,"max_hp_gain":0,"max_hp_loss":0,"event_name":"Lab","floor":41,"gold_loss":0}],"is_beta":true,"boss_relics":[{"not_picked":["White Beast Statue","FrozenCore"],"picked":"Astrolabe"},{"not_picked":["Busted Crown","Runic Pyramid"],"picked":"Sozu"}],"items_purged_floors":[30,38],"is_endless":false,"potions_floor_spawned":[1,6,11,13,16,20,24,29,31,36,44,48],"ascension_level":1}