{"gold_per_floor":[118,134,153,78,153,184,184,209,209,243,243,254,265,284,284,284],"floor_reached":16,"playtime":542,"items_purged":["Strike_B"],"score":128,"play_id":"ff2a20b1-554f-4566-a5b7-5241a52f9fc1","local_time":"20190202210246","is_ascension_mode":true,"campfire_choices":[{"data":"Zap","floor":7,"key":"SMITH"},{"floor":15,"key":"REST"}],"neow_cost":"NONE","seed_source_timestamp":415232892416933,"circlet_count":0,"master_deck":["Strike_B","Strike_B","Strike_B","Defend_B","Defend_B","Defend_B","Defend_B","Zap+1","Dualcast","FTL","FTL","Gash","Tempest","Gash"],"relics":["Cracked Core","NeowsBlessing","PreservedInsect","Ice Cream","Singing Bowl","Lantern"],"potions_floor_usage":[6,6,13,13],"damage_taken":[{"damage":0,"enemies":"Cultist","floor":1,"turns":1},{"damage":0,"enemies":"2 Louse","floor":2,"turns":1},{"damage":0,"enemies":"Small Slimes","floor":3,"turns":1},{"damage":17,"enemies":"3 Sentries","floor":6,"turns":7},{"damage":11,"enemies":"Gremlin Nob","floor":8,"turns":3},{"damage":31,"enemies":"3 Sentries","floor":10,"turns":5},{"damage":0,"enemies":"Looter","floor":12,"turns":2},{"damage":1,"enemies":"Exordium Thugs","floor":13,"turns":3},{"damage":0,"enemies":"Large Slime","floor":14,"turns":2},{"damage":31,"enemies":"Hexaghost","floor":16,"turns":9}],"seed_played":"5180833379447104985","potions_obtained":[{"floor":1,"key":"EssenceOfSteel"},{"floor":3,"key":"AttackPotion"},{"floor":10,"key":"AttackPotion"},{"floor":12,"key":"AttackPotion"}],"is_trial":false,"path_per_floor":["M","M","M","$","?","E","R","E","T","E","?","M","M","M","R","B"],"character_chosen":"DEFECT","items_purchased":[],"campfire_rested":1,"item_purchase_floors":[],"current_hp_per_floor":[75,75,75,75,64,47,47,36,36,5,5,5,6,8,31,0],"gold":284,"neow_bonus":"THREE_ENEMY_KILL","is_prod":false,"is_daily":false,"chose_seed":false,"campfire_upgraded":1,"win_rate":0,"timestamp":1549101766,"path_taken":["M","?","M","$","?","E","R","E","T","E","?","M","M","M","R","BOSS"],"build_version":"2019-01-23","purchased_purges":1,"victory":false,"max_hp_per_floor":[75,75,75,75,75,75,75,75,75,75,75,75,77,79,79,79],"card_choices":[{"not_picked":["Hologram","Stack"],"picked":"FTL","floor":1},{"not_picked":["Rebound","Redo"],"picked":"FTL","floor":2},{"not_picked":["Compile Driver","Chaos"],"picked":"Gash","floor":3},{"not_picked":["Leap","Rebound","Blizzard"],"picked":"SKIP","floor":6},{"not_picked":["Stack","Doom and Gloom","Rebound"],"picked":"SKIP","floor":8},{"not_picked":["Redo","Creative AI"],"picked":"Tempest","floor":10},{"not_picked":["Conserve Battery","Tempest"],"picked":"Gash","floor":12},{"not_picked":["Cold Snap","Coolheaded","Go for the Eyes"],"picked":"Singing Bowl","floor":13},{"not_picked":["Conserve Battery","Storm","Doom and Gloom"],"picked":"Singing Bowl","floor":14}],"player_experience":1218860,"relics_obtained":[{"floor":6,"key":"PreservedInsect"},{"floor":8,"key":"Ice Cream"},{"floor":9,"key":"Singing Bowl"},{"floor":10,"key":"Lantern"}],"event_choices":[{"damage_healed":0,"gold_gain":75,"player_choice":"Gather Gold","damage_taken":11,"max_hp_gain":0,"max_hp_loss":0,"event_name":"World of Goop","floor":5,"gold_loss":0},{"damage_healed":0,"gold_gain":0,"player_choice":"Ignored","damage_taken":0,"max_hp_gain":0,"max_hp_loss":0,"event_name":"Liars Game","floor":11,"gold_loss":0}],"is_beta":true,"boss_relics":[],"items_purged_floors":[4],"is_endless":false,"potions_floor_spawned":[1,3,10,12],"killed_by":"Hexaghost","ascension_level":1}