{"path_per_floor":["M","?","M","M","$","E","?","E","T","R","E","?","R","E","R","B",null,"M","?","M","?","?","E","?","M","T"],"character_chosen":"DEFECT","items_purchased":["Bandage Up"],"gold_per_floor":[111,111,123,137,33,63,238,269,296,296,330,330,330,362,362,458,458,471,471,486,486,466,499,422,440,488,488],"floor_reached":27,"campfire_rested":3,"playtime":1367,"item_purchase_floors":[5],"current_hp_per_floor":[73,58,57,48,48,22,22,12,12,34,31,31,53,48,70,51,75,71,55,36,36,36,12,12,9,9,0],"items_purged":[],"gold":488,"score":270,"play_id":"79283b4d-39b7-4bba-a5e1-b19627eeedef","local_time":"20180602134929","is_prod":false,"is_daily":false,"chose_seed":false,"is_ascension_mode":true,"campfire_upgraded":0,"win_rate":0,"timestamp":1527965369,"campfire_choices":[{"floor":10,"key":"REST"},{"floor":13,"key":"REST"},{"floor":15,"key":"REST"}],"path_taken":["M","?","?","M","$","E","?","E","T","R","E","?","R","E","R","BOSS","M","?","M","?","?","E","?","M","T","E"],"build_version":"2018-05-31","seed_source_timestamp":1272698373064278,"purchased_purges":0,"victory":false,"master_deck":["Strike_B+1","Strike_B+1","Strike_B","Strike_B","Defend_B","Defend_B","Defend_B","Defend_B","Zap","Dualcast","Static Discharge","Compile Driver","Barrage","Bandage Up","Glacier","Doubt","Glacier","Cold Snap+1","Blizzard","Static Discharge","Echo Form","Darkness+1","Stack","Writhe","Redo","J.A.X.","Chill+1"],"max_hp_per_floor":[75,75,75,75,75,75,75,75,75,75,75,75,75,75,75,75,75,75,75,75,75,75,75,75,75,75,75],"relics":["Cracked Core","Vajra","Juzu Bracelet","Lantern","Bottled Flame","Dream Catcher","Nuclear Battery","Nilry\u0027s Codex","Toolbox","Omamori","Bronze Scales"],"card_choices":[{"not_picked":["Recycle","Steam"],"picked":"Static Discharge","floor":1},{"not_picked":["Beam Cell","Rebound"],"picked":"Compile Driver","floor":3},{"not_picked":["Leap","Double Energy"],"picked":"Barrage","floor":4},{"not_picked":["Undo","Melter"],"picked":"Glacier","floor":6},{"not_picked":["Hologram","Coolheaded"],"picked":"Glacier","floor":8},{"not_picked":["Steam","Stack"],"picked":"Cold Snap","floor":11},{"not_picked":["Self Repair","All For One"],"picked":"Blizzard","floor":14},{"not_picked":["Beam Cell","Rebound"],"picked":"Static Discharge","floor":15},{"not_picked":["All For One","Rainbow"],"picked":"Echo Form","floor":16},{"not_picked":["Chill","Coolheaded+1"],"picked":"Darkness+1","floor":18},{"not_picked":["Rebound","Auto Shields+1"],"picked":"Stack","floor":20},{"not_picked":["Core Surge","Sunder"],"picked":"Redo","floor":23},{"not_picked":["Beam Cell+1","Redo"],"picked":"Chill+1","floor":25}],"player_experience":220256,"potions_floor_usage":[16,16,23,23,25,27],"damage_taken":[{"damage":2,"enemies":"2 Louse","floor":1,"turns":3},{"damage":1,"enemies":"Cultist","floor":3,"turns":3},{"damage":9,"enemies":"Small Slimes","floor":4,"turns":3},{"damage":30,"enemies":"3 Sentries","floor":6,"turns":5},{"damage":14,"enemies":"Lagavulin","floor":8,"turns":7},{"damage":7,"enemies":"Gremlin Nob","floor":11,"turns":4},{"damage":9,"enemies":"3 Sentries","floor":14,"turns":6},{"damage":23,"enemies":"Slime Boss","floor":16,"turns":7},{"damage":12,"enemies":"Shell Parasite","floor":18,"turns":5},{"damage":27,"enemies":"2 Thieves","floor":20,"turns":4},{"damage":28,"enemies":"Slavers","floor":23,"turns":5},{"damage":22,"enemies":"Chosen and Byrds","floor":25,"turns":7},{"damage":13,"enemies":"Gremlin Leader","floor":27,"turns":4}],"relics_obtained":[{"floor":6,"key":"Vajra"},{"floor":8,"key":"Juzu Bracelet"},{"floor":9,"key":"Lantern"},{"floor":11,"key":"Bottled Flame"},{"floor":14,"key":"Dream Catcher"},{"floor":19,"key":"Nilry\u0027s Codex"},{"floor":23,"key":"Omamori"},{"floor":26,"key":"Bronze Scales"}],"event_choices":[{"event_name":"Shining Light","player_choice":"Entered Light","floor":2,"damage_taken":0},{"event_name":"Liars Game","player_choice":"agreed","floor":7,"damage_taken":0},{"event_name":"Living Wall","player_choice":"Grow","floor":12,"damage_taken":0},{"event_name":"Cursed Tome","player_choice":"Obtained Book","floor":19,"damage_taken":0},{"event_name":"The Mausoleum","player_choice":"Yes","floor":21,"damage_taken":0},{"event_name":"The Woman in Blue","player_choice":"Bought 1 Potion","floor":22,"damage_taken":0},{"event_name":"Drug Dealer","player_choice":"Got JAXXED","floor":24,"damage_taken":0}],"boss_relics":[{"not_picked":["Ectoplasm","Philosopher\u0027s Stone"],"picked":"Nuclear Battery"}],"items_purged_floors":[],"potions_floor_spawned":[1,3,8,14,20,23,25],"seed_played":"5159208448681042159","killed_by":"Gremlin Leader","ascension_level":1,"potions_obtained":[{"floor":1,"key":"Fire Potion"},{"floor":3,"key":"SteroidPotion"},{"floor":8,"key":"PowerPotion"},{"floor":20,"key":"PowerPotion"},{"floor":22,"key":"LiquidBronze"},{"floor":23,"key":"Fire Potion"},{"floor":25,"key":"Weak Potion"}],"is_trial":false}