{"gold_per_floor":[114,364,377,392,392,425,425,459,459,459],"floor_reached":10,"playtime":537,"items_purged":[],"score":80,"play_id":"8b433792-07ed-41b1-bdea-ecb5c1c22849","local_time":"20180702162046","is_ascension_mode":true,"campfire_choices":[{"data":"Hello World","floor":7,"key":"SMITH"}],"neow_cost":"","seed_source_timestamp":520991606463351,"circlet_count":0,"master_deck":["Strike_B","Strike_B","Strike_B","Strike_B","Defend_B","Defend_B","Defend_B","Defend_B","Zap","Dualcast","Hello World+1","Hologram","Coolheaded","Rebound"],"relics":["Cracked Core","Prayer Wheel","Bottled Flame","Torii"],"potions_floor_usage":[6,6],"damage_taken":[{"damage":3,"enemies":"Jaw Worm","floor":1,"turns":4},{"damage":2,"enemies":"Cultist","floor":3,"turns":3},{"damage":2,"enemies":"Small Slimes","floor":4,"turns":3},{"damage":25,"enemies":"Gremlin Nob","floor":6,"turns":4},{"damage":34,"enemies":"Lagavulin","floor":8,"turns":7},{"damage":10,"enemies":"Gremlin Gang","floor":10,"turns":1}],"seed_played":"2954818135260306763","potions_obtained":[{"floor":1,"key":"FocusPotion"},{"floor":4,"key":"Energy Potion"},{"floor":8,"key":"SteroidPotion"}],"is_trial":false,"path_per_floor":["M","?","M","M","?","E","R","E","T"],"character_chosen":"DEFECT","items_purchased":[],"campfire_rested":0,"item_purchase_floors":[],"current_hp_per_floor":[72,72,70,68,68,43,43,9,9,0],"gold":459,"neow_bonus":"","is_prod":false,"is_daily":false,"chose_seed":false,"campfire_upgraded":1,"win_rate":0,"timestamp":1530512446,"path_taken":["M","?","?","M","?","E","R","E","T","M"],"build_version":"2018-06-28","purchased_purges":0,"victory":false,"max_hp_per_floor":[75,75,75,75,75,75,75,75,75,75],"card_choices":[{"not_picked":["Sweeping Beam","Blizzard"],"picked":"Hello World","floor":1},{"not_picked":["Steam","BootSequence"],"picked":"Hologram","floor":3},{"not_picked":["Consume","Leap"],"picked":"Coolheaded","floor":4},{"not_picked":["Barrage","Gash","Rip and Tear"],"picked":"SKIP","floor":6},{"not_picked":["Compile Driver","Reinforced Body"],"picked":"Rebound","floor":8}],"player_experience":434794,"relics_obtained":[{"floor":6,"key":"Prayer Wheel"},{"floor":8,"key":"Bottled Flame"},{"floor":9,"key":"Torii"}],"event_choices":[{"event_name":"Golden Shrine","player_choice":"Desecrate","floor":2,"damage_taken":0},{"event_name":"Fountain of Cleansing","player_choice":"Removed Curse","floor":5,"damage_taken":0}],"boss_relics":[],"items_purged_floors":[],"is_endless":false,"potions_floor_spawned":[1,4,8],"killed_by":"Gremlin Gang","ascension_level":1}