{"gold_per_floor":[137,137,137,137,137,137,179,262,262,262,39,122,164,247,247,522,522,564,606,606,606,648,731,785,797,834,846],"floor_reached":27,"playtime":1420,"items_purged":[],"score":249,"play_id":"67424ec9-0d65-4a8e-afaa-c3c6c4dbadf9","local_time":"20181009210433","daily_mods":["Heirloom","Blue Cards","MonsterHunter"],"is_ascension_mode":false,"campfire_choices":[{"floor":6,"key":"REST"},{"floor":10,"key":"REST"},{"data":"Hologram","floor":15,"key":"SMITH"},{"floor":25,"key":"REST"}],"neow_cost":"","seed_source_timestamp":0,"circlet_count":0,"master_deck":["Strike_R","Strike_R","Strike_R","Strike_R","Strike_R+1","Defend_R+1","Bash+1","Rip and Tear+1","Perfected Strike","Coolheaded","Perfected Strike","Warcry","Ball Lightning","Thunderclap","Hologram+1","Feed","Reinforced Body+1","Darkness+1","Recycle+1","RitualDagger"],"special_seed":17813,"relics":["Burning Blood","Thread and Needle","Golden Idol","Smiling Mask","Orichalcum","Vajra","Ornamental Fan","Mummified Hand","Astrolabe","MawBank","Blood Vial"],"potions_floor_usage":[16,16,23],"damage_taken":[{"damage":1,"enemies":"Small Slimes","floor":1,"turns":6},{"damage":0,"enemies":"Jaw Worm","floor":7,"turns":4},{"damage":41,"enemies":"3 Sentries","floor":8,"turns":12},{"damage":19,"enemies":"Lagavulin","floor":12,"turns":6},{"damage":0,"enemies":"2 Louse","floor":13,"turns":3},{"damage":10,"enemies":"3 Sentries","floor":14,"turns":7},{"damage":43,"enemies":"Slime Boss","floor":16,"turns":13},{"damage":0,"enemies":"Chosen","floor":18,"turns":4},{"damage":21,"enemies":"3 Byrds","floor":19,"turns":8},{"damage":7,"enemies":"Snecko","floor":22,"turns":4},{"damage":68,"enemies":"Slavers","floor":23,"turns":12},{"damage":0,"enemies":"Cultist and Chosen","floor":24,"turns":8},{"damage":63,"enemies":"3 Cultists","floor":27,"turns":7}],"seed_played":"974947357107287634","potions_obtained":[{"floor":1,"key":"Ancient Potion"},{"floor":7,"key":"BloodPotion"},{"floor":13,"key":"GamblersBrew"},{"floor":14,"key":"FairyPotion"},{"floor":22,"key":"Swift Potion"}],"is_trial":false,"path_per_floor":["M","?","?","?","?","R","M","E","T","R","$","E","M","E","R","B",null,"M","M","?","?","M","E","M","R","T"],"character_chosen":"IRONCLAD","items_purchased":["Vajra","Perfected Strike","Warcry"],"campfire_rested":3,"item_purchase_floors":[11,11,11],"current_hp_per_floor":[80,64,44,44,44,68,74,39,39,63,63,50,56,52,52,23,80,80,65,65,59,58,13,22,47,47,0],"gold":846,"neow_bonus":"","is_prod":false,"is_daily":true,"chose_seed":false,"campfire_upgraded":1,"win_rate":0,"timestamp":1539111873,"path_taken":["M","?","?","?","?","R","?","E","T","R","$","E","M","E","R","BOSS","M","M","?","?","M","E","M","R","T","M"],"build_version":"2018-10-08","purchased_purges":0,"victory":false,"max_hp_per_floor":[80,80,80,80,80,80,80,80,80,80,80,80,80,80,80,80,80,80,80,80,80,80,83,86,86,86,89],"card_choices":[{"not_picked":["Metallicize","Pommel Strike"],"picked":"Rip and Tear","floor":1},{"not_picked":["True Grit","Sweeping Beam"],"picked":"Perfected Strike","floor":7},{"not_picked":["Whirlwind","Force Field"],"picked":"Coolheaded","floor":8},{"not_picked":["Multi-Cast","Storm"],"picked":"Ball Lightning","floor":12},{"not_picked":["Static Discharge","Inflame"],"picked":"Thunderclap","floor":13},{"not_picked":["Beam Cell","Warcry"],"picked":"Hologram","floor":14},{"not_picked":["Limit Break","Barricade"],"picked":"Feed","floor":16},{"not_picked":["Rebound+1","Force Field+1","Doom and Gloom+1"],"picked":"SKIP","floor":18},{"not_picked":["Flame Barrier","Streamline+1","Cleave"],"picked":"SKIP","floor":19},{"not_picked":["Turbo","Intimidate+1","Coolheaded+1"],"picked":"SKIP","floor":22},{"not_picked":["Sweeping Beam","Rebound+1","Rage+1"],"picked":"SKIP","floor":23},{"not_picked":["Havoc+1","Streamline","Clash"],"picked":"SKIP","floor":24}],"player_experience":146902,"relics_obtained":[{"floor":8,"key":"Smiling Mask"},{"floor":9,"key":"Orichalcum"},{"floor":12,"key":"Ornamental Fan"},{"floor":14,"key":"Mummified Hand"},{"floor":23,"key":"MawBank"},{"floor":26,"key":"Blood Vial"}],"event_choices":[{"event_name":"Shining Light","player_choice":"Entered Light","floor":2,"damage_taken":0},{"event_name":"Golden Idol","player_choice":"Take Damage","floor":3,"damage_taken":0},{"event_name":"Upgrade Shrine","player_choice":"Upgraded","floor":4,"damage_taken":0},{"event_name":"Living Wall","player_choice":"Grow","floor":5,"damage_taken":0},{"event_name":"Vampires","player_choice":"Ignored","floor":20,"damage_taken":0},{"event_name":"Nest","player_choice":"Joined the Cult","floor":21,"damage_taken":0}],"is_beta":true,"boss_relics":[{"not_picked":["Runic Dome","Cursed Key"],"picked":"Astrolabe"}],"items_purged_floors":[],"is_endless":false,"potions_floor_spawned":[1,7,13,14,22],"killed_by":"3 Cultists","ascension_level":0}