{"gold_per_floor":[366,366,154,171,191,191,218,218,218,218,163,193,193,203,203,278,278,291,206,206,39,39],"floor_reached":22,"playtime":1577,"items_purged":["Writhe"],"score":371,"play_id":"f22534d4-fef0-4176-b1d1-b3cbb26f21b2","local_time":"20190129153627","is_ascension_mode":true,"campfire_choices":[{"data":"Poisoned Stab","floor":6,"key":"SMITH"},{"floor":10,"key":"REST"},{"floor":13,"key":"REST"},{"floor":15,"key":"REST"}],"neow_cost":"CURSE","seed_source_timestamp":1119912874334251,"circlet_count":0,"master_deck":["AscendersBane","Defend_G","Defend_G","Defend_G","Defend_G","Defend_G","Strike_G","Strike_G","Strike_G","Strike_G","Strike_G","Survivor","Neutralize+1","Bouncing Flask","Poisoned Stab+1","Well Laid Plans","Terror","Well Laid Plans","Heel Hook","Deflect","Dagger Spray","Predator","Envenom","Sucker Punch"],"relics":["Ring of the Snake","Nunchaku","WingedGreaves","Bronze Scales","Velvet Choker","FossilizedHelix","Omamori"],"potions_floor_usage":[12,16,20,20],"damage_taken":[{"damage":13,"enemies":"Cultist","floor":1,"turns":6},{"damage":4,"enemies":"2 Louse","floor":4,"turns":3},{"damage":7,"enemies":"Small Slimes","floor":5,"turns":4},{"damage":29,"enemies":"Gremlin Nob","floor":7,"turns":4},{"damage":16,"enemies":"Lagavulin","floor":12,"turns":5},{"damage":8,"enemies":"Blue Slaver","floor":14,"turns":4},{"damage":20,"enemies":"Slime Boss","floor":16,"turns":8},{"damage":8,"enemies":"Chosen","floor":18,"turns":4},{"damage":22,"enemies":"Colosseum Slavers","floor":20,"turns":5},{"damage":11,"enemies":"Spheric Guardian","floor":22,"turns":5}],"seed_played":"7205586901502114274","potions_obtained":[{"floor":4,"key":"EssenceOfSteel"},{"floor":7,"key":"SpeedPotion"},{"floor":12,"key":"Strength Potion"},{"floor":14,"key":"GhostInAJar"},{"floor":16,"key":"SkillPotion"}],"is_trial":false,"path_per_floor":["M","?","$","M","M","R","E","?","T","R","$","E","R","M","R","B",null,"M","?","?","$","M"],"character_chosen":"THE_SILENT","items_purchased":["Poisoned Stab","Well Laid Plans","Deflect","Omamori"],"campfire_rested":3,"item_purchase_floors":[3,3,11,21],"current_hp_per_floor":[46,46,46,42,35,35,6,6,6,25,25,9,28,20,39,19,54,46,46,24,24,13],"gold":39,"neow_bonus":"TWO_FIFTY_GOLD","is_prod":false,"is_daily":false,"chose_seed":false,"campfire_upgraded":1,"win_rate":0,"timestamp":1548804987,"path_taken":["M","?","$","M","M","R","E","?","T","R","$","E","R","?","R","BOSS","M","?","?","$","M"],"build_version":"2019-01-23","purchased_purges":1,"victory":false,"max_hp_per_floor":[66,66,66,66,66,66,66,66,66,66,66,66,66,66,66,66,66,66,66,66,66,66],"card_choices":[{"not_picked":["Slice","Sucker Punch"],"picked":"Bouncing Flask","floor":1},{"not_picked":["Underhanded Strike","Slice"],"picked":"Terror","floor":4},{"not_picked":["Underhanded Strike","Terror"],"picked":"Well Laid Plans","floor":5},{"not_picked":["Skewer","Eviscerate"],"picked":"Heel Hook","floor":7},{"not_picked":["Backflip","Storm of Steel"],"picked":"Dagger Spray","floor":12},{"not_picked":["Bouncing Flask","Expertise"],"picked":"Predator","floor":14},{"not_picked":["Tools of the Trade","Storm of Steel"],"picked":"Envenom","floor":16},{"not_picked":["Eviscerate","Deflect"],"picked":"Sucker Punch","floor":18}],"player_experience":1785368,"relics_obtained":[{"floor":7,"key":"Nunchaku"},{"floor":9,"key":"WingedGreaves"},{"floor":12,"key":"Bronze Scales"}],"event_choices":[{"damage_healed":0,"gold_gain":0,"player_choice":"Grow","damage_taken":0,"max_hp_gain":0,"max_hp_loss":0,"event_name":"Living Wall","floor":2,"gold_loss":0,"cards_upgraded":["Neutralize"]},{"damage_healed":0,"gold_gain":0,"player_choice":"Got Potions","damage_taken":0,"max_hp_gain":0,"max_hp_loss":0,"event_name":"Lab","floor":8,"gold_loss":0},{"damage_healed":0,"gold_gain":0,"player_choice":"Obtained Relic","damage_taken":0,"relics_obtained":["FossilizedHelix"],"max_hp_gain":0,"max_hp_loss":0,"event_name":"Addict","floor":19,"gold_loss":85},{"damage_healed":0,"gold_gain":0,"player_choice":"Fight","damage_taken":0,"max_hp_gain":0,"max_hp_loss":0,"event_name":"Colosseum","floor":20,"gold_loss":0},{"damage_healed":0,"gold_gain":0,"player_choice":"Fled From Nobs","damage_taken":0,"max_hp_gain":0,"max_hp_loss":0,"event_name":"Colosseum","floor":20,"gold_loss":0}],"is_beta":false,"boss_relics":[{"not_picked":["Tiny House","Eternal Feather"],"picked":"Velvet Choker"}],"items_purged_floors":[3],"is_endless":false,"potions_floor_spawned":[4,7,12,14,16,18],"killed_by":"Spheric Guardian","ascension_level":19}