{"path_per_floor":["M","?","?","M","M","E","R","E","T","R","?","M","?","?","R","B",null,"M","?","?","M","?"],"character_chosen":"DEFECT","items_purchased":[],"gold_per_floor":[115,115,115,126,137,162,162,194,194,194,194,205,205,155,155,256,256,267,267,192,206,206,206],"floor_reached":23,"campfire_rested":2,"playtime":842,"current_hp_per_floor":[60,60,60,60,60,20,43,17,17,40,33,23,87,87,87,22,87,72,72,72,44,44,0],"items_purged":[],"gold":206,"score":197,"play_id":"b4b50b1e-09c5-414f-b3f9-a5d9e3ff4ad4","local_time":"20180428224539","is_prod":false,"is_daily":false,"chose_seed":false,"is_ascension_mode":false,"campfire_upgraded":1,"timestamp":1524973539,"path_taken":["M","?","?","M","M","E","R","E","T","R","?","M","?","?","R","BOSS","M","?","?","?","?","E"],"build_version":"2018-04-27v3","seed_source_timestamp":344435122541816,"purchased_purges":0,"victory":false,"master_deck":["Strike_B+1","Strike_B+1","Strike_B+1","Defend_B+1","Defend_B+1","Defend_B+1","Defend_B+1","Zap+1","Dualcast","Beam Cell+1","Rebound","FTL","Creative AI","Buffer","Beam Cell+1"],"max_hp_per_floor":[75,75,75,77,77,77,77,77,77,77,77,77,87,87,87,87,87,87,87,87,87,87,87],"relics":["Cracked Core","Lantern","Singing Bowl","Centennial Puzzle","Blue Candle","Art of War","Inserter","Peace Pipe"],"card_choices":[{"not_picked":["Leap","Rip and Tear"],"picked":"Beam Cell","floor":5},{"not_picked":["Auto Shields","Skim"],"picked":"Rebound","floor":6},{"not_picked":["Sunder","Glacier"],"picked":"FTL","floor":8},{"not_picked":["Storm","Steam Power"],"picked":"Seek","floor":12},{"not_picked":["Machine Learning","Echo Form"],"picked":"Creative AI","floor":16},{"not_picked":["Aggregate","Doom and Gloom"],"picked":"Buffer","floor":18},{"not_picked":["Glacier","Rebound"],"picked":"Beam Cell","floor":21}],"player_experience":197306,"potions_floor_usage":[23],"damage_taken":[{"damage":15,"enemies":"Jaw Worm","floor":1,"turns":4},{"damage":2,"enemies":"2 Louse","floor":4,"turns":3},{"damage":0,"enemies":"Cultist","floor":5,"turns":3},{"damage":40,"enemies":"Gremlin Nob","floor":6,"turns":5},{"damage":26,"enemies":"Lagavulin","floor":8,"turns":5},{"damage":10,"enemies":"Looter","floor":12,"turns":2},{"damage":65,"enemies":"The Guardian","floor":16,"turns":10},{"damage":15,"enemies":"2 Thieves","floor":18,"turns":4},{"damage":32,"enemies":"Shell Parasite","floor":21,"turns":7},{"damage":47,"enemies":"Book of Stabbing","floor":23,"turns":4}],"event_choices":[{"event_name":"Living Wall","player_choice":"Grow","floor":2,"damage_taken":0},{"event_name":"Accursed Blacksmith","player_choice":"Rummage","floor":3,"damage_taken":0},{"event_name":"Golden Wing","player_choice":"Card Removal","floor":11,"damage_taken":0},{"event_name":"Bonfire Elementals","player_choice":"RARE","floor":13,"damage_taken":0},{"event_name":"The Cleric","player_choice":"Card Removal","floor":14,"damage_taken":0},{"event_name":"The Mausoleum","player_choice":"Yes","floor":19,"damage_taken":0},{"event_name":"Beggar","player_choice":"Gave Gold","floor":20,"damage_taken":0},{"event_name":"Back to Basics","player_choice":"Simplicity","floor":22,"damage_taken":0}],"boss_relics":[{"not_picked":["Lizard Tail","Runic Pyramid"],"picked":"Inserter"}],"potions_floor_spawned":[5,8,18],"seed_played":"-3588889131118285982","killed_by":"Book of Stabbing","ascension_level":0,"is_trial":false}