{"gold_per_floor":[114,114,47,47,2,27,27,27,73,99,112,112,112,112,112,242,242,265,278,278,313,313,313],"floor_reached":23,"playtime":1681,"items_purged":[],"score":390,"play_id":"89f6028c-6014-4780-98cc-4df1b7ce66df","local_time":"20190206133109","is_ascension_mode":true,"campfire_choices":[{"data":"Dualcast","floor":8,"key":"SMITH"},{"data":"Coolheaded","floor":15,"key":"SMITH"}],"neow_cost":"NONE","seed_source_timestamp":183095437854961,"circlet_count":0,"master_deck":["AscendersBane","Strike_B","Strike_B","Strike_B","Strike_B","Defend_B","Defend_B","Defend_B","Defend_B","Zap","Dualcast+1","Streamline","Genetic Algorithm","Beam Cell","Coolheaded+1","Steam","Gash","Fission","FTL+1","Reprogram","Ghostly","Ghostly","Ghostly","Ghostly","Ghostly"],"relics":["FrozenCore","NeowsBlessing","Unceasing Top","Lantern","Juzu Bracelet","Oddly Smooth Stone","Golden Idol","Red Mask"],"potions_floor_usage":[16,16,21],"damage_taken":[{"damage":0,"enemies":"Jaw Worm","floor":1,"turns":1},{"damage":0,"enemies":"3 Sentries","floor":6,"turns":1},{"damage":0,"enemies":"Lagavulin","floor":10,"turns":1},{"damage":0,"enemies":"Small Slimes","floor":11,"turns":2},{"damage":34,"enemies":"Slime Boss","floor":16,"turns":10},{"damage":20,"enemies":"Spheric Guardian","floor":18,"turns":8},{"damage":15,"enemies":"3 Byrds","floor":19,"turns":7},{"damage":4,"enemies":"Masked Bandits","floor":21,"turns":8},{"damage":21,"enemies":"Colosseum Slavers","floor":22,"turns":8},{"damage":7,"enemies":"Slavers","floor":23,"turns":7}],"seed_played":"4505589148854500373","potions_obtained":[{"floor":10,"key":"Swift Potion"},{"floor":11,"key":"Regen Potion"},{"floor":19,"key":"Poison Potion"}],"is_trial":false,"path_per_floor":["M","?","$","?","$","E","$","R","T","E","M","?","?","?","R","B",null,"M","M","?","?","?","E"],"character_chosen":"DEFECT","items_purchased":["Genetic Algorithm","Beam Cell"],"campfire_rested":0,"item_purchase_floors":[3,5],"current_hp_per_floor":[68,61,61,66,66,66,66,66,66,66,66,66,46,39,39,17,64,44,29,29,25,4,0],"gold":313,"neow_bonus":"THREE_ENEMY_KILL","is_prod":false,"is_daily":false,"chose_seed":false,"campfire_upgraded":2,"win_rate":0,"timestamp":1549438269,"path_taken":["M","?","$","?","?","E","$","R","T","E","M","?","?","?","R","BOSS","M","M","?","?","?","E"],"build_version":"2019-01-23","purchased_purges":0,"victory":false,"max_hp_per_floor":[75,75,75,80,80,80,80,80,80,80,80,80,80,80,80,80,80,80,80,40,40,40,40],"card_choices":[{"not_picked":["Cold Snap","Stack"],"picked":"Streamline","floor":1},{"not_picked":["Undo","Cold Snap"],"picked":"Coolheaded","floor":6},{"not_picked":["Self Repair","Compile Driver","Barrage"],"picked":"SKIP","floor":10},{"not_picked":["Recycle","Loop"],"picked":"Steam","floor":11},{"not_picked":["Core Surge","Meteor Strike"],"picked":"Fission","floor":16},{"not_picked":["Hologram","Streamline"],"picked":"FTL+1","floor":18},{"not_picked":["Heatsinks+1","Cold Snap"],"picked":"Reprogram","floor":19}],"player_experience":734640,"relics_obtained":[{"floor":6,"key":"Lantern"},{"floor":9,"key":"Juzu Bracelet"},{"floor":10,"key":"Oddly Smooth Stone"},{"floor":21,"key":"Red Mask"}],"event_choices":[{"damage_healed":0,"gold_gain":0,"player_choice":"Success","damage_taken":7,"relics_obtained":["Unceasing Top"],"max_hp_gain":0,"max_hp_loss":0,"event_name":"Scrap Ooze","floor":2,"gold_loss":0},{"damage_healed":0,"gold_gain":0,"player_choice":"Donut","damage_taken":0,"max_hp_gain":5,"max_hp_loss":0,"event_name":"Big Fish","floor":4,"gold_loss":0},{"damage_healed":0,"gold_gain":0,"player_choice":"2 cards matched","damage_taken":0,"max_hp_gain":0,"max_hp_loss":0,"event_name":"Match and Keep!","floor":12,"gold_loss":0,"cards_obtained":["Gash","Normality"]},{"damage_healed":0,"gold_gain":0,"player_choice":"Take Damage","damage_taken":20,"relics_obtained":["Golden Idol"],"max_hp_gain":0,"max_hp_loss":0,"event_name":"Golden Idol","floor":13,"gold_loss":0},{"cards_removed":["Normality"],"damage_healed":0,"gold_gain":0,"player_choice":"Card Removal","damage_taken":7,"max_hp_gain":0,"max_hp_loss":0,"event_name":"Golden Wing","floor":14,"gold_loss":0},{"damage_healed":0,"gold_gain":0,"player_choice":"Became a Ghost","damage_taken":0,"max_hp_gain":0,"max_hp_loss":40,"event_name":"Ghosts","floor":20,"gold_loss":0,"cards_obtained":["Ghostly","Ghostly","Ghostly","Ghostly","Ghostly"]},{"damage_healed":0,"gold_gain":0,"player_choice":"Fought Bandits","damage_taken":0,"max_hp_gain":0,"max_hp_loss":0,"event_name":"Masked Bandits","floor":21,"gold_loss":0},{"damage_healed":0,"gold_gain":0,"player_choice":"Fight","damage_taken":0,"max_hp_gain":0,"max_hp_loss":0,"event_name":"Colosseum","floor":22,"gold_loss":0},{"damage_healed":0,"gold_gain":0,"player_choice":"Fled From Nobs","damage_taken":0,"max_hp_gain":0,"max_hp_loss":0,"event_name":"Colosseum","floor":22,"gold_loss":0}],"is_beta":false,"boss_relics":[{"not_picked":["Runic Pyramid","Runic Dome"],"picked":"FrozenCore"}],"items_purged_floors":[],"is_endless":false,"potions_floor_spawned":[10,11,19],"killed_by":"Slavers","ascension_level":10}