{"path_per_floor":["M","?","M","?","M","E","?","R","T","R","M","R","?","M","R","B",null,"M","$","M","M","?","R","M","M","T","R","M","M","M","$","R","B",null,"M","?","$","?","M","E","M","E","T","M","M"],"character_chosen":"IRONCLAD","items_purchased":["Perfected Strike","Flex","Battle Trance","Regen Potion"],"gold_per_floor":[114,74,90,90,109,140,90,90,166,166,177,177,177,188,188,292,292,302,80,92,109,109,109,127,140,140,140,160,176,190,38,38,140,140,150,0,0,0,18,48,59,85,136,155,172,172],"floor_reached":46,"campfire_rested":2,"playtime":2698,"current_hp_per_floor":[80,80,73,57,58,52,52,52,52,52,56,56,82,86,86,40,86,67,67,51,36,20,45,51,27,27,52,58,64,73,73,73,25,83,79,79,79,89,89,83,68,29,29,21,21,0],"items_purged":["Defend_R","Parasite"],"gold":172,"score":536,"play_id":"8ecea895-917d-44af-9e86-75e94cb4b4d6","local_time":"20180501131836","is_prod":false,"is_daily":false,"chose_seed":false,"is_ascension_mode":false,"campfire_upgraded":5,"timestamp":1525173516,"path_taken":["M","?","M","?","M","E","?","R","T","R","M","R","?","M","R","BOSS","M","$","M","M","?","R","M","M","T","R","M","M","M","$","R","BOSS","M","?","$","?","?","E","M","E","T","M","M","M"],"build_version":"2018-04-28v2","seed_source_timestamp":7031445073037,"purchased_purges":2,"victory":false,"master_deck":["Strike_R","Strike_R","Strike_R","Strike_R","Strike_R+1","Defend_R+1","Bash","Cleave","Perfected Strike+1","Perfected Strike+1","Shockwave+1","Flex+1","Berserk","Burning Pact+1","Perfected Strike+1","Flex","Battle Trance","Pommel Strike","Twin Strike","Rage+1","Perfected Strike","Pommel Strike+1","Clash+1","Offering","Inflame","Heavy Blade","Immolate","Thunderclap+1","Flex","Twin Strike+1","Writhe","Headbutt+1","Perfected Strike","Perfected Strike","Pommel Strike+1","Uppercut+1"],"max_hp_per_floor":[80,80,80,80,80,80,80,80,80,80,80,80,86,86,86,86,86,86,86,86,86,86,86,86,86,86,86,86,86,86,83,83,83,83,83,83,83,89,89,89,89,89,89,89,89,89],"relics":["Burning Blood","Lantern","Darkstone Periapt","Snecko Eye","Nilry\u0027s Codex","Ornamental Fan","Orrery","Red Mask","Dream Catcher","Happy Flower","Bag of Marbles"],"card_choices":[{"not_picked":["Wild Strike","Anger"],"picked":"Perfected Strike","floor":1},{"not_picked":["Clash","Flex"],"picked":"Perfected Strike","floor":3},{"not_picked":["Body Slam","Entrench"],"picked":"Shockwave","floor":5},{"not_picked":["Whirlwind","Dual Wield"],"picked":"Flex","floor":14},{"not_picked":["Immolate","Reaper"],"picked":"Berserk","floor":16},{"not_picked":["Shrug It Off","Shockwave"],"picked":"Burning Pact","floor":18},{"not_picked":["Shrug It Off","Anger"],"picked":"Pommel Strike","floor":21},{"not_picked":["Spot Weakness","Intimidate"],"picked":"Twin Strike","floor":24},{"not_picked":["Disarm","Intimidate"],"picked":"Rage","floor":25},{"not_picked":["Ghostly Armor","Armaments"],"picked":"Perfected Strike","floor":28},{"not_picked":["Clash","Feel No Pain"],"picked":"Pommel Strike","floor":29},{"not_picked":["Iron Wave","Thunderclap"],"picked":"Clash","floor":30},{"not_picked":["Impervious","Berserk"],"picked":"Offering","floor":33},{"not_picked":["Sword Boomerang","Iron Wave"],"picked":"Inflame","floor":34},{"not_picked":["Searing Blow","Sword Boomerang"],"picked":"Heavy Blade","floor":34},{"not_picked":["Second Wind","Seeing Red"],"picked":"Immolate","floor":34},{"not_picked":["Cleave","Ghostly Armor"],"picked":"Thunderclap","floor":34},{"not_picked":["Body Slam","Searing Blow"],"picked":"Flex","floor":34},{"not_picked":["Heavy Blade","Body Slam"],"picked":"Twin Strike","floor":35},{"not_picked":["Rampage","Battle Trance"],"picked":"Headbutt","floor":39},{"not_picked":["Metallicize","Anger"],"picked":"Perfected Strike","floor":40},{"not_picked":["Carnage","Anger"],"picked":"Perfected Strike","floor":42},{"not_picked":["Wild Strike","Clash"],"picked":"Pommel Strike","floor":44},{"not_picked":["Shrug It Off","Metallicize"],"picked":"Uppercut","floor":45}],"player_experience":22046,"potions_floor_usage":[3,6,6,6,30,33,44],"damage_taken":[{"damage":6,"enemies":"Cultist","floor":1,"turns":3},{"damage":13,"enemies":"2 Louse","floor":3,"turns":2},{"damage":5,"enemies":"Small Slimes","floor":5,"turns":2},{"damage":12,"enemies":"Gremlin Nob","floor":6,"turns":3},{"damage":2,"enemies":"3 Louse","floor":11,"turns":2},{"damage":2,"enemies":"Looter","floor":14,"turns":2},{"damage":52,"enemies":"Hexaghost","floor":16,"turns":8},{"damage":25,"enemies":"3 Byrds","floor":18,"turns":4},{"damage":22,"enemies":"Shell Parasite","floor":20,"turns":4},{"damage":21,"enemies":"Snake Plant","floor":21,"turns":2},{"damage":0,"enemies":"Snecko","floor":24,"turns":2},{"damage":30,"enemies":"Centurion and Healer","floor":25,"turns":3},{"damage":0,"enemies":"Snake Plant","floor":28,"turns":2},{"damage":0,"enemies":"Snecko","floor":29,"turns":3},{"damage":0,"enemies":"Cultist and Chosen","floor":30,"turns":2},{"damage":67,"enemies":"Automaton","floor":33,"turns":7},{"damage":10,"enemies":"3 Darklings","floor":35,"turns":3},{"damage":3,"enemies":"Orb Walker","floor":39,"turns":2},{"damage":12,"enemies":"Nemesis","floor":40,"turns":3},{"damage":21,"enemies":"Maw","floor":41,"turns":5},{"damage":45,"enemies":"Giant Head","floor":42,"turns":6},{"damage":14,"enemies":"4 Shapes","floor":44,"turns":2},{"damage":6,"enemies":"Sphere and 2 Shapes","floor":45,"turns":2},{"damage":21,"enemies":"Maw","floor":46,"turns":4}],"event_choices":[{"event_name":"The Woman in Blue","player_choice":"Bought 3 Potions","floor":2,"damage_taken":0},{"event_name":"Shining Light","player_choice":"Entered Light","floor":4,"damage_taken":0},{"event_name":"The Cleric","player_choice":"Card Removal","floor":7,"damage_taken":0},{"event_name":"Mushrooms","player_choice":"Healed and dodged fight","floor":13,"damage_taken":0},{"event_name":"Cursed Tome","player_choice":"Obtained Book","floor":22,"damage_taken":0},{"event_name":"Tomb of Lord Red Mask","player_choice":"Paid","floor":36,"damage_taken":0},{"event_name":"Winding Halls","player_choice":"Writhe","floor":38,"damage_taken":0}],"boss_relics":[{"not_picked":["Mark of Pain","Ectoplasm"],"picked":"Snecko Eye"},{"not_picked":["Black Blood","Cursed Key"],"picked":"Orrery"}],"potions_floor_spawned":[5,6,14,20,21,25,29,39,40,41,42],"seed_played":"646995366049418650","killed_by":"Maw","ascension_level":0,"is_trial":false}