{"gold_per_floor":[114,129,144,159,174,204,204,31,31,0,0,15,30,45,45,145,145,160,175,25,25,40,40,70,70,70,16,16,31,46,61,61,61],"floor_reached":33,"playtime":1524,"items_purged":[],"score":323,"play_id":"257ead4b-f3f7-4be3-a257-70667df66d7a","local_time":"20180819113922","daily_mods":["Shiny","Uncertain Future","Binary"],"is_ascension_mode":false,"campfire_choices":[{"floor":7,"key":"REST"},{"floor":11,"key":"REST"},{"floor":15,"key":"REST"},{"floor":23,"key":"REST"},{"floor":25,"key":"REST"},{"floor":32,"key":"REST"}],"neow_cost":"","seed_source_timestamp":0,"circlet_count":0,"master_deck":["Venomology","Corpse Explosion","Malaise","Phantasmal Killer","Die Die Die","Adrenaline+1","Envenom","Doppelganger","Burst","Wraith Form v2","Tools of the Trade","Night Terror","Unload","After Image","Bullet Time","Storm of Steel","Glass Knife","A Thousand Cuts","Grand Finale","Backflip","Leg Sweep","Cloak And Dagger","Bouncing Flask","Cloak And Dagger","Accuracy","Distraction","Cloak And Dagger+1","Accuracy","Die Die Die","Choke","Blade Dance","Slice","Blur+1","Flechettes"],"special_seed":17762,"relics":["Ring of the Snake","Orichalcum","Tough Bandages","WristBlade","Nloth\u0027s Gift","War Paint","Turnip"],"potions_floor_usage":[2,4,5,6,12,12,16,16,19,22,30,31,33,33],"damage_taken":[{"damage":6,"enemies":"Cultist","floor":1,"turns":3},{"damage":6,"enemies":"Small Slimes","floor":2,"turns":3},{"damage":5,"enemies":"Jaw Worm","floor":3,"turns":3},{"damage":0,"enemies":"Lots of Slimes","floor":4,"turns":1},{"damage":12,"enemies":"Blue Slaver","floor":5,"turns":2},{"damage":35,"enemies":"Gremlin Nob","floor":6,"turns":5},{"damage":0,"enemies":"Exordium Thugs","floor":12,"turns":4},{"damage":6,"enemies":"3 Louse","floor":13,"turns":3},{"damage":0,"enemies":"Large Slime","floor":14,"turns":3},{"damage":0,"enemies":"The Guardian","floor":16,"turns":8},{"damage":31,"enemies":"2 Thieves","floor":18,"turns":5},{"damage":0,"enemies":"3 Byrds","floor":19,"turns":2},{"damage":35,"enemies":"Snake Plant","floor":22,"turns":6},{"damage":21,"enemies":"Book of Stabbing","floor":24,"turns":6},{"damage":8,"enemies":"Centurion and Healer","floor":29,"turns":4},{"damage":3,"enemies":"Snecko","floor":30,"turns":3},{"damage":15,"enemies":"Snake Plant","floor":31,"turns":4},{"damage":67,"enemies":"Automaton","floor":33,"turns":6}],"seed_played":"-5091411404733603740","potions_obtained":[{"floor":3,"key":"Explosive Potion"},{"floor":4,"key":"AttackPotion"},{"floor":5,"key":"EssenceOfSteel"},{"floor":6,"key":"Regen Potion"},{"floor":13,"key":"SteroidPotion"},{"floor":14,"key":"SteroidPotion"},{"floor":18,"key":"Dexterity Potion"},{"floor":19,"key":"Explosive Potion"},{"floor":24,"key":"SpeedPotion"},{"floor":29,"key":"Dexterity Potion"}],"is_trial":false,"path_per_floor":["M","M","M","M","M","E","R","$","T","?","R","M","M","M","R","B",null,"M","M","$","?","M","R","E","R","T","$","?","M","M","M","R"],"character_chosen":"THE_SILENT","items_purchased":["Accuracy","Distraction","Cloak And Dagger","Strawberry","Slice"],"campfire_rested":6,"item_purchase_floors":[8,8,8,20,27],"current_hp_per_floor":[64,58,53,53,41,6,27,27,27,27,48,60,54,54,70,70,70,39,39,46,46,11,34,13,36,36,36,61,53,50,35,58,0],"gold":61,"neow_bonus":"","is_prod":false,"is_daily":true,"chose_seed":false,"campfire_upgraded":0,"win_rate":0.0,"timestamp":1534671562,"path_taken":["M","?","M","M","M","E","R","$","T","?","R","M","?","M","R","BOSS","M","M","$","?","M","R","E","R","T","?","?","M","M","M","R","BOSS"],"build_version":"2018-08-16","purchased_purges":0,"victory":false,"max_hp_per_floor":[70,70,70,70,70,70,70,70,70,70,70,70,70,70,70,70,70,70,70,77,77,77,77,77,77,77,77,77,77,77,77,77,77],"card_choices":[{"not_picked":["Outmaneuver"],"picked":"Backflip","floor":1},{"not_picked":["Dodge and Roll"],"picked":"Leg Sweep","floor":2},{"not_picked":["Poisoned Stab"],"picked":"Cloak And Dagger","floor":3},{"not_picked":["Tools of the Trade"],"picked":"Bouncing Flask","floor":4},{"not_picked":["Outmaneuver"],"picked":"Cloak And Dagger","floor":5},{"not_picked":["Leg Sweep","Phantasmal Killer"],"picked":"SKIP","floor":6},{"not_picked":["Dagger Throw"],"picked":"Accuracy","floor":12},{"not_picked":["Eviscerate","Acrobatics"],"picked":"SKIP","floor":13},{"not_picked":["Masterful Stab","Deadly Poison"],"picked":"SKIP","floor":14},{"not_picked":["Tools of the Trade"],"picked":"Die Die Die","floor":16},{"not_picked":["Quick Slash"],"picked":"Choke","floor":18},{"not_picked":["Quick Slash","PiercingWail"],"picked":"SKIP","floor":19},{"not_picked":["Deadly Poison"],"picked":"Blade Dance","floor":22},{"not_picked":["Poisoned Stab","Endless Agony"],"picked":"SKIP","floor":24},{"not_picked":["Caltrops","Venomology"],"picked":"SKIP","floor":29},{"not_picked":["Poisoned Stab"],"picked":"Blur+1","floor":30},{"not_picked":["Poisoned Stab"],"picked":"Flechettes","floor":31}],"player_experience":16487,"relics_obtained":[{"floor":6,"key":"Orichalcum"},{"floor":9,"key":"Tough Bandages"},{"floor":24,"key":"War Paint"},{"floor":26,"key":"Turnip"}],"event_choices":[{"event_name":"World of Goop","player_choice":"Left","floor":10,"damage_taken":0},{"event_name":"N\u0027loth","player_choice":"Traded a Strawberry","floor":21,"damage_taken":0},{"event_name":"The Library","player_choice":"Heal","floor":28,"damage_taken":0}],"is_beta":true,"boss_relics":[{"not_picked":["Runic Pyramid","Philosopher\u0027s Stone"],"picked":"WristBlade"}],"items_purged_floors":[],"is_endless":false,"potions_floor_spawned":[3,4,5,6,13,14,18,19,24,29],"killed_by":"Automaton","ascension_level":0}