{"gold_per_floor":[113,188,205,205,228,261,261,261,312,312,356,380,398,439,439,564,564,582,140,54,67,85,85,116,116,116,160,160,195,195,225,225,322,322,342,354,102,102],"floor_reached":38,"playtime":1560,"items_purged":["Madness"],"score":635,"play_id":"d218c542-255b-4149-9907-148854c21b12","local_time":"20181209180357","is_ascension_mode":true,"campfire_choices":[{"floor":7,"key":"REST"},{"floor":10,"key":"REST"},{"data":"Limit Break","floor":15,"key":"SMITH"},{"floor":23,"key":"REST"},{"floor":25,"key":"REST"},{"floor":32,"key":"REST"}],"neow_cost":"NONE","seed_source_timestamp":1967005196313717,"circlet_count":0,"master_deck":["Strike_R","Strike_R","Strike_R","Strike_R","Strike_R","Defend_R","Defend_R","Defend_R","Defend_R","Bash","Perfected Strike","Perfected Strike","Headbutt","Offering","Disarm","Perfected Strike","Twin Strike","Wild Strike","Limit Break+1","Demon Form","Flex","True Grit+1","Iron Wave","Fiend Fire","Spot Weakness","Pommel Strike","Clash","Twin Strike","Shrug It Off+1","Headbutt","Offering","Flex"],"relics":["Burning Blood","Vajra","Bloody Idol","Mummified Hand","Bottled Lightning","Dream Catcher","Kunai","Smiling Mask","Eternal Feather","Anchor","Turnip","Ancient Tea Set","Bronze Scales","Art of War","Ginger","Bottled Tornado","Snecko Eye","PrismaticShard"],"potions_floor_usage":[6,14,16,21,22,31],"damage_taken":[{"damage":0,"enemies":"2 Louse","floor":1,"turns":3},{"damage":7,"enemies":"Jaw Worm","floor":3,"turns":3},{"damage":0,"enemies":"Cultist","floor":5,"turns":2},{"damage":33,"enemies":"Lagavulin","floor":6,"turns":5},{"damage":20,"enemies":"Gremlin Nob","floor":11,"turns":3},{"damage":16,"enemies":"Lots of Slimes","floor":12,"turns":3},{"damage":15,"enemies":"Gremlin Gang","floor":13,"turns":3},{"damage":20,"enemies":"Lagavulin","floor":14,"turns":3},{"damage":20,"enemies":"Hexaghost","floor":16,"turns":7},{"damage":6,"enemies":"Spheric Guardian","floor":18,"turns":3},{"damage":26,"enemies":"2 Thieves","floor":21,"turns":3},{"damage":40,"enemies":"Centurion and Healer","floor":22,"turns":6},{"damage":22,"enemies":"Gremlin Leader","floor":24,"turns":5},{"damage":15,"enemies":"Book of Stabbing","floor":27,"turns":2},{"damage":23,"enemies":"Slavers","floor":29,"turns":3},{"damage":51,"enemies":"Book of Stabbing","floor":31,"turns":4},{"damage":55,"enemies":"Champ","floor":33,"turns":8},{"damage":12,"enemies":"Orb Walker","floor":35,"turns":2},{"damage":27,"enemies":"3 Darklings","floor":36,"turns":4},{"damage":48,"enemies":"2 Orb Walkers","floor":38,"turns":2}],"seed_played":"8592178543557149236","potions_obtained":[{"floor":5,"key":"EssenceOfSteel"},{"floor":11,"key":"Regen Potion"},{"floor":12,"key":"GamblersBrew"},{"floor":13,"key":"SkillPotion"},{"floor":18,"key":"Weak Potion"},{"floor":24,"key":"FearPotion"},{"floor":29,"key":"LiquidBronze"},{"floor":36,"key":"Dexterity Potion"}],"is_trial":false,"path_per_floor":["M","?","M","?","M","E","R","T","T","R","E","M","M","E","R","B",null,"M","$","$","M","M","R","E","R","T","E","?","E","?","E","R","B",null,"M","M","$","?"],"character_chosen":"IRONCLAD","items_purchased":["Anchor","Turnip","Madness","PrismaticShard"],"campfire_rested":5,"item_purchase_floors":[19,19,20,37],"current_hp_per_floor":[78,67,66,46,52,25,49,49,49,73,59,49,40,35,35,21,65,65,65,65,45,11,47,31,70,70,61,80,63,63,23,65,21,65,64,48,48,0],"gold":102,"neow_bonus":"RANDOM_COMMON_RELIC","is_prod":false,"is_daily":false,"chose_seed":false,"campfire_upgraded":1,"win_rate":0,"timestamp":1544400237,"path_taken":["M","?","M","?","M","E","R","?","T","R","E","M","?","E","R","BOSS","M","?","$","M","?","R","E","R","T","E","?","E","?","E","R","BOSS","M","M","$","?"],"build_version":"2018-12-06","purchased_purges":1,"victory":false,"max_hp_per_floor":[80,80,80,80,80,80,80,80,80,80,80,80,80,80,80,80,80,80,80,80,80,80,80,80,80,80,80,80,80,80,80,80,80,80,80,80,80,80],"card_choices":[{"not_picked":["True Grit","Cleave"],"picked":"Perfected Strike","floor":1},{"not_picked":["Thunderclap","Bloodletting"],"picked":"Perfected Strike","floor":3},{"not_picked":["Sword Boomerang","True Grit"],"picked":"Headbutt","floor":5},{"not_picked":["Infernal Blade","Body Slam"],"picked":"Offering","floor":6},{"not_picked":["Thunderclap","True Grit"],"picked":"Disarm","floor":10},{"not_picked":["Clothesline","Heavy Blade"],"picked":"Perfected Strike","floor":11},{"not_picked":["Flex","Sever Soul"],"picked":"Twin Strike","floor":12},{"not_picked":["Armaments","Fire Breathing"],"picked":"Wild Strike","floor":13},{"not_picked":["Anger","Heavy Blade"],"picked":"Limit Break","floor":14},{"not_picked":["Juggernaut","Dark Embrace"],"picked":"Demon Form","floor":16},{"not_picked":["Havoc","Cleave"],"picked":"Flex","floor":18},{"not_picked":["Flame Barrier","Intimidate"],"picked":"True Grit+1","floor":21},{"not_picked":["Combust","Sever Soul"],"picked":"Iron Wave","floor":22},{"not_picked":["Pummel","Power Through"],"picked":"Fiend Fire","floor":23},{"not_picked":["Warcry","Body Slam"],"picked":"Spot Weakness","floor":24},{"not_picked":["Shrug It Off+1","Combust+1"],"picked":"Pommel Strike","floor":25},{"not_picked":["Flame Barrier","Clothesline"],"picked":"Clash","floor":27},{"not_picked":["Anger","Ghostly Armor"],"picked":"Twin Strike","floor":29},{"not_picked":["Second Wind","Dual Wield"],"picked":"Shrug It Off+1","floor":31},{"not_picked":["Infernal Blade+1","Sever Soul"],"picked":"Headbutt","floor":32},{"not_picked":["Impervious","Double Tap"],"picked":"Offering","floor":33},{"not_picked":["Body Slam+1","Clash"],"picked":"Flex","floor":35},{"not_picked":["Sever Soul+1","Sword Boomerang","Anger+1"],"picked":"SKIP","floor":36}],"player_experience":292038,"relics_obtained":[{"floor":6,"key":"Mummified Hand"},{"floor":8,"key":"Bottled Lightning"},{"floor":9,"key":"Dream Catcher"},{"floor":11,"key":"Kunai"},{"floor":14,"key":"Smiling Mask"},{"floor":24,"key":"Ancient Tea Set"},{"floor":26,"key":"Bronze Scales"},{"floor":27,"key":"Art of War"},{"floor":29,"key":"Ginger"},{"floor":31,"key":"Bottled Tornado"}],"event_choices":[{"damage_healed":0,"gold_gain":75,"player_choice":"Gather Gold","damage_taken":11,"max_hp_gain":0,"max_hp_loss":0,"event_name":"World of Goop","floor":2,"gold_loss":0},{"damage_healed":0,"gold_gain":0,"player_choice":"Take Damage","damage_taken":20,"relics_obtained":["Golden Idol"],"max_hp_gain":0,"max_hp_loss":0,"event_name":"Golden Idol","floor":4,"gold_loss":0},{"damage_healed":26,"gold_gain":0,"player_choice":"Heal","damage_taken":0,"max_hp_gain":0,"max_hp_loss":0,"event_name":"The Library","floor":28,"gold_loss":0},{"damage_healed":0,"gold_gain":0,"player_choice":"Gave Idol","damage_taken":0,"relics_obtained":["Bloody Idol"],"max_hp_gain":0,"max_hp_loss":0,"event_name":"Forgotten Altar","floor":30,"relics_lost":["Golden Idol"],"gold_loss":0},{"damage_healed":0,"gold_gain":0,"player_choice":"Fight","damage_taken":0,"max_hp_gain":0,"max_hp_loss":0,"event_name":"Mysterious Sphere","floor":38,"gold_loss":0}],"is_beta":false,"boss_relics":[{"not_picked":["Philosopher\u0027s Stone","Fusion Hammer"],"picked":"Eternal Feather"},{"not_picked":["Runic Dome","Sozu"],"picked":"Snecko Eye"}],"items_purged_floors":[37],"is_endless":false,"potions_floor_spawned":[5,11,12,13,18,24,29,36],"killed_by":"2 Orb Walkers","ascension_level":7}