{"gold_per_floor":[118,188,188,188,211,251,251,284,311,349,363,363,381,415,415,415],"floor_reached":16,"playtime":561,"items_purged":[],"score":224,"play_id":"206b3fd5-ebd1-4d2c-a357-6bbfc3abcbca","local_time":"20181221125811","is_ascension_mode":true,"campfire_choices":[{"data":"Zap","floor":7.0,"key":"SMITH"},{"floor":12.0,"key":"REST"},{"data":"Dualcast","floor":15.0,"key":"SMITH"}],"neow_cost":"NONE","seed_source_timestamp":567992304909095,"circlet_count":0,"master_deck":["AscendersBane","Strike_B","Strike_B","Strike_B","Defend_B","Defend_B","Defend_B","Defend_B","Zap+1","Dualcast+1","Darkness","Ball Lightning","Electrodynamics","Leap+1","Conserve Battery+1"],"special_seed":0,"relics":["Cracked Core","Potion Belt","Meat on the Bone","Golden Idol","Boot","Toxic Egg 2","Art of War","Ancient Tea Set"],"potions_floor_usage":[],"damage_taken":[{"damage":0.0,"enemies":"Cultist","floor":1.0,"turns":3.0},{"damage":2.0,"enemies":"Jaw Worm","floor":5.0,"turns":3.0},{"damage":19.0,"enemies":"Gremlin Nob","floor":6.0,"turns":4.0},{"damage":10.0,"enemies":"Lagavulin","floor":8.0,"turns":5.0},{"damage":25.0,"enemies":"Gremlin Nob","floor":10.0,"turns":4.0},{"damage":0.0,"enemies":"2 Louse","floor":11.0,"turns":1.0},{"damage":4.0,"enemies":"Red Slaver","floor":13.0,"turns":3.0},{"damage":10.0,"enemies":"Lagavulin","floor":14.0,"turns":6.0},{"damage":41,"enemies":"Hexaghost","floor":16,"turns":9}],"seed_played":"1310376963930075660","potions_obtained":[{"floor":1.0,"key":"FocusPotion"},{"floor":8.0,"key":"SteroidPotion"},{"floor":10.0,"key":"Swift Potion"}],"is_trial":false,"path_per_floor":["M","T","?","?","M","E","R","E","T","E","M","R","M","E","R","B"],"character_chosen":"DEFECT","items_purchased":[],"campfire_rested":1,"item_purchase_floors":[],"current_hp_per_floor":[64,64,64,64,62,43,43,33,33,20,32,51,47,37,37,0],"gold":415,"neow_bonus":"RANDOM_COMMON_RELIC","is_prod":false,"is_daily":false,"chose_seed":false,"campfire_upgraded":2,"win_rate":0,"timestamp":1545422291,"path_taken":["M","?","?","?","M","E","R","E","T","E","M","R","M","E","R","BOSS"],"build_version":"2018-12-20","purchased_purges":0,"victory":false,"max_hp_per_floor":[71,71,64,64,64,64,64,64,64,64,64,64,64,64,64,64],"card_choices":[{"not_picked":["Steam Power","Melter","Darkness"],"picked":"SKIP","floor":1.0},{"not_picked":["Redo","Chaos"],"picked":"Ball Lightning","floor":5.0},{"not_picked":["Beam Cell","Cold Snap"],"picked":"Electrodynamics","floor":6.0},{"not_picked":["Consume","Stack","Streamline"],"picked":"SKIP","floor":8.0},{"not_picked":["Heatsinks","Beam Cell","Streamline"],"picked":"SKIP","floor":10.0},{"not_picked":["Stack+1","Reprogram+1"],"picked":"Leap+1","floor":11.0},{"not_picked":["Amplify+1","Streamline"],"picked":"Conserve Battery+1","floor":13.0},{"not_picked":["Stack+1","Turbo+1","Go for the Eyes"],"picked":"SKIP","floor":14.0}],"player_experience":723403,"relics_obtained":[{"floor":2.0,"key":"Meat on the Bone"},{"floor":6.0,"key":"Boot"},{"floor":8.0,"key":"Toxic Egg 2"},{"floor":10.0,"key":"Art of War"},{"floor":14.0,"key":"Ancient Tea Set"}],"event_choices":[{"damage_healed":0.0,"max_hp_gain":0.0,"max_hp_loss":7.0,"gold_gain":0.0,"event_name":"Golden Idol","player_choice":"Lose Max HP","floor":3.0,"gold_loss":0.0,"damage_taken":0.0,"relics_obtained":["Golden Idol"]},{"damage_healed":0.0,"max_hp_gain":0.0,"max_hp_loss":0.0,"gold_gain":0.0,"cards_transformed":["Strike_B"],"event_name":"Transmorgrifier","player_choice":"Transformed","floor":4.0,"gold_loss":0.0,"damage_taken":0.0,"cards_obtained":["Darkness"]}],"is_beta":false,"boss_relics":[],"items_purged_floors":[],"is_endless":false,"potions_floor_spawned":[1,8,10],"killed_by":"Hexaghost","ascension_level":15}