{"gold_per_floor":[119,119,129,129,129,169,189,233,233,233,24,24,37,60,60,180,180,196,215,9,108,108,146,170,170],"floor_reached":25,"playtime":634,"items_purged":["Regret"],"score":256,"play_id":"e3348166-5823-49d1-9362-2505792dcb60","local_time":"20181223204309","is_ascension_mode":false,"campfire_choices":[{"floor":10.0,"key":"REST"},{"data":"Zap","floor":12.0,"key":"SMITH"},{"data":"Go for the Eyes","floor":15.0,"key":"SMITH"}],"neow_cost":"NONE","seed_source_timestamp":0,"circlet_count":0,"master_deck":["Strike_B","Strike_B","Defend_B","Defend_B","Defend_B","Defend_B","Zap+1","Dualcast","Coolheaded","Compile Driver","Ball Lightning","Go for the Eyes+1","Steam","Core Surge","Injury","Doubt","Apotheosis","Chaos"],"special_seed":0,"relics":["Cracked Core","DataDisk","Darkstone Periapt","Golden Idol","The Courier","Centennial Puzzle","Pear","Frozen Egg 2","Calling Bell","Happy Flower","Pantograph","Nunchaku","Shovel"],"potions_floor_usage":[18,23],"damage_taken":[{"damage":11.0,"enemies":"Jaw Worm","floor":1.0,"turns":2.0},{"damage":0.0,"enemies":"Cultist","floor":3.0,"turns":3.0},{"damage":21.0,"enemies":"Gremlin Nob","floor":6.0,"turns":4.0},{"damage":0.0,"enemies":"2 Louse","floor":7.0,"turns":2.0},{"damage":21.0,"enemies":"3 Sentries","floor":8.0,"turns":6.0},{"damage":0.0,"enemies":"2 Fungi Beasts","floor":13.0,"turns":3.0},{"damage":2.0,"enemies":"3 Louse","floor":14.0,"turns":2.0},{"damage":9.0,"enemies":"Slime Boss","floor":16.0,"turns":6.0},{"damage":26,"enemies":"3 Byrds","floor":18,"turns":4},{"damage":48,"enemies":"2 Thieves","floor":19,"turns":5},{"damage":13,"enemies":"Book of Stabbing","floor":23,"turns":7},{"damage":15,"enemies":"Shelled Parasite and Fungi","floor":24,"turns":5},{"damage":7,"enemies":"Cultist and Chosen","floor":25,"turns":1}],"seed_played":"-5487115893548448448","potions_obtained":[{"floor":6.0,"key":"AttackPotion"},{"floor":8.0,"key":"FairyPotion"},{"floor":13.0,"key":"FearPotion"},{"floor":16.0,"key":"Explosive Potion"},{"floor":19,"key":"Explosive Potion"},{"floor":23,"key":"PowerPotion"}],"is_trial":false,"path_per_floor":["M","?","M","?","?","E","M","E","T","R","$","R","M","M","R","B",null,"M","M","$","?","?","E","M","M"],"character_chosen":"DEFECT","items_purchased":["Frozen Egg 2","Apotheosis"],"campfire_rested":1,"item_purchase_floors":[11,20],"current_hp_per_floor":[64,64,64,64,57,36,36,15,25,48,48,48,48,46,46,37,97,71,23,23,23,23,10,6,0],"gold":170,"neow_bonus":"RANDOM_COMMON_RELIC","is_prod":false,"is_daily":false,"chose_seed":false,"campfire_upgraded":2,"win_rate":0,"timestamp":1545622989,"path_taken":["M","?","?","?","?","E","M","E","T","R","$","R","M","M","R","BOSS","M","M","$","?","?","E","M","M"],"build_version":"2018-12-20","purchased_purges":1,"victory":false,"max_hp_per_floor":[75,75,75,69,69,69,69,69,79,79,79,79,79,79,79,79,97,97,97,97,97,97,97,97,97],"card_choices":[{"not_picked":["Streamline","Steam Power"],"picked":"Skim","floor":1.0},{"not_picked":["Redo","Static Discharge"],"picked":"Coolheaded","floor":3.0},{"not_picked":["Chaos","Gash"],"picked":"Compile Driver","floor":6.0},{"not_picked":["Reprogram","Coolheaded"],"picked":"Ball Lightning","floor":7.0},{"not_picked":["Skim","Gash"],"picked":"Go for the Eyes","floor":8.0},{"not_picked":["Force Field","Sweeping Beam","Rebound"],"picked":"SKIP","floor":13.0},{"not_picked":["Recycle","Rebound"],"picked":"Steam","floor":14.0},{"not_picked":["Meteor Strike","Reboot"],"picked":"Core Surge","floor":16.0},{"not_picked":["Fusion","Turbo","Sweeping Beam"],"picked":"SKIP","floor":18},{"not_picked":["Leap","Redo+1","Ball Lightning"],"picked":"SKIP","floor":19},{"not_picked":["Steam+1","Force Field","Leap"],"picked":"SKIP","floor":23},{"not_picked":["Consume+1","Go for the Eyes","Barrage"],"picked":"SKIP","floor":24}],"player_experience":731507,"relics_obtained":[{"floor":6.0,"key":"The Courier"},{"floor":8.0,"key":"Centennial Puzzle"},{"floor":9.0,"key":"Pear"},{"floor":17.0,"key":"Happy Flower"},{"floor":17.0,"key":"Pantograph"},{"floor":17.0,"key":"Nunchaku"},{"floor":23,"key":"Shovel"}],"event_choices":[{"cards_removed":["Skim"],"damage_healed":0.0,"max_hp_gain":0.0,"max_hp_loss":0.0,"gold_gain":0.0,"event_name":"WeMeetAgain","player_choice":"Gave Card","floor":2.0,"gold_loss":0.0,"damage_taken":0.0,"relics_obtained":["Darkstone Periapt"]},{"damage_healed":0.0,"max_hp_gain":0.0,"max_hp_loss":6.0,"gold_gain":0.0,"event_name":"Golden Idol","player_choice":"Lose Max HP","floor":4.0,"gold_loss":0.0,"damage_taken":0.0,"relics_obtained":["Golden Idol"]},{"cards_removed":["Strike_B"],"damage_healed":0.0,"max_hp_gain":0.0,"max_hp_loss":0.0,"gold_gain":0.0,"event_name":"Golden Wing","player_choice":"Card Removal","floor":5.0,"gold_loss":0.0,"damage_taken":7.0},{"damage_healed":0,"gold_gain":99,"player_choice":"Stole From Cult","damage_taken":0,"max_hp_gain":0,"max_hp_loss":0,"event_name":"Nest","floor":21,"gold_loss":0},{"damage_healed":0,"gold_gain":0,"cards_transformed":["Strike_B"],"player_choice":"Transformed","damage_taken":0,"max_hp_gain":0,"max_hp_loss":0,"event_name":"Transmorgrifier","floor":22,"gold_loss":0,"cards_obtained":["Chaos"]}],"is_beta":false,"boss_relics":[{"not_picked":["Coffee Dripper","Empty Cage"],"picked":"Calling Bell"}],"items_purged_floors":[20],"is_endless":false,"potions_floor_spawned":[6,8,13,16,19,23],"killed_by":"Cultist and Chosen","ascension_level":0}