{"gold_per_floor":[111,131,131,146,161,189,189,252,278,293,307,307],"floor_reached":12,"playtime":559,"items_purged":[],"score":129,"play_id":"96f013d7-7296-40a1-a514-d42e2c01a166","local_time":"20181216130537","is_ascension_mode":true,"campfire_choices":[{"data":"Adrenaline","floor":7,"key":"SMITH"}],"neow_cost":"NONE","seed_source_timestamp":2554909404677977,"circlet_count":0,"master_deck":["Defend_G","Defend_G","Defend_G","Defend_G","Defend_G","Strike_G","Strike_G","Strike_G","Strike_G","Strike_G","Survivor","Neutralize","Underhanded Strike","Underhanded Strike","Flying Knee","Adrenaline+1","Dagger Throw","Predator","PiercingWail"],"relics":["Ring of the Snake","Ancient Tea Set","Tiny Chest","Pen Nib"],"potions_floor_usage":[8,12,12,12],"damage_taken":[{"damage":0,"enemies":"Small Slimes","floor":1,"turns":5},{"damage":0,"enemies":"Cultist","floor":2,"turns":3},{"damage":2,"enemies":"2 Louse","floor":4,"turns":3},{"damage":4,"enemies":"2 Fungi Beasts","floor":5,"turns":3},{"damage":42,"enemies":"Lagavulin","floor":6,"turns":9},{"damage":26,"enemies":"Gremlin Nob","floor":8,"turns":4},{"damage":0,"enemies":"3 Louse","floor":10,"turns":2},{"damage":0,"enemies":"Blue Slaver","floor":11,"turns":1},{"damage":3,"enemies":"Gremlin Gang","floor":12,"turns":2}],"seed_played":"-5376532046519932993","potions_obtained":[{"floor":5,"key":"SkillPotion"},{"floor":6,"key":"AttackPotion"},{"floor":8,"key":"Weak Potion"},{"floor":11,"key":"SkillPotion"}],"is_trial":false,"path_per_floor":["M","M","?","M","M","E","R","E","T","M","M","M"],"character_chosen":"THE_SILENT","items_purchased":[],"campfire_rested":0,"item_purchase_floors":[],"current_hp_per_floor":[70,70,77,75,71,29,29,3,3,3,3,0],"gold":307,"neow_bonus":"TEN_PERCENT_HP_BONUS","is_prod":false,"is_daily":false,"chose_seed":false,"campfire_upgraded":1,"win_rate":0,"timestamp":1544987137,"path_taken":["M","M","?","M","?","E","R","E","T","M","M","M"],"build_version":"2018-12-13","purchased_purges":0,"victory":false,"max_hp_per_floor":[77,77,77,77,77,77,77,77,77,77,77,77],"card_choices":[{"not_picked":["Dagger Spray","Deadly Poison"],"picked":"Underhanded Strike","floor":1},{"not_picked":["Backflip","Slice"],"picked":"Masterful Stab","floor":2},{"not_picked":["Choke","Acrobatics"],"picked":"Underhanded Strike","floor":4},{"not_picked":["Deflect","Deadly Poison"],"picked":"Flying Knee","floor":5},{"not_picked":["Caltrops","Concentrate"],"picked":"Adrenaline","floor":6},{"not_picked":["Storm of Steel","Blade Dance"],"picked":"Dagger Throw","floor":8},{"not_picked":["Riddle With Holes","Deadly Poison"],"picked":"Predator","floor":10},{"not_picked":["Blade Dance","Sucker Punch"],"picked":"PiercingWail","floor":11}],"player_experience":298856,"relics_obtained":[{"floor":6,"key":"Ancient Tea Set"},{"floor":8,"key":"Tiny Chest"},{"floor":9,"key":"Pen Nib"}],"event_choices":[{"cards_removed":["Masterful Stab"],"damage_healed":7,"gold_gain":0,"player_choice":"Offered Uncommon","damage_taken":0,"max_hp_gain":0,"max_hp_loss":0,"event_name":"Bonfire Elementals","floor":3,"gold_loss":0}],"is_beta":false,"boss_relics":[],"items_purged_floors":[],"is_endless":false,"potions_floor_spawned":[5,6,8,11],"killed_by":"Gremlin Gang","ascension_level":8}