{"gold_per_floor":[113,113,113,113,113,113,133,156,182,213,228,262,286,304,304,398,398,430,188,188],"floor_reached":20,"playtime":1360,"items_purged":["Normality"],"score":331,"play_id":"644693c4-331a-4f0c-899a-483f278e99dd","local_time":"20190126144429","is_ascension_mode":true,"campfire_choices":[{"floor":6,"key":"REST"},{"floor":15,"key":"REST"}],"neow_cost":"NONE","seed_source_timestamp":271801366550125,"circlet_count":0,"master_deck":["AscendersBane","Strike_B","Strike_B","Strike_B","Defend_B+1","Defend_B","Defend_B","Defend_B+1","Zap+1","Dualcast","Hologram","Conserve Battery","White Noise","Hologram","Defragment","Cold Snap","Echo Form","Normality","Writhe","Biased Cognition","Machine Learning"],"relics":["Cracked Core","NeowsBlessing","Golden Idol","Letter Opener","Centennial Puzzle","Calling Bell","MawBank","The Courier","Thread and Needle","Happy Flower"],"potions_floor_usage":[10,10,16,16],"damage_taken":[{"damage":0,"enemies":"2 Louse","floor":1,"turns":1},{"damage":0,"enemies":"Small Slimes","floor":7,"turns":1},{"damage":0,"enemies":"Jaw Worm","floor":8,"turns":1},{"damage":10,"enemies":"Lagavulin","floor":10,"turns":5},{"damage":13,"enemies":"Large Slime","floor":11,"turns":5},{"damage":9,"enemies":"3 Sentries","floor":12,"turns":7},{"damage":13,"enemies":"2 Fungi Beasts","floor":13,"turns":4},{"damage":0,"enemies":"3 Louse","floor":14,"turns":1},{"damage":15,"enemies":"Hexaghost","floor":16,"turns":14},{"damage":24,"enemies":"Spheric Guardian","floor":18,"turns":6},{"damage":30,"enemies":"Colosseum Slavers","floor":20,"turns":3}],"seed_played":"242791595750981861","potions_obtained":[{"floor":7,"key":"FocusPotion"},{"floor":8,"key":"AttackPotion"},{"floor":12,"key":"AttackPotion"},{"floor":13,"key":"SkillPotion"},{"floor":18,"key":"SteroidPotion"}],"is_trial":false,"path_per_floor":["M","?","?","?","?","R","M","M","T","E","M","E","M","M","R","B",null,"M","$","?"],"character_chosen":"DEFECT","items_purchased":["Happy Flower","Machine Learning"],"campfire_rested":2,"item_purchase_floors":[19,19],"current_hp_per_floor":[64,64,64,45,38,57,57,57,57,47,34,25,12,12,31,16,52,28,28,0],"gold":188,"neow_bonus":"THREE_ENEMY_KILL","is_prod":false,"is_daily":false,"chose_seed":false,"campfire_upgraded":0,"win_rate":0,"timestamp":1548539069,"path_taken":["M","?","?","?","?","R","M","M","T","E","?","E","M","M","R","BOSS","M","$","?"],"build_version":"2019-01-23","purchased_purges":1,"victory":false,"max_hp_per_floor":[71,64,64,64,64,64,64,64,64,64,64,64,64,64,64,64,64,64,64,64],"card_choices":[{"not_picked":["Barrage","Steam Power"],"picked":"Hologram","floor":1},{"not_picked":["Go for the Eyes","Rebound"],"picked":"Conserve Battery","floor":7},{"not_picked":["Leap","Static Discharge"],"picked":"White Noise","floor":8},{"not_picked":["Hello World","Turbo"],"picked":"Hologram","floor":10},{"not_picked":["Beam Cell","Undo"],"picked":"Defragment","floor":11},{"not_picked":["Barrage","Fusion","All For One"],"picked":"SKIP","floor":12},{"not_picked":["Streamline","Stack","Reprogram"],"picked":"SKIP","floor":13},{"not_picked":["Gash","Static Discharge"],"picked":"Cold Snap","floor":14},{"not_picked":["Multi-Cast","Machine Learning"],"picked":"Echo Form","floor":16},{"not_picked":["Compile Driver","Rebound"],"picked":"Biased Cognition","floor":18}],"player_experience":746934,"relics_obtained":[{"floor":10,"key":"Letter Opener"},{"floor":12,"key":"Centennial Puzzle"},{"floor":17,"key":"MawBank"},{"floor":17,"key":"The Courier"},{"floor":17,"key":"Thread and Needle"}],"event_choices":[{"damage_healed":0,"gold_gain":0,"player_choice":"Lose Max HP","damage_taken":0,"relics_obtained":["Golden Idol"],"max_hp_gain":0,"max_hp_loss":7,"event_name":"Golden Idol","floor":2,"gold_loss":0},{"damage_healed":0,"gold_gain":0,"player_choice":"Grow","damage_taken":0,"max_hp_gain":0,"max_hp_loss":0,"event_name":"Living Wall","floor":3,"gold_loss":0,"cards_upgraded":["Zap"]},{"damage_healed":0,"gold_gain":0,"player_choice":"Entered Light","damage_taken":19,"max_hp_gain":0,"max_hp_loss":0,"event_name":"Shining Light","floor":4,"gold_loss":0,"cards_upgraded":["Defend_B","Defend_B"]},{"cards_removed":["Strike_B"],"damage_healed":0,"gold_gain":0,"player_choice":"Card Removal","damage_taken":7,"max_hp_gain":0,"max_hp_loss":0,"event_name":"Golden Wing","floor":5,"gold_loss":0},{"damage_healed":0,"gold_gain":0,"player_choice":"Fight","damage_taken":0,"max_hp_gain":0,"max_hp_loss":0,"event_name":"Colosseum","floor":20,"gold_loss":0}],"is_beta":false,"boss_relics":[{"not_picked":["Busted Crown","Runic Dome"],"picked":"Calling Bell"}],"items_purged_floors":[19],"is_endless":false,"potions_floor_spawned":[7,8,12,13,18],"killed_by":"Colosseum Slavers","ascension_level":16}