{"gold_per_floor":[115,40,40,52,52,52,52,84,84,97,97,116,142,38,38,116,116,131,131,141,141,161,161],"floor_reached":23,"playtime":726,"items_purged":[],"score":358,"play_id":"c94d568f-4bcd-4fab-9354-0f4459728b21","local_time":"20181221143611","is_ascension_mode":true,"campfire_choices":[{"data":"Zap","floor":6,"key":"SMITH"},{"floor":11,"key":"REST"},{"floor":15,"key":"REST"}],"neow_cost":"NONE","seed_source_timestamp":573809274729432,"circlet_count":0,"master_deck":["AscendersBane","Defend_B","Defend_B","Defend_B","Defend_B","Zap+1","Dualcast","Ball Lightning+1","Steam","Reinforced Body","Conserve Battery","Coolheaded","Blizzard","Electrodynamics+1","Machine Learning","Barrage"],"relics":["Cracked Core","Ancient Tea Set","Vajra","The Courier","Letter Opener","Centennial Puzzle","Tiny Chest","Philosopher\u0027s Stone"],"potions_floor_usage":[8,13,23],"damage_taken":[{"damage":10,"enemies":"Small Slimes","floor":1,"turns":3},{"damage":2,"enemies":"Jaw Worm","floor":4,"turns":3},{"damage":14,"enemies":"3 Sentries","floor":8,"turns":6},{"damage":0,"enemies":"Cultist","floor":10,"turns":3},{"damage":14,"enemies":"Exordium Thugs","floor":12,"turns":4},{"damage":3,"enemies":"Lagavulin","floor":13,"turns":6},{"damage":48,"enemies":"Slime Boss","floor":16,"turns":12},{"damage":18,"enemies":"2 Thieves","floor":18,"turns":4},{"damage":18,"enemies":"3 Byrds","floor":20,"turns":3},{"damage":8,"enemies":"Snecko","floor":22,"turns":4},{"damage":20,"enemies":"Gremlin Leader","floor":23,"turns":2}],"seed_played":"-1155804649089642280","potions_obtained":[{"floor":4,"key":"Dexterity Potion"},{"floor":10,"key":"FearPotion"},{"floor":22,"key":"LiquidBronze"}],"is_trial":false,"path_per_floor":["M","?","T","M","?","R","?","E","T","M","R","M","E","$","R","B",null,"M","?","M","?","M","E"],"character_chosen":"DEFECT","items_purchased":["Tiny Chest"],"campfire_rested":2,"item_purchase_floors":[14],"current_hp_per_floor":[54,54,54,52,41,41,41,27,27,27,48,34,31,31,52,4,54,36,36,18,18,10,0],"gold":161,"neow_bonus":"TRANSFORM_CARD","is_prod":false,"is_daily":false,"chose_seed":false,"campfire_upgraded":1,"win_rate":0,"timestamp":1545428171,"path_taken":["M","?","?","M","?","R","?","E","T","M","R","?","E","?","R","BOSS","M","?","?","?","M","E"],"build_version":"2018-12-20","purchased_purges":0,"victory":false,"max_hp_per_floor":[71,71,71,71,71,71,71,71,71,71,71,71,71,71,71,71,71,71,71,71,71,71,71],"card_choices":[{"not_picked":["Redo","Turbo","Recycle"],"picked":"SKIP","floor":1},{"not_picked":["Consume","Chaos"],"picked":"Steam","floor":4},{"not_picked":["Barrage","Gash"],"picked":"Reinforced Body","floor":8},{"not_picked":["Beam Cell","Melter"],"picked":"Conserve Battery","floor":10},{"not_picked":["Rebound","Streamline"],"picked":"Coolheaded","floor":12},{"not_picked":["Consume","Compile Driver"],"picked":"Blizzard","floor":13},{"not_picked":["All For One","Rainbow"],"picked":"Electrodynamics","floor":16},{"not_picked":["Static Discharge+1","Cold Snap","Steam+1"],"picked":"SKIP","floor":18},{"not_picked":["Double Energy","Darkness","Conserve Battery"],"picked":"SKIP","floor":20},{"not_picked":["Go for the Eyes","Consume","Streamline"],"picked":"SKIP","floor":22}],"player_experience":728577,"relics_obtained":[{"floor":3,"key":"Ancient Tea Set"},{"floor":8,"key":"The Courier"},{"floor":9,"key":"Letter Opener"},{"floor":13,"key":"Centennial Puzzle"}],"event_choices":[{"cards_removed":["Strike_B"],"damage_healed":0,"gold_gain":0,"player_choice":"Card Removal","damage_taken":0,"max_hp_gain":0,"max_hp_loss":0,"event_name":"The Cleric","floor":2,"gold_loss":75},{"damage_healed":0,"gold_gain":0,"player_choice":"Success","damage_taken":11,"relics_obtained":["Vajra"],"max_hp_gain":0,"max_hp_loss":0,"event_name":"Scrap Ooze","floor":5,"gold_loss":0},{"damage_healed":0,"gold_gain":0,"player_choice":"Forge","damage_taken":0,"max_hp_gain":0,"max_hp_loss":0,"event_name":"Accursed Blacksmith","floor":7,"gold_loss":0,"cards_upgraded":["Ball Lightning"]},{"damage_healed":0,"gold_gain":0,"player_choice":"Upgraded","damage_taken":0,"max_hp_gain":0,"max_hp_loss":0,"event_name":"Upgrade Shrine","floor":19,"gold_loss":0,"cards_upgraded":["Electrodynamics"]},{"damage_healed":0,"gold_gain":0,"cards_transformed":["Strike_B","Strike_B"],"player_choice":"Became Test Subject","damage_taken":0,"max_hp_gain":0,"max_hp_loss":0,"event_name":"Drug Dealer","floor":21,"gold_loss":0,"cards_obtained":["Machine Learning","Barrage"]}],"is_beta":false,"boss_relics":[{"not_picked":["Eternal Feather","Nuclear Battery"],"picked":"Philosopher\u0027s Stone"}],"items_purged_floors":[],"is_endless":false,"potions_floor_spawned":[4,10,22],"killed_by":"Gremlin Leader","ascension_level":16}