{"gold_per_floor":[117,128,143,143,143,143,173,173,173,193,193,193,243,266,266,266],"floor_reached":16,"playtime":439,"items_purged":[],"score":195,"play_id":"924bcaad-acc6-403d-8bdb-688149f1a8cf","local_time":"20181101011142","is_ascension_mode":true,"campfire_choices":[{"data":"Zap","floor":6,"key":"SMITH"},{"floor":8,"key":"RECALL"},{"data":"Seek","floor":11,"key":"SMITH"},{"data":"Rainbow","floor":15,"key":"SMITH"}],"neow_cost":"NONE","seed_source_timestamp":596022713313540,"circlet_count":0,"master_deck":["Strike_B","Strike_B","Strike_B","Strike_B","Defend_B","Defend_B","Defend_B","Defend_B","Zap+1","Dualcast","AscendersBane","Fission+1","Cold Snap+1","Seek+1","Compile Driver","Darkness","Compile Driver","Rainbow+1"],"relics":["Cracked Core","Question Card","Letter Opener","Golden Idol"],"potions_floor_usage":[14,16],"damage_taken":[{"damage":7,"enemies":"Small Slimes","floor":1,"turns":3},{"damage":0,"enemies":"Cultist","floor":2,"turns":3},{"damage":2,"enemies":"2 Louse","floor":3,"turns":3},{"damage":23,"enemies":"3 Sentries","floor":7,"turns":10},{"damage":0,"enemies":"2 Fungi Beasts","floor":10,"turns":3},{"damage":0,"enemies":"3 Louse","floor":14,"turns":3},{"damage":11,"enemies":"Hexaghost","floor":16,"turns":7}],"seed_played":"-645492289124824710","potions_obtained":[{"floor":3,"key":"Energy Potion"},{"floor":10,"key":"Block Potion"}],"is_trial":false,"path_per_floor":["M","M","M","?","?","R","E","R","T","M","R","?","?","M","R","B"],"character_chosen":"DEFECT","items_purchased":[],"campfire_rested":0,"item_purchase_floors":[],"current_hp_per_floor":[57,57,55,34,34,34,11,11,11,11,11,11,5,5,5,0],"gold":266,"neow_bonus":"ONE_RANDOM_RARE_CARD","is_prod":false,"is_daily":false,"chose_seed":false,"campfire_upgraded":3,"win_rate":0,"timestamp":1541059902,"path_taken":["M","M","M","?","?","R","E","R","T","M","R","?","?","M","R","BOSS"],"build_version":"2018-10-30","purchased_purges":0,"victory":false,"max_hp_per_floor":[71,71,71,71,71,71,71,71,71,71,71,64,64,64,64,64],"card_choices":[{"not_picked":["Scrape","Streamline"],"picked":"Cold Snap","floor":1},{"not_picked":["Gash","Beam Cell"],"picked":"Seek","floor":2},{"not_picked":["Auto Shields","Coolheaded"],"picked":"Compile Driver","floor":3},{"not_picked":["Melter","Gash"],"picked":"Darkness","floor":7},{"not_picked":["Gash","Scrape","Leap"],"picked":"Compile Driver","floor":10},{"not_picked":["Turbo","Redo","Rebound"],"picked":"Rainbow","floor":14}],"player_experience":911762,"relics_obtained":[{"floor":7,"key":"Question Card"},{"floor":9,"key":"Letter Opener"}],"event_choices":[{"damage_healed":0,"gold_gain":0,"player_choice":"Entered Light","damage_taken":21,"max_hp_gain":0,"max_hp_loss":0,"event_name":"Shining Light","floor":4,"gold_loss":0,"cards_upgraded":["Fission","Cold Snap"]},{"damage_healed":0,"gold_gain":0,"player_choice":"Ignored","damage_taken":0,"max_hp_gain":0,"max_hp_loss":0,"event_name":"Liars Game","floor":5,"gold_loss":0},{"damage_healed":0,"gold_gain":0,"player_choice":"Lose Max HP","damage_taken":0,"relics_obtained":["Golden Idol"],"max_hp_gain":0,"max_hp_loss":7,"event_name":"Golden Idol","floor":12,"gold_loss":0},{"damage_healed":0,"gold_gain":50,"player_choice":"Touch","damage_taken":6,"max_hp_gain":0,"max_hp_loss":0,"event_name":"FaceTrader","floor":13,"gold_loss":0}],"is_beta":true,"boss_relics":[],"items_purged_floors":[],"is_endless":false,"potions_floor_spawned":[3,10],"killed_by":"Hexaghost","ascension_level":19}