{"gold_per_floor":[117,130,130,130,57,57,105,105,130,29,59,77,55,70,70,167,167,184,84,100,100,110,110,143,143],"floor_reached":25,"playtime":1172,"items_purged":["Strike_G","Underhanded Strike"],"score":230,"play_id":"0ad1a993-8e2b-47bd-b148-369a2cbacc62","local_time":"20190205191327","is_ascension_mode":true,"campfire_choices":[{"data":"Catalyst","floor":6,"key":"SMITH"},{"data":"Neutralize","floor":8,"key":"SMITH"},{"floor":15,"key":"REST"},{"floor":23,"key":"REST"}],"neow_cost":"PERCENT_DAMAGE","seed_source_timestamp":443831611295923,"circlet_count":0,"master_deck":["Defend_G","Defend_G","Defend_G","Defend_G","Defend_G","Strike_G","Strike_G","Strike_G","Strike_G","Survivor","Neutralize+1","Outmaneuver","Noxious Fumes+1","Catalyst+1","Backflip+1","Deadly Poison","Acrobatics","Deflect"],"relics":["Ring of the Snake","Torii","Orichalcum","Lantern","Dream Catcher","Odd Mushroom","Eternal Feather","Anchor"],"potions_floor_usage":[11,25,25],"damage_taken":[{"damage":0,"enemies":"Cultist","floor":1,"turns":4},{"damage":9,"enemies":"Jaw Worm","floor":2,"turns":7},{"damage":12,"enemies":"The Mushroom Lair","floor":11,"turns":4},{"damage":1,"enemies":"2 Louse","floor":12,"turns":3},{"damage":15,"enemies":"Exordium Thugs","floor":14,"turns":6},{"damage":21,"enemies":"Slime Boss","floor":16,"turns":9},{"damage":6,"enemies":"Chosen","floor":18,"turns":5},{"damage":17,"enemies":"Spheric Guardian","floor":20,"turns":6},{"damage":20,"enemies":"Shelled Parasite and Fungi","floor":22,"turns":7},{"damage":50,"enemies":"Slavers","floor":24,"turns":7},{"damage":7,"enemies":"Colosseum Slavers","floor":25,"turns":2}],"seed_played":"-752886397011730827","potions_obtained":[{"floor":2,"key":"Regen Potion"},{"floor":11,"key":"SpeedPotion"},{"floor":12,"key":"SteroidPotion"},{"floor":24,"key":"Fire Potion"}],"is_trial":false,"path_per_floor":["M","M","?","?","$","R","T","R","T","$","?","M","$","M","R","B",null,"M","$","M","?","M","R","E","?"],"character_chosen":"THE_SILENT","items_purchased":["Catalyst","Backflip","Acrobatics"],"campfire_rested":2,"item_purchase_floors":[5,10,13],"current_hp_per_floor":[49,40,37,37,37,37,37,37,37,37,37,36,36,21,42,21,70,64,64,47,47,27,57,7,0],"gold":143,"neow_bonus":"ONE_RARE_RELIC","is_prod":false,"is_daily":false,"chose_seed":false,"campfire_upgraded":2,"win_rate":0,"timestamp":1549415607,"path_taken":["M","M","?","?","$","R","?","R","T","$","?","M","$","M","R","BOSS","M","$","M","?","?","R","E","?"],"build_version":"2019-01-23","purchased_purges":2,"victory":false,"max_hp_per_floor":[70,70,70,70,70,70,70,70,70,70,70,70,70,70,70,70,70,70,70,70,70,70,70,70,70],"card_choices":[{"not_picked":["Sucker Punch","Terror"],"picked":"Outmaneuver","floor":1},{"not_picked":["Crippling Poison","Flying Knee"],"picked":"Noxious Fumes","floor":2},{"not_picked":["Storm of Steel","Predator"],"picked":"Deadly Poison","floor":12},{"not_picked":["Flying Knee","Backflip"],"picked":"Underhanded Strike","floor":14},{"not_picked":["Cloak And Dagger","Prepared","Underhanded Strike+1"],"picked":"SKIP","floor":18},{"not_picked":["Accuracy+1","Acrobatics","Dagger Throw"],"picked":"SKIP","floor":20},{"not_picked":["Setup","Outmaneuver"],"picked":"Deflect","floor":22},{"not_picked":["Finisher","Deflect","Setup"],"picked":"SKIP","floor":24}],"player_experience":117072,"relics_obtained":[{"floor":7,"key":"Lantern"},{"floor":9,"key":"Dream Catcher"},{"floor":11,"key":"Odd Mushroom"},{"floor":24,"key":"Anchor"}],"event_choices":[{"damage_healed":0,"gold_gain":0,"player_choice":"Success","damage_taken":3,"relics_obtained":["Orichalcum"],"max_hp_gain":0,"max_hp_loss":0,"event_name":"Scrap Ooze","floor":3,"gold_loss":0},{"damage_healed":0,"gold_gain":0,"player_choice":"Grow","damage_taken":0,"max_hp_gain":0,"max_hp_loss":0,"event_name":"Living Wall","floor":4,"gold_loss":0,"cards_upgraded":["Noxious Fumes"]},{"damage_healed":0,"gold_gain":0,"player_choice":"Fought Mushrooms","damage_taken":0,"max_hp_gain":0,"max_hp_loss":0,"event_name":"Mushrooms","floor":11,"gold_loss":0},{"damage_healed":0,"gold_gain":0,"player_choice":"Forge","damage_taken":0,"max_hp_gain":0,"max_hp_loss":0,"event_name":"Accursed Blacksmith","floor":21,"gold_loss":0,"cards_upgraded":["Backflip"]},{"damage_healed":0,"gold_gain":0,"player_choice":"Fight","damage_taken":0,"max_hp_gain":0,"max_hp_loss":0,"event_name":"Colosseum","floor":25,"gold_loss":0}],"is_beta":false,"boss_relics":[{"not_picked":["Pandora\u0027s Box","Fusion Hammer"],"picked":"Eternal Feather"}],"items_purged_floors":[10,19],"is_endless":false,"potions_floor_spawned":[2,11,12,24],"killed_by":"Colosseum Slavers","ascension_level":2}