{"gold_per_floor":[12,27,27,46,46,46,103,103,103,132,132,463,463,490,490,490],"floor_reached":16,"playtime":933,"items_purged":[],"score":241,"play_id":"a05b6625-7e80-4209-8718-b927efbafccb","local_time":"20190126023134","is_ascension_mode":true,"campfire_choices":[{"data":"Bash","floor":6,"key":"SMITH"},{"floor":8,"key":"REST"},{"floor":11,"key":"REST"},{"floor":13,"key":"REST"},{"floor":15,"key":"REST"}],"neow_cost":"NO_GOLD","seed_source_timestamp":346301962877416,"circlet_count":0,"master_deck":["AscendersBane","Strike_R","Strike_R","Strike_R","Strike_R","Strike_R","Defend_R","Defend_R","Defend_R","Defend_R+1","Bash+1","Flex","Corruption+1","True Grit","Battle Trance","Heavy Blade","Shrug It Off","Offering"],"relics":["Burning Blood","Shuriken","Boot","Bag of Preparation","Old Coin","Mango"],"potions_floor_usage":[10,16,16],"damage_taken":[{"damage":4,"enemies":"2 Louse","floor":1,"turns":3},{"damage":4,"enemies":"Small Slimes","floor":2,"turns":4},{"damage":3,"enemies":"Jaw Worm","floor":4,"turns":5},{"damage":64,"enemies":"Lagavulin Event","floor":7,"turns":7},{"damage":25,"enemies":"3 Sentries","floor":10,"turns":8},{"damage":34,"enemies":"Gremlin Nob","floor":12,"turns":4},{"damage":45,"enemies":"3 Sentries","floor":14,"turns":8},{"damage":68,"enemies":"Slime Boss","floor":16,"turns":8}],"seed_played":"7044416556610565699","potions_obtained":[{"floor":4,"key":"Explosive Potion"},{"floor":10,"key":"GamblersBrew"},{"floor":14,"key":"Weak Potion"}],"is_trial":false,"path_per_floor":["M","M","?","M","?","R","?","R","T","E","R","E","R","E","R","B"],"character_chosen":"IRONCLAD","items_purchased":[],"campfire_rested":4,"item_purchase_floors":[],"current_hp_per_floor":[90,92,92,95,76,76,18,46,46,27,55,27,55,30,63,0],"gold":490,"neow_bonus":"TWENTY_PERCENT_HP_BONUS","is_prod":false,"is_daily":false,"chose_seed":false,"campfire_upgraded":1,"win_rate":0,"timestamp":1548487894,"path_taken":["M","M","?","M","?","R","?","R","T","E","R","E","R","E","R","BOSS"],"build_version":"2019-01-23","purchased_purges":0,"victory":false,"max_hp_per_floor":[96,96,96,96,96,96,96,96,96,96,96,96,96,110,110,110],"card_choices":[{"not_picked":["Warcry","Twin Strike"],"picked":"Flex","floor":1},{"not_picked":["Body Slam","Perfected Strike"],"picked":"Corruption","floor":2},{"not_picked":["Anger","Pummel"],"picked":"True Grit","floor":4},{"not_picked":["Clash","Perfected Strike"],"picked":"Battle Trance","floor":7},{"not_picked":["Seeing Red","Second Wind"],"picked":"Heavy Blade","floor":10},{"not_picked":["Hemokinesis","Rage"],"picked":"Shrug It Off","floor":12},{"not_picked":["Heavy Blade","Shrug It Off"],"picked":"Offering","floor":14}],"player_experience":630817,"relics_obtained":[{"floor":7,"key":"Shuriken"},{"floor":9,"key":"Boot"},{"floor":10,"key":"Bag of Preparation"},{"floor":12,"key":"Old Coin"},{"floor":14,"key":"Mango"}],"event_choices":[{"damage_healed":0,"gold_gain":0,"player_choice":"Ignored","damage_taken":0,"max_hp_gain":0,"max_hp_loss":0,"event_name":"Golden Wing","floor":3,"gold_loss":0},{"damage_healed":0,"gold_gain":0,"player_choice":"Entered Light","damage_taken":19,"max_hp_gain":0,"max_hp_loss":0,"event_name":"Shining Light","floor":5,"gold_loss":0,"cards_upgraded":["Corruption","Defend_R"]},{"damage_healed":0,"gold_gain":0,"player_choice":"Searched \u00272\u0027 times","damage_taken":0,"max_hp_gain":0,"max_hp_loss":0,"event_name":"Dead Adventurer","floor":7,"gold_loss":0}],"is_beta":false,"boss_relics":[],"items_purged_floors":[],"is_endless":false,"potions_floor_spawned":[4,10,14],"killed_by":"Slime Boss","ascension_level":13}