{"gold_per_floor":[209,227,227,227,227,227,114,114,114,114,127,147,179,179,179,179],"floor_reached":16,"playtime":640,"items_purged":[],"score":157,"play_id":"52cfc3a7-8ed5-41fd-b9a4-2f8930d354f5","local_time":"20180713115253","is_ascension_mode":true,"campfire_choices":[{"data":"True Grit","floor":6,"key":"SMITH"},{"data":"Rampage","floor":8,"key":"SMITH"},{"data":"Inflame","floor":10,"key":"SMITH"},{"floor":15,"key":"REST"}],"neow_cost":"NONE","seed_source_timestamp":166845387767250,"circlet_count":0,"master_deck":["Strike_R","Strike_R","Strike_R","Defend_R","Defend_R","Defend_R","Defend_R","Bash","AscendersBane","True Grit+1","Cleave","Carnage","Inflame+1","Rampage+1","Flame Barrier","Dual Wield"],"special_seed":0,"relics":["Burning Blood","NlothsMask","Molten Egg 2"],"potions_floor_usage":[11,16],"damage_taken":[{"damage":15,"enemies":"2 Louse","floor":1,"turns":4},{"damage":3,"enemies":"Cultist","floor":2,"turns":4},{"damage":0,"enemies":"Small Slimes","floor":11,"turns":1},{"damage":14,"enemies":"Red Slaver","floor":12,"turns":4},{"damage":55,"enemies":"Gremlin Nob","floor":13,"turns":5},{"damage":39,"enemies":"Hexaghost","floor":16,"turns":9}],"seed_played":"5674442550917376641","potions_obtained":[{"floor":2,"key":"Explosive Potion"},{"floor":13,"key":"Energy Potion"},{"floor":14,"key":"Weak Potion"}],"is_trial":false,"path_per_floor":["M","M","?","?","?","R","$","R","T","R","M","M","E","?","R"],"character_chosen":"IRONCLAD","items_purchased":["Inflame","Rampage"],"campfire_rested":1,"item_purchase_floors":[7,7],"current_hp_per_floor":[63,66,66,66,66,66,66,66,66,66,72,64,15,15,39,0],"gold":179,"neow_bonus":"HUNDRED_GOLD","is_prod":false,"is_daily":false,"chose_seed":false,"campfire_upgraded":3,"win_rate":0,"timestamp":1531507973,"path_taken":["M","M","?","?","?","R","$","R","T","R","M","?","E","?","R","BOSS"],"build_version":"2018-07-12","purchased_purges":0,"victory":false,"max_hp_per_floor":[80,80,80,80,80,80,80,80,80,80,80,80,80,80,80,80],"card_choices":[{"not_picked":["Havoc","Heavy Blade"],"picked":"True Grit","floor":1},{"not_picked":["Armaments","Anger"],"picked":"Cleave","floor":2},{"not_picked":["Pommel Strike","Combust"],"picked":"Flame Barrier","floor":11},{"not_picked":["Shrug It Off","Intimidate"],"picked":"Dual Wield","floor":12},{"not_picked":["Flame Barrier","Perfected Strike","Impervious"],"picked":"SKIP","floor":13}],"player_experience":960919,"relics_obtained":[{"floor":13,"key":"Molten Egg 2"}],"event_choices":[{"event_name":"Purifier","player_choice":"One Purge","floor":3,"damage_taken":0},{"event_name":"FaceTrader","player_choice":"Trade","floor":4,"damage_taken":0},{"event_name":"Transmorgrifier","player_choice":"Transform","floor":5,"damage_taken":0},{"event_name":"The Lab","player_choice":"Got Potions","floor":14,"damage_taken":0}],"boss_relics":[],"items_purged_floors":[],"is_endless":false,"potions_floor_spawned":[2,13],"killed_by":"Hexaghost","ascension_level":12}