{"gold_per_floor":[114,189,189,212,212,243,267,267],"floor_reached":8,"playtime":258,"items_purged":[],"score":85,"play_id":"c78b7d11-e7f5-4a0f-9bb2-0554c659d950","local_time":"20181208201204","is_ascension_mode":true,"campfire_choices":[],"neow_cost":"NONE","seed_source_timestamp":77342362364797,"circlet_count":0,"master_deck":["Defend_G","Defend_G","Defend_G","Defend_G","Defend_G","Strike_G","Strike_G","Strike_G","Strike_G","Strike_G","Survivor","Neutralize","Dagger Spray","Injury","Backflip","Decay","Infinite Blades","Dagger Throw"],"relics":["Ring of the Snake","NeowsBlessing","Golden Idol","Ancient Tea Set"],"potions_floor_usage":[],"damage_taken":[{"damage":0,"enemies":"Jaw Worm","floor":1,"turns":1},{"damage":0,"enemies":"Small Slimes","floor":4,"turns":1},{"damage":0,"enemies":"3 Sentries","floor":6,"turns":1},{"damage":1,"enemies":"Cultist","floor":7,"turns":4},{"damage":18,"enemies":"Gremlin Nob","floor":8,"turns":4}],"seed_played":"5458630680582263912","potions_obtained":[{"floor":1,"key":"GamblersBrew"},{"floor":6,"key":"Block Potion"},{"floor":7,"key":"GamblersBrew"}],"is_trial":false,"path_per_floor":["M","?","?","M","?","E","M","E"],"character_chosen":"THE_SILENT","items_purchased":[],"campfire_rested":0,"item_purchase_floors":[],"current_hp_per_floor":[70,59,59,59,59,59,58,40],"gold":267,"neow_bonus":"THREE_ENEMY_KILL","is_prod":false,"is_daily":false,"chose_seed":false,"campfire_upgraded":0,"win_rate":0,"timestamp":1544317924,"path_taken":["M","?","?","M","?","E","?","E"],"build_version":"2018-12-06","purchased_purges":0,"victory":false,"max_hp_per_floor":[70,70,70,70,70,70,70,70],"card_choices":[{"not_picked":["Dodge and Roll","Reflex"],"picked":"Dagger Spray","floor":1},{"not_picked":["PiercingWail","Accuracy"],"picked":"Backflip","floor":4},{"not_picked":["Accuracy","Escape Plan"],"picked":"Infinite Blades","floor":6},{"not_picked":["Flying Knee","Calculated Gamble"],"picked":"Dagger Throw","floor":7}],"player_experience":166824,"relics_obtained":[{"floor":6,"key":"Ancient Tea Set"}],"event_choices":[{"damage_healed":0,"gold_gain":75,"player_choice":"Gather Gold","damage_taken":11,"max_hp_gain":0,"max_hp_loss":0,"event_name":"World of Goop","floor":2,"gold_loss":0},{"damage_healed":0,"gold_gain":0,"player_choice":"Take Wound","damage_taken":0,"relics_obtained":["Golden Idol"],"max_hp_gain":0,"max_hp_loss":0,"event_name":"Golden Idol","floor":3,"gold_loss":0,"cards_obtained":["Injury"]},{"damage_healed":0,"gold_gain":0,"player_choice":"Cursed","damage_taken":0,"max_hp_gain":0,"max_hp_loss":0,"event_name":"Wheel of Change","floor":5,"gold_loss":0,"cards_obtained":["Decay"]}],"is_beta":false,"boss_relics":[],"items_purged_floors":[],"is_endless":false,"potions_floor_spawned":[1,6,7],"killed_by":"Gremlin Nob","ascension_level":1}