{"gold_per_floor":[114,133,283,70,84,84,34,34,112,124,152,152,165,200,200,278,278,293,293,343,343],"floor_reached":21,"playtime":704,"items_purged":["Doubt"],"score":450,"play_id":"718fd497-9810-4578-9673-fb876b5507d1","local_time":"20181130020432","is_ascension_mode":true,"campfire_choices":[{"data":"Zap","floor":6,"key":"SMITH"},{"data":"Dualcast","floor":8,"key":"SMITH"},{"floor":12,"key":"REST"},{"data":"Loop","floor":15,"key":"SMITH"}],"neow_cost":"NONE","seed_source_timestamp":106832367202836,"circlet_count":0,"master_deck":["AscendersBane","Zap+1","Dualcast+1","Genetic Algorithm","Hologram","Loop+1","Cold Snap","All For One","Beam Cell","Electrodynamics","Capacitor","Ball Lightning","Ball Lightning","Biased Cognition","Stack","Streamline","Compile Driver","Redo","Barrage","Rebound","Turbo","Coolheaded","Beam Cell+1"],"relics":["Cracked Core","NeowsBlessing","Question Card","Letter Opener","Bronze Scales","Pandora\u0027s Box","Enchiridion"],"potions_floor_usage":[14,21],"damage_taken":[{"damage":0,"enemies":"Small Slimes","floor":1,"turns":1},{"damage":0,"enemies":"Jaw Worm","floor":2,"turns":1},{"damage":0,"enemies":"Cultist","floor":5,"turns":1},{"damage":11,"enemies":"Exordium Wildlife","floor":10,"turns":4},{"damage":25,"enemies":"Gremlin Nob","floor":11,"turns":4},{"damage":0,"enemies":"Large Slime","floor":13,"turns":4},{"damage":28,"enemies":"Lagavulin","floor":14,"turns":4},{"damage":0,"enemies":"Slime Boss","floor":16,"turns":7},{"damage":22,"enemies":"Shell Parasite","floor":18,"turns":3},{"damage":20,"enemies":"Colosseum Slavers","floor":21,"turns":1}],"seed_played":"-8822070694993778566","potions_obtained":[{"floor":13,"key":"GamblersBrew"},{"floor":16,"key":"Explosive Potion"}],"is_trial":false,"path_per_floor":["M","M","?","$","M","R","$","R","T","M","E","R","M","E","R","B",null,"M","?","?","?"],"character_chosen":"DEFECT","items_purchased":["Loop","Cold Snap","Beam Cell"],"campfire_rested":1,"item_purchase_floors":[4,4,7],"current_hp_per_floor":[64,64,64,64,64,64,64,64,64,53,28,49,49,21,21,21,59,37,16,16,0],"gold":343,"neow_bonus":"THREE_ENEMY_KILL","is_prod":false,"is_daily":false,"chose_seed":false,"campfire_upgraded":3,"win_rate":0,"timestamp":1543543472,"path_taken":["M","M","?","$","M","R","?","R","T","?","E","R","M","E","R","BOSS","M","?","?","?"],"build_version":"2018-11-15","purchased_purges":1,"victory":false,"max_hp_per_floor":[71,71,71,71,71,71,71,71,71,71,71,71,71,71,71,71,71,71,71,71,71],"card_choices":[{"not_picked":["Streamline","Redo"],"picked":"Genetic Algorithm","floor":1},{"not_picked":["Beam Cell","Storm"],"picked":"Hologram","floor":2},{"not_picked":["Hologram","Gash"],"picked":"All For One","floor":5},{"not_picked":["Consume","Beam Cell","Sweeping Beam"],"picked":"Electrodynamics","floor":10},{"not_picked":["Beam Cell","Hello World","White Noise"],"picked":"Capacitor","floor":11},{"not_picked":["Scrape","Conserve Battery","Hello World"],"picked":"Ball Lightning","floor":13},{"not_picked":["Stack","Leap","Cold Snap"],"picked":"Ball Lightning","floor":14},{"not_picked":["Machine Learning","Meteor Strike","Amplify"],"picked":"Biased Cognition","floor":16},{"not_picked":["Barrage","Heatsinks","Leap"],"picked":"Beam Cell+1","floor":18}],"player_experience":952909,"relics_obtained":[{"floor":9,"key":"Question Card"},{"floor":11,"key":"Letter Opener"},{"floor":14,"key":"Bronze Scales"},{"floor":19,"key":"Enchiridion"}],"event_choices":[{"damage_healed":0,"gold_gain":150,"player_choice":"AGREE","damage_taken":0,"max_hp_gain":0,"max_hp_loss":0,"event_name":"Liars Game","floor":3,"gold_loss":0,"cards_obtained":["Doubt"]},{"damage_healed":0,"gold_gain":0,"player_choice":"Obtained Book","damage_taken":21,"max_hp_gain":0,"max_hp_loss":0,"event_name":"Cursed Tome","floor":19,"gold_loss":0},{"damage_healed":0,"gold_gain":50,"player_choice":"Stole From Cult","damage_taken":0,"max_hp_gain":0,"max_hp_loss":0,"event_name":"Nest","floor":20,"gold_loss":0},{"damage_healed":0,"gold_gain":0,"player_choice":"Fight","damage_taken":0,"max_hp_gain":0,"max_hp_loss":0,"event_name":"Colosseum","floor":21,"gold_loss":0}],"is_beta":true,"boss_relics":[{"not_picked":["Runic Pyramid","Empty Cage"],"picked":"Pandora\u0027s Box"}],"items_purged_floors":[4],"is_endless":false,"potions_floor_spawned":[13,16],"killed_by":"Colosseum Slavers","ascension_level":18}