{"path_per_floor":["M","$","M","M","$","R","E","R","T","M","R","E","$","M","R","B",null,"M","M","$","M","?","R"],"character_chosen":"THE_SILENT","items_purchased":["Flash of Steel","Deflect","Flash of Steel"],"gold_per_floor":[116,10,28,41,41,41,74,74,74,86,86,119,21,34,34,130,130,145,164,59,76,76,76,76],"floor_reached":24,"campfire_rested":3,"playtime":1150,"current_hp_per_floor":[70,70,70,70,70,70,51,51,51,44,65,39,39,38,59,57,70,66,31,31,1,1,22,0],"items_purged":["Strike_G"],"gold":76,"score":206,"play_id":"85d428c8-36ad-4598-ae86-9e1de5c66ae3","local_time":"20180513165541","is_prod":false,"is_daily":false,"chose_seed":false,"is_ascension_mode":false,"campfire_upgraded":2,"timestamp":1526223341,"path_taken":["M","$","M","M","?","R","E","R","T","M","R","E","$","M","R","BOSS","M","M","$","M","?","R","E"],"build_version":"2018-05-12v2","seed_source_timestamp":31282054068265,"purchased_purges":1,"victory":false,"master_deck":["Defend_G","Defend_G","Defend_G","Defend_G","Strike_G","Strike_G","Survivor","Neutralize","Unload","Well Laid Plans+1","Flash of Steel","Dagger Throw","Calculated Gamble","Deadly Poison+1","Slice","Deflect","Deflect","Unload","Underhanded Strike+1","Calculated Gamble+1","Outmaneuver+1","Underhanded Strike","Flash of Steel"],"max_hp_per_floor":[70,70,70,70,70,70,70,70,70,70,70,70,70,70,70,70,70,70,70,70,70,70,70,70],"relics":["Ring of the Snake","The Specimen","Pantograph","Potion Belt","Astrolabe"],"card_choices":[{"not_picked":["Bane","Dodge and Roll"],"picked":"Well Laid Plans","floor":1},{"not_picked":["Terror","Sucker Punch"],"picked":"Dagger Throw","floor":3},{"not_picked":["Deflect","Bane"],"picked":"Calculated Gamble","floor":4},{"not_picked":["Backflip","Skewer"],"picked":"Deadly Poison","floor":7},{"not_picked":["Endless Agony","Sucker Punch"],"picked":"Slice","floor":10},{"not_picked":["Acrobatics","Dagger Spray"],"picked":"Deflect","floor":12},{"not_picked":["Bane","Accuracy","Outmaneuver"],"picked":"SKIP","floor":14},{"not_picked":["Burst","Venomology"],"picked":"Unload","floor":16},{"not_picked":["Noxious Fumes","Dodge and Roll"],"picked":"Underhanded Strike","floor":18},{"not_picked":["Dodge and Roll+1","Outmaneuver","Dagger Spray"],"picked":"SKIP","floor":19},{"not_picked":["Dagger Spray","Riddle With Holes","Poisoned Stab"],"picked":"SKIP","floor":21}],"player_experience":90948,"potions_floor_usage":[14,16,16],"damage_taken":[{"damage":0,"enemies":"Cultist","floor":1,"turns":4},{"damage":0,"enemies":"Small Slimes","floor":3,"turns":3},{"damage":0,"enemies":"2 Louse","floor":4,"turns":1},{"damage":19,"enemies":"Lagavulin","floor":7,"turns":9},{"damage":7,"enemies":"Looter","floor":10,"turns":4},{"damage":26,"enemies":"Gremlin Nob","floor":12,"turns":4},{"damage":1,"enemies":"2 Fungi Beasts","floor":14,"turns":4},{"damage":13,"enemies":"Slime Boss","floor":16,"turns":9},{"damage":4,"enemies":"3 Byrds","floor":18,"turns":6},{"damage":35,"enemies":"Spheric Guardian","floor":19,"turns":6},{"damage":30,"enemies":"Snake Plant","floor":21,"turns":5},{"damage":24,"enemies":"Book of Stabbing","floor":24,"turns":4}],"event_choices":[{"event_name":"Cursed Tome","player_choice":"Ignored","floor":22,"damage_taken":0}],"boss_relics":[{"not_picked":["Orrery","Ectoplasm"],"picked":"Astrolabe"}],"potions_floor_spawned":[4,12,14,18],"seed_played":"7496833015067798417","killed_by":"Book of Stabbing","ascension_level":0,"is_trial":false}