{"gold_per_floor":[118,268,285,285,295,321,3,13,13,24,24,24,37,37],"floor_reached":14,"playtime":446,"items_purged":["Doubt"],"score":184,"play_id":"89906b90-c282-4c97-b45c-165c4bba763e","local_time":"20181209191247","is_ascension_mode":true,"campfire_choices":[],"neow_cost":"NONE","seed_source_timestamp":193787003650070,"circlet_count":0,"master_deck":["AscendersBane","Strike_R","Strike_R","Strike_R","Strike_R","Strike_R","Defend_R","Defend_R","Defend_R","Bash","Pummel","Flex","Armaments","Cleave","Headbutt","Havoc","Carnage"],"relics":["Burning Blood","NeowsBlessing","The Courier","Ornamental Fan","Bronze Scales","Potion Belt","Pantograph"],"potions_floor_usage":[6,6,6,6],"damage_taken":[{"damage":0,"enemies":"Cultist","floor":1,"turns":1},{"damage":0,"enemies":"Jaw Worm","floor":3,"turns":1},{"damage":0,"enemies":"Small Slimes","floor":5,"turns":1},{"damage":72,"enemies":"3 Sentries","floor":6,"turns":13},{"damage":1,"enemies":"2 Fungi Beasts","floor":8,"turns":3},{"damage":11,"enemies":"Blue Slaver","floor":10,"turns":3},{"damage":12,"enemies":"Gremlin Gang","floor":13,"turns":6},{"damage":24,"enemies":"Exordium Thugs","floor":14,"turns":3}],"seed_played":"3219087608244619068","potions_obtained":[{"floor":1,"key":"EntropicBrew"},{"floor":5,"key":"Poison Potion"}],"is_trial":false,"path_per_floor":["M","?","M","?","M","E","$","M","T","M","?","?","M","M"],"character_chosen":"IRONCLAD","items_purchased":["Bronze Scales","Potion Belt"],"campfire_rested":0,"item_purchase_floors":[7,7],"current_hp_per_floor":[74,74,75,64,70,11,11,16,16,11,36,29,23,0],"gold":37,"neow_bonus":"THREE_ENEMY_KILL","is_prod":false,"is_daily":false,"chose_seed":false,"campfire_upgraded":0,"win_rate":0,"timestamp":1544407967,"path_taken":["M","?","M","?","M","E","$","M","T","M","?","?","M","M"],"build_version":"2018-12-06","purchased_purges":1,"victory":false,"max_hp_per_floor":[75,75,75,75,75,75,75,75,75,75,75,75,75,75],"card_choices":[{"not_picked":["Disarm","Flex"],"picked":"Pummel","floor":1},{"not_picked":["Wild Strike","Bloodletting"],"picked":"Flex","floor":3},{"not_picked":["Seeing Red","Iron Wave"],"picked":"Armaments","floor":5},{"not_picked":["Intimidate","Heavy Blade"],"picked":"Cleave","floor":6},{"not_picked":["True Grit","Clash"],"picked":"Headbutt","floor":8},{"not_picked":["Body Slam","Intimidate"],"picked":"Havoc","floor":10},{"not_picked":["Spot Weakness","Clothesline"],"picked":"Carnage","floor":13}],"player_experience":566342,"relics_obtained":[{"floor":6,"key":"Ornamental Fan"},{"floor":9,"key":"Pantograph"}],"event_choices":[{"damage_healed":0,"gold_gain":150,"player_choice":"AGREE","damage_taken":0,"max_hp_gain":0,"max_hp_loss":0,"event_name":"Liars Game","floor":2,"gold_loss":0,"cards_obtained":["Doubt"]},{"damage_healed":0,"gold_gain":0,"player_choice":"Success","damage_taken":11,"relics_obtained":["The Courier"],"max_hp_gain":0,"max_hp_loss":0,"event_name":"Scrap Ooze","floor":4,"gold_loss":0},{"damage_healed":25,"gold_gain":0,"player_choice":"Banana","damage_taken":0,"max_hp_gain":0,"max_hp_loss":0,"event_name":"Big Fish","floor":11,"gold_loss":0},{"cards_removed":["Defend_R"],"damage_healed":0,"gold_gain":0,"player_choice":"Card Removal","damage_taken":7,"max_hp_gain":0,"max_hp_loss":0,"event_name":"Golden Wing","floor":12,"gold_loss":0}],"is_beta":false,"boss_relics":[],"items_purged_floors":[7],"is_endless":false,"potions_floor_spawned":[1,5],"killed_by":"Exordium Thugs","ascension_level":20}