{"path_per_floor":["M","$","M","M","M","R","E","?","T","?","M","M","R","M","R","B",null,"M","?","M","M","?","R","E","M","T","R","M","M","R","E","R","B",null,"M","?","$","M","M","R","?","E","T","M","R","$","M","M","R","B"],"character_chosen":"THE_SILENT","items_purchased":["Cloak And Dagger","Footwork","Oddly Smooth Stone","Leg Sweep+1","Backflip+1","Enlightenment+1"],"gold_per_floor":[111,111,122,133,143,143,174,274,274,234,246,258,258,269,269,372,372,389,314,327,338,338,338,367,367,412,412,429,446,446,473,473,578,578,593,593,496,506,522,522,522,548,548,560,560,14,28,48,48,48],"floor_reached":51,"campfire_rested":3,"playtime":5714,"item_purchase_floors":[],"current_hp_per_floor":[57,57,57,56,56,56,18,18,18,18,18,15,15,15,36,13,56,55,55,55,55,55,55,41,41,41,41,40,40,40,30,66,42,63,55,45,45,51,41,41,34,23,23,31,31,31,36,43,70,25],"items_purged":["Strike_G","Strike_G"],"gold":48,"score":1127,"play_id":"39062ab1-d02b-4b32-a6fa-de9da54167e5","local_time":"20180607092130","is_prod":false,"is_daily":false,"chose_seed":false,"is_ascension_mode":true,"campfire_upgraded":4,"win_rate":0,"timestamp":1528388490,"campfire_choices":[{"data":"Glass Knife","floor":6.0,"key":"SMITH"},{"data":"Backflip","floor":13.0,"key":"SMITH"},{"floor":15.0,"key":"REST"},{"data":"Cloak And Dagger","floor":23.0,"key":"SMITH"},{"floor":27.0,"key":"DIG"},{"floor":30.0,"key":"DIG"},{"floor":32.0,"key":"REST"},{"data":"Bouncing Flask","floor":40,"key":"SMITH"},{"floor":45,"key":"DIG"},{"floor":49,"key":"REST"}],"path_taken":["M","$","M","M","M","R","E","?","T","?","M","M","R","M","R","BOSS","M","?","?","M","?","R","E","M","T","R","M","M","R","E","R","BOSS","M","?","$","?","?","R","?","E","T","?","R","$","?","M","R","BOSS"],"build_version":"2018-05-31","seed_source_timestamp":1448305093342046,"purchased_purges":2,"victory":true,"master_deck":["Defend_G","Defend_G","Defend_G","Defend_G","Defend_G","Strike_G","Strike_G","Survivor+1","Neutralize+1","AscendersBane","Poisoned Stab","Dagger Throw","Glass Knife+1","Backflip+1","Infinite Blades","Well Laid Plans","Adrenaline","Cloak And Dagger+1","Dodge and Roll+1","Bouncing Flask+1","PiercingWail","Backflip+1","Terror+1","Wraith Form v2","Burst+1","Blur+1","Bandage Up","Panache","Bandage Up","Cloak And Dagger","Cloak And Dagger+1","Blade Dance+1","PiercingWail+1","Footwork","Leg Sweep+1","Backflip+1","Enlightenment+1","Cloak And Dagger+1","Accuracy"],"max_hp_per_floor":[70,70,70,70,70,70,70,70,70,70,70,70,70,70,70,70,70,70,70,70,70,70,70,70,70,70,70,70,70,70,70,70,70,70,70,70,70,70,70,70,70,70,70,70,70,70,70,70,70,70],"relics":["Ring of the Snake","Bag of Marbles","Mercury Hourglass","Sozu","Shovel","Regal Pillow","Shuriken","Omamori","Smiling Mask","Lizard Tail","Blue Candle","Toxic Egg 2","War Paint","Oddly Smooth Stone"],"card_choices":[{"not_picked":["Deflect","PiercingWail"],"picked":"Poisoned Stab","floor":1.0},{"not_picked":["Accuracy","Poisoned Stab"],"picked":"Dagger Throw","floor":3.0},{"not_picked":["Sucker Punch","Caltrops"],"picked":"Glass Knife","floor":4.0},{"not_picked":["Reflex","Dodge and Roll"],"picked":"Backflip","floor":5.0},{"not_picked":["Concentrate","Deflect"],"picked":"Infinite Blades","floor":7.0},{"not_picked":["Skewer","Quick Slash"],"picked":"Well Laid Plans","floor":11.0},{"not_picked":["Bane","Sucker Punch","Underhanded Strike"],"picked":"SKIP","floor":12.0},{"not_picked":["Dagger Throw","Bane","Flying Knee"],"picked":"SKIP","floor":14.0},{"not_picked":["Wraith Form v2","Phantasmal Killer"],"picked":"Adrenaline","floor":16.0},{"not_picked":["Deadly Poison","Flying Knee","Underhanded Strike"],"picked":"SKIP","floor":18.0},{"not_picked":["Blade Dance","PiercingWail"],"picked":"Cloak And Dagger","floor":20.0},{"not_picked":["Concentrate+1","Setup"],"picked":"Dodge and Roll+1","floor":21.0},{"not_picked":["Unload","Deadly Poison"],"picked":"PiercingWail","floor":24.0},{"not_picked":["Dagger Spray","Underhanded Strike+1"],"picked":"Backflip+1","floor":28.0},{"not_picked":["Sucker Punch","Backflip"],"picked":"Terror+1","floor":29.0},{"not_picked":["Dagger Throw","Prepared"],"picked":"Wraith Form v2","floor":31.0},{"not_picked":["Unload","Storm of Steel"],"picked":"Burst","floor":33.0},{"not_picked":["Quick Slash","Backflip"],"picked":"Blur+1","floor":35.0},{"not_picked":["Mind Blast","Thinking Ahead"],"picked":"Bandage Up","floor":36.0},{"not_picked":["Flash of Steel","Purity"],"picked":"Panache","floor":36.0},{"not_picked":["Trip","Finesse"],"picked":"Bandage Up","floor":36.0},{"not_picked":["Underhanded Strike","Slice","Bane+1"],"picked":"SKIP","floor":38},{"not_picked":["Underhanded Strike","Slice"],"picked":"Cloak And Dagger+1","floor":39},{"not_picked":["Predator","Venomology"],"picked":"Blade Dance+1","floor":42},{"not_picked":["Concentrate+1","Crippling Poison+1"],"picked":"PiercingWail+1","floor":44},{"not_picked":["Crippling Poison+1","Sucker Punch"],"picked":"Cloak And Dagger+1","floor":47},{"not_picked":["Quick Slash","Underhanded Strike"],"picked":"Accuracy","floor":48}],"player_experience":813382,"potions_floor_usage":[],"damage_taken":[{"damage":6.0,"enemies":"Small Slimes","floor":1.0,"turns":5.0},{"damage":0.0,"enemies":"Cultist","floor":3.0,"turns":3.0},{"damage":1.0,"enemies":"Jaw Worm","floor":4.0,"turns":3.0},{"damage":0.0,"enemies":"Looter","floor":5.0,"turns":2.0},{"damage":38.0,"enemies":"Lagavulin","floor":7.0,"turns":6.0},{"damage":0.0,"enemies":"3 Louse","floor":11.0,"turns":3.0},{"damage":3.0,"enemies":"2 Fungi Beasts","floor":12.0,"turns":3.0},{"damage":0.0,"enemies":"Large Slime","floor":14.0,"turns":3.0},{"damage":23.0,"enemies":"Hexaghost","floor":16.0,"turns":10.0},{"damage":1.0,"enemies":"3 Byrds","floor":18.0,"turns":4.0},{"damage":0.0,"enemies":"Spheric Guardian","floor":20.0,"turns":3.0},{"damage":0.0,"enemies":"Chosen and Byrds","floor":21.0,"turns":5.0},{"damage":14.0,"enemies":"Gremlin Leader","floor":24.0,"turns":7.0},{"damage":0.0,"enemies":"Slaver and Parasite","floor":25.0,"turns":1.0},{"damage":1.0,"enemies":"3 Cultists","floor":28.0,"turns":5.0},{"damage":0.0,"enemies":"Snake Plant","floor":29.0,"turns":3.0},{"damage":10.0,"enemies":"Book of Stabbing","floor":31.0,"turns":4.0},{"damage":24.0,"enemies":"Champ","floor":33.0,"turns":11.0},{"damage":8.0,"enemies":"Orb Walker","floor":35.0,"turns":4.0},{"damage":2,"enemies":"3 Shapes","floor":38,"turns":4},{"damage":18,"enemies":"Maw","floor":39,"turns":9},{"damage":19,"enemies":"Giant Head","floor":42,"turns":8},{"damage":0,"enemies":"3 Darklings","floor":44,"turns":5},{"damage":3,"enemies":"Sphere and 2 Shapes","floor":47,"turns":6},{"damage":1,"enemies":"4 Shapes","floor":48,"turns":6},{"damage":53,"enemies":"Donu and Deca","floor":50,"turns":11}],"relics_obtained":[{"floor":7.0,"key":"Bag of Marbles"},{"floor":9.0,"key":"Mercury Hourglass"},{"floor":24.0,"key":"Shovel"},{"floor":26.0,"key":"Regal Pillow"},{"floor":27.0,"key":"Shuriken"},{"floor":30.0,"key":"Omamori"},{"floor":31.0,"key":"Smiling Mask"},{"floor":42,"key":"Blue Candle"},{"floor":43,"key":"Toxic Egg 2"},{"floor":45,"key":"War Paint"}],"event_choices":[{"event_name":"Golden Shrine","player_choice":"Pray","floor":8.0,"damage_taken":0.0},{"event_name":"World of Goop","player_choice":"Left","floor":10.0,"damage_taken":0.0},{"event_name":"Beggar","player_choice":"Gave Gold","floor":19.0,"damage_taken":0.0},{"event_name":"The Library","player_choice":"Read","floor":22.0,"damage_taken":0.0},{"event_name":"SensoryStone","player_choice":"Memory 3","floor":36.0,"damage_taken":0.0},{"event_name":"Wheel of Change","player_choice":"Damage","floor":41,"damage_taken":0}],"boss_relics":[],"items_purged_floors":[],"potions_floor_spawned":[5,7,12,20,21,25,29,31,35,39,42,47],"seed_played":"7165175792033829304","ascension_level":12,"potions_obtained":[{"floor":5.0,"key":"Weak Potion"},{"floor":7.0,"key":"SmokeBomb"},{"floor":12.0,"key":"SpeedPotion"}],"is_trial":false}