{"gold_per_floor":[114,114,129,144,159,189,189,219,269,299,314,329,359,359,359,459,509,524,799,202,217,17,17,17,17,42,57,72,87,117,117,117,217,217,232,247,87,117,0,30,45,45,70,70,70,70,70,100,100,100],"floor_reached":51,"playtime":3496,"items_purged":[],"score":1455,"play_id":"4752b608-9419-44e7-a4a7-aecb95221dc0","local_time":"20180827101303","daily_mods":["Insanity","Binary","Hoarder"],"is_ascension_mode":false,"campfire_choices":[{"floor":7,"key":"REST"},{"floor":15,"key":"REST"},{"data":"White Noise","floor":23,"key":"SMITH"},{"data":"Heatsinks","floor":25,"key":"SMITH"},{"floor":32,"key":"REST"},{"floor":44,"key":"REST"},{"floor":49,"key":"REST"}],"neow_cost":"","seed_source_timestamp":0,"circlet_count":0,"master_deck":["Conserve Battery","Recycle","Fission","Go for the Eyes","FTL","Biased Cognition","Reprogram","Hologram","Rebound","Hyperbeam","Rip and Tear","Gash","Coolheaded","Compile Driver","Thunder Strike","Echo Form","Blizzard","Undo","BootSequence","Machine Learning+1","Stack","Hologram","Fission","BootSequence","Hologram","Buffer","Cold Snap","Blizzard","Meteor Strike","Leap","Hello World","Hologram","Rainbow","Defragment+1","Self Repair","Loop","Rainbow","Cold Snap","Rip and Tear","Steam","Dualcast","Leap","Fission","Hello World","Leap+1","All For One","Machine Learning","Gash","Skim","Defend_B","Steam Power","Steam Power","Steam Power","Defragment","Defragment","Defragment","Gash","Gash","Gash","Chill","Chill","Chill","Conserve Battery","Conserve Battery","Conserve Battery","Electrodynamics","Electrodynamics","Electrodynamics","White Noise+1","White Noise","White Noise","Beam Cell","Beam Cell","Beam Cell","Steam","Steam","Steam","Rebound","Rebound","Rebound","Stack","Stack","Stack","All For One","All For One","All For One","Loop","Loop","Loop","Rip and Tear","Rip and Tear","Rip and Tear","Regret","Regret","Regret","Heatsinks+1","Heatsinks","Heatsinks","Gash","Gash","Stack","Stack","Stack","Stack+1","Stack+1","Stack+1","Hyperbeam","Hyperbeam","Hyperbeam","Dramatic Entrance","Dramatic Entrance","Dramatic Entrance","Gash","Gash","Gash","Undo+1","Undo+1","Undo+1","White Noise","White Noise","White Noise","Self Repair+1","Self Repair+1","Self Repair+1","Beam Cell","Beam Cell","Beam Cell","Core Surge","Core Surge","Core Surge","Turbo+1","Turbo+1","Turbo+1","Compile Driver","Compile Driver","Compile Driver","Blizzard","Blizzard","Blizzard","Steam+1","Steam+1","Steam+1","Rebound+1","Rebound+1","Rebound+1","Aggregate+1","Aggregate+1","Aggregate+1","Gash+1","Gash+1","Gash+1","Impatience+1","Impatience+1","Impatience+1","Enlightenment+1","Enlightenment+1","Enlightenment+1","Secret Weapon+1","Secret Weapon+1","Secret Weapon+1","Cold Snap+1","Cold Snap+1","Cold Snap+1","Hologram+1","Hologram+1","Hologram+1","Madness+1","Madness+1","Madness+1","Madness+1","Madness+1","Madness+1","Fusion+1","Fusion+1","Fusion+1","Skim+1","Skim+1","Skim+1"],"special_seed":17770,"relics":["Cracked Core","Juzu Bracelet","Dream Catcher","Regal Pillow","Ornamental Fan","Pear","Tiny House","Mummified Hand","ClockworkSouvenir","Toolbox","Anchor","Toxic Egg 2","Nilry\u0027s Codex","Fusion Hammer","Red Mask","Letter Opener","DataDisk","Bird Faced Urn","Bag of Preparation"],"potions_floor_usage":[13,16,33,33,48,50,50,50],"damage_taken":[{"damage":2,"enemies":"Small Slimes","floor":1,"turns":3},{"damage":0,"enemies":"Cultist","floor":3,"turns":3},{"damage":0,"enemies":"Jaw Worm","floor":4,"turns":4},{"damage":19,"enemies":"Lots of Slimes","floor":5,"turns":5},{"damage":17,"enemies":"Gremlin Nob","floor":6,"turns":4},{"damage":12,"enemies":"Lagavulin","floor":8,"turns":6},{"damage":9,"enemies":"3 Sentries","floor":10,"turns":5},{"damage":5,"enemies":"Blue Slaver","floor":11,"turns":3},{"damage":0,"enemies":"3 Louse","floor":12,"turns":4},{"damage":15,"enemies":"Gremlin Nob","floor":13,"turns":4},{"damage":0,"enemies":"Slime Boss","floor":16,"turns":7},{"damage":0,"enemies":"Chosen","floor":18,"turns":4},{"damage":4,"enemies":"Shell Parasite","floor":21,"turns":4},{"damage":0,"enemies":"Sentry and Sphere","floor":27,"turns":4},{"damage":0,"enemies":"Centurion and Healer","floor":28,"turns":3},{"damage":0,"enemies":"3 Cultists","floor":29,"turns":4},{"damage":16,"enemies":"Book of Stabbing","floor":30,"turns":5},{"damage":6,"enemies":"Champ","floor":33,"turns":8},{"damage":0,"enemies":"3 Darklings","floor":35,"turns":4},{"damage":7,"enemies":"Orb Walker","floor":36,"turns":3},{"damage":18,"enemies":"Sphere and 2 Shapes","floor":38,"turns":6},{"damage":0,"enemies":"Giant Head","floor":40,"turns":5},{"damage":2,"enemies":"Maw","floor":41,"turns":7},{"damage":1,"enemies":"Mind Bloom Boss Battle","floor":45,"turns":4},{"damage":8,"enemies":"2 Orb Walkers","floor":48,"turns":4},{"damage":4,"enemies":"Awakened One","floor":50,"turns":11}],"seed_played":"-6941415905369443409","potions_obtained":[{"floor":3,"key":"SteroidPotion"},{"floor":4,"key":"Dexterity Potion"},{"floor":10,"key":"Energy Potion"},{"floor":13,"key":"SkillPotion"},{"floor":16,"key":"Block Potion"},{"floor":21,"key":"FocusPotion"},{"floor":41,"key":"Poison Potion"},{"floor":48,"key":"AttackPotion"}],"is_trial":false,"path_per_floor":["M","?","M","M","M","E","R","E","T","E","M","M","E","?","R","B",null,"M","?","$","M","$","R","?","R","T","M","M","M","E","?","R","B",null,"M","M","$","M","?","E","M","?","T","R","?","?","?","E","R","B"],"character_chosen":"DEFECT","items_purchased":["Mummified Hand","Heatsinks","ClockworkSouvenir","Gash","Stack","Toolbox","Blizzard","Steam+1","FocusPotion"],"campfire_rested":5,"item_purchase_floors":[20,20,20,20,20,22,37,37,37],"current_hp_per_floor":[75,75,75,75,63,46,68,56,56,47,42,42,44,44,84,84,90,90,90,90,90,90,90,90,90,90,90,90,90,74,58,90,90,90,90,90,90,72,72,82,90,80,80,90,89,89,78,90,90,90],"gold":100,"neow_bonus":"","is_prod":false,"is_daily":true,"chose_seed":false,"campfire_upgraded":2,"win_rate":0,"timestamp":1535357583,"path_taken":["M","?","M","?","M","E","R","E","T","E","M","M","E","?","R","BOSS","M","?","$","M","$","R","?","R","T","M","M","M","E","?","R","BOSS","M","M","$","M","?","E","M","?","T","R","?","?","?","E","R","BOSS"],"build_version":"2018-08-23v2","purchased_purges":0,"victory":true,"max_hp_per_floor":[75,75,75,75,75,75,75,75,75,75,75,75,85,85,85,85,90,90,90,90,90,90,90,90,90,90,90,90,90,90,90,90,90,90,90,90,90,90,90,90,90,90,90,90,90,90,90,90,90,90],"card_choices":[{"not_picked":["Coolheaded"],"picked":"Steam Power","floor":1},{"not_picked":["Compile Driver"],"picked":"Defragment","floor":3},{"not_picked":["Sunder"],"picked":"Gash","floor":4},{"not_picked":["Genetic Algorithm"],"picked":"Chill","floor":5},{"not_picked":["Skim"],"picked":"Conserve Battery","floor":6},{"not_picked":["Glacier"],"picked":"Electrodynamics","floor":8},{"not_picked":["Sunder"],"picked":"White Noise","floor":10},{"not_picked":["Leap"],"picked":"Beam Cell","floor":11},{"not_picked":["Rebound"],"picked":"Steam","floor":12},{"not_picked":["Ball Lightning"],"picked":"Rebound","floor":13},{"not_picked":["Capacitor"],"picked":"Stack","floor":15},{"not_picked":["Multi-Cast"],"picked":"All For One","floor":16},{"not_picked":["Stack"],"picked":"Loop","floor":17},{"not_picked":["Sweeping Beam"],"picked":"Rip and Tear","floor":18},{"not_picked":["Barrage"],"picked":"Stack+1","floor":21},{"not_picked":["Steam"],"picked":"Gash","floor":27},{"not_picked":["Conserve Battery+1"],"picked":"Undo+1","floor":28},{"not_picked":["Heatsinks"],"picked":"White Noise","floor":29},{"not_picked":["Creative AI"],"picked":"Self Repair+1","floor":30},{"not_picked":["White Noise+1"],"picked":"Beam Cell","floor":32},{"not_picked":["Multi-Cast+1"],"picked":"Core Surge","floor":33},{"not_picked":["Undo+1"],"picked":"Turbo+1","floor":35},{"not_picked":["Leap+1"],"picked":"Compile Driver","floor":36},{"not_picked":["Genetic Algorithm+1"],"picked":"Rebound+1","floor":38},{"not_picked":["Chaos+1"],"picked":"Aggregate+1","floor":40},{"not_picked":["Leap+1"],"picked":"Gash+1","floor":41},{"not_picked":["Dark Shackles+1"],"picked":"Impatience+1","floor":42},{"not_picked":["Discovery+1"],"picked":"Enlightenment+1","floor":42},{"not_picked":["Finesse+1"],"picked":"Secret Weapon+1","floor":42},{"not_picked":["Undo+1"],"picked":"Cold Snap+1","floor":44},{"not_picked":["Rip and Tear+1"],"picked":"Hologram+1","floor":45},{"not_picked":["Lockon+1"],"picked":"Fusion+1","floor":48},{"not_picked":["Beam Cell+1"],"picked":"Skim+1","floor":49}],"player_experience":67255,"relics_obtained":[{"floor":6,"key":"Juzu Bracelet"},{"floor":8,"key":"Dream Catcher"},{"floor":9,"key":"Regal Pillow"},{"floor":10,"key":"Ornamental Fan"},{"floor":13,"key":"Pear"},{"floor":26,"key":"Anchor"},{"floor":30,"key":"Toxic Egg 2"},{"floor":31,"key":"Nilry\u0027s Codex"},{"floor":40,"key":"Letter Opener"},{"floor":43,"key":"DataDisk"},{"floor":45,"key":"Bird Faced Urn"},{"floor":48,"key":"Bag of Preparation"}],"event_choices":[{"event_name":"Accursed Blacksmith","player_choice":"Forge","floor":2,"damage_taken":0},{"event_name":"Living Wall","player_choice":"Grow","floor":14,"damage_taken":0},{"event_name":"Golden Shrine","player_choice":"Desecrate","floor":19,"damage_taken":0},{"event_name":"Match and Keep!","player_choice":"2 cards matched","floor":24,"damage_taken":0},{"event_name":"Cursed Tome","player_choice":"Obtained Book","floor":31,"damage_taken":0},{"event_name":"Tomb of Lord Red Mask","player_choice":"Paid","floor":39,"damage_taken":0},{"event_name":"SensoryStone","player_choice":"Memory 3","floor":42,"damage_taken":0},{"event_name":"MindBloom","player_choice":"Fight","floor":45,"damage_taken":0},{"event_name":"Falling","player_choice":"Removed Attack","floor":46,"damage_taken":0},{"event_name":"Winding Halls","player_choice":"Embrace Madness","floor":47,"damage_taken":0}],"is_beta":true,"boss_relics":[{"not_picked":["Empty Cage","Inserter"],"picked":"Tiny House"},{"not_picked":["Busted Crown","Snecko Eye"],"picked":"Fusion Hammer"}],"items_purged_floors":[],"is_endless":false,"potions_floor_spawned":[3,4,10,13,16,18,21,41,45,48],"ascension_level":0}