{"path_per_floor":["M","?","?","$","M","R","M","R","T","M","M","R","M","M","R","B",null,"M","?","?","?","M","R","M","R","T","M","$","T","M","$","R"],"character_chosen":"IRONCLAD","items_purchased":["Inflame","Hemokinesis","Pear","Heavy Blade"],"gold_per_floor":[118,118,118,1,26,26,47,47,73,89,102,102,118,136,136,262,262,278,278,278,377,395,395,409,409,409,427,427,454,473,97,97,97],"floor_reached":33,"campfire_rested":0,"playtime":1803,"item_purchase_floors":[],"current_hp_per_floor":[69,69,49,49,52,52,45,45,45,45,51,51,49,37,37,18,65,58,58,58,58,42,42,43,43,43,41,41,41,26,36,36,0],"items_purged":["Strike_R"],"gold":97,"score":370,"play_id":"6f0a104e-b088-4422-8a62-d795af2f5b0e","local_time":"20180622131039","is_prod":false,"is_daily":false,"chose_seed":false,"is_ascension_mode":true,"campfire_upgraded":7,"win_rate":0,"timestamp":1529698239,"campfire_choices":[{"data":"Clothesline","floor":6.0,"key":"SMITH"},{"data":"Bash","floor":8.0,"key":"SMITH"},{"data":"True Grit","floor":12,"key":"SMITH"},{"data":"Inflame","floor":15,"key":"SMITH"},{"data":"Hemokinesis","floor":23,"key":"SMITH"},{"data":"Bloodletting","floor":25,"key":"SMITH"},{"data":"Limit Break","floor":32,"key":"SMITH"}],"path_taken":["M","?","?","$","M","R","M","R","T","M","M","R","M","M","R","BOSS","M","?","?","?","M","R","M","R","T","M","$","?","M","$","R","BOSS"],"build_version":"2018-06-21","seed_source_timestamp":759693482820777,"purchased_purges":1,"circlet_count":0,"victory":false,"master_deck":["Strike_R","Strike_R","Strike_R","Strike_R","Defend_R","Defend_R","Defend_R","Defend_R","Bash+1","AscendersBane","Inflame+1","Hemokinesis+1","Clothesline+1","Cleave","Bloodletting+1","True Grit+1","Reckless Charge","Seeing Red","Limit Break+1","Rupture+1","True Grit","Intimidate","Heavy Blade"],"max_hp_per_floor":[80,80,80,80,80,80,80,80,80,80,80,80,80,80,80,80,80,80,80,80,80,80,80,80,80,80,80,80,80,80,90,90,90],"special_seed":0,"relics":["Coffee Dripper","Meat on the Bone","Golden Idol","Bag of Marbles","Snecko Eye","Mercury Hourglass","Letter Opener","Omamori","Pear"],"card_choices":[{"not_picked":["Body Slam","Anger","Feel No Pain"],"picked":"SKIP","floor":1.0},{"not_picked":["Flex","Iron Wave"],"picked":"Clothesline","floor":5.0},{"not_picked":["Dual Wield","Clothesline"],"picked":"Cleave","floor":7.0},{"not_picked":["Warcry","Anger"],"picked":"Bloodletting","floor":10},{"not_picked":["Twin Strike","Immolate"],"picked":"True Grit","floor":11},{"not_picked":["Heavy Blade","Warcry"],"picked":"Reckless Charge","floor":13},{"not_picked":["Warcry","Burning Pact"],"picked":"Seeing Red","floor":14},{"not_picked":["Juggernaut","Immolate"],"picked":"Limit Break","floor":16},{"not_picked":["Iron Wave+1","Sentinel"],"picked":"Rupture+1","floor":18},{"not_picked":["Infernal Blade","Headbutt","Rupture"],"picked":"SKIP","floor":22},{"not_picked":["Body Slam","Metallicize"],"picked":"True Grit","floor":24},{"not_picked":["Seeing Red","Perfected Strike+1"],"picked":"Intimidate","floor":27},{"not_picked":["Anger","Headbutt","Reckless Charge"],"picked":"SKIP","floor":30}],"player_experience":918222,"potions_floor_usage":[16,27,33],"damage_taken":[{"damage":3.0,"enemies":"Jaw Worm","floor":1.0,"turns":4.0},{"damage":9.0,"enemies":"Cultist","floor":5.0,"turns":3.0},{"damage":7.0,"enemies":"Small Slimes","floor":7.0,"turns":3.0},{"damage":0.0,"enemies":"Looter","floor":10.0,"turns":2.0},{"damage":6,"enemies":"3 Louse","floor":11,"turns":2},{"damage":14,"enemies":"Blue Slaver","floor":13,"turns":4},{"damage":24,"enemies":"Exordium Thugs","floor":14,"turns":3},{"damage":31,"enemies":"The Guardian","floor":16,"turns":11},{"damage":7,"enemies":"Shell Parasite","floor":18,"turns":3},{"damage":28,"enemies":"2 Thieves","floor":22,"turns":3},{"damage":11,"enemies":"Snecko","floor":24,"turns":4},{"damage":22,"enemies":"Chosen and Byrds","floor":27,"turns":5},{"damage":27,"enemies":"Snake Plant","floor":30,"turns":5},{"damage":51,"enemies":"Automaton","floor":33,"turns":6}],"relics_obtained":[{"floor":9.0,"key":"Bag of Marbles"},{"floor":26,"key":"Letter Opener"},{"floor":29,"key":"Omamori"}],"event_choices":[{"event_name":"Accursed Blacksmith","player_choice":"Rummage","floor":2.0,"damage_taken":0.0},{"event_name":"Golden Idol","player_choice":"Take Damage","floor":3.0,"damage_taken":0.0},{"event_name":"Wheel of Change","player_choice":"Relic","floor":19,"damage_taken":0},{"event_name":"Vampires","player_choice":"Ignored","floor":20,"damage_taken":0},{"event_name":"Nest","player_choice":"Stole From Cult","floor":21,"damage_taken":0}],"boss_relics":[{"not_picked":["Pandora\u0027s Box","Fusion Hammer"],"picked":"Snecko Eye"}],"items_purged_floors":[31],"is_endless":false,"potions_floor_spawned":[5,13,22,24],"seed_played":"-5393120646663535129","killed_by":"Automaton","ascension_level":11,"potions_obtained":[{"floor":5.0,"key":"Block Potion"},{"floor":13,"key":"Block Potion"},{"floor":22,"key":"Dexterity Potion"},{"floor":24,"key":"BloodPotion"}],"is_trial":false}