{"gold_per_floor":[109,109,120,132,132,132,157,177,177,191,191,222,222,147,147,223,223,236,236,255,255,219,219,9,44,67,0,17,17],"floor_reached":29,"playtime":1386,"items_purged":["Strike_B"],"score":452,"play_id":"07c8227a-32f2-453f-8993-a6017fe3c94c","local_time":"20181115092843","is_ascension_mode":true,"campfire_choices":[{"floor":6.0,"key":"REST"},{"floor":11.0,"key":"REST"},{"floor":13,"key":"REST"},{"floor":15,"key":"REST"},{"data":"Defragment","floor":23,"key":"SMITH"}],"neow_cost":"NONE","seed_source_timestamp":1451013135555971,"circlet_count":0,"master_deck":["AscendersBane","Defend_B","Defend_B","Defend_B","Defend_B","Zap","Dualcast","Doom and Gloom","Compile Driver","Compile Driver","Rip and Tear","Go for the Eyes","Conserve Battery","Ball Lightning","Creative AI","Chaos+1","FTL","Undo","Self Repair","Defragment+1","Buffer"],"special_seed":0,"relics":["Cracked Core","Omamori","Orichalcum","Nunchaku","Mercury Hourglass","Peace Pipe","Eternal Feather","Bag of Preparation","Chemical X","Pen Nib","Blood Vial"],"potions_floor_usage":[20],"damage_taken":[{"damage":0.0,"enemies":"Small Slimes","floor":1.0,"turns":3.0},{"damage":1.0,"enemies":"Cultist","floor":3.0,"turns":4.0},{"damage":1.0,"enemies":"2 Louse","floor":4.0,"turns":3.0},{"damage":41.0,"enemies":"Gremlin Nob","floor":7.0,"turns":5.0},{"damage":6.0,"enemies":"Blue Slaver","floor":8.0,"turns":3.0},{"damage":5.0,"enemies":"3 Louse","floor":10.0,"turns":2.0},{"damage":23,"enemies":"Lagavulin","floor":12,"turns":5},{"damage":12,"enemies":"Slime Boss","floor":16,"turns":7},{"damage":11,"enemies":"Chosen","floor":18,"turns":4},{"damage":0,"enemies":"3 Byrds","floor":20,"turns":3},{"damage":54,"enemies":"Slavers","floor":25,"turns":5},{"damage":13,"enemies":"Centurion and Healer","floor":28,"turns":8},{"damage":16,"enemies":"Sentry and Sphere","floor":29,"turns":3}],"seed_played":"-7333642693977441820","potions_obtained":[{"floor":1.0,"key":"FairyPotion"},{"floor":8.0,"key":"Energy Potion"},{"floor":10.0,"key":"SpeedPotion"},{"floor":20,"key":"Explosive Potion"}],"is_trial":false,"path_per_floor":["M","?","M","M","?","R","E","M","T","M","R","E","R","$","R","B",null,"M","?","M","?","$","R","$","E","T","?","M","M"],"character_chosen":"DEFECT","items_purchased":["Defragment","Chemical X"],"campfire_rested":4,"item_purchase_floors":[22,24],"current_hp_per_floor":[64,64,63,62,27,48,7,1,1,7,28,5,26,26,47,35,62,51,51,51,51,51,63,63,16,16,16,12,0],"gold":17,"neow_bonus":"RANDOM_COMMON_RELIC","is_prod":false,"is_daily":false,"chose_seed":false,"campfire_upgraded":1,"win_rate":0,"timestamp":1542302923,"path_taken":["M","?","M","?","?","R","E","M","T","M","R","E","R","$","R","BOSS","M","?","M","?","?","R","$","E","T","?","M","M"],"build_version":"2018-11-08","purchased_purges":1,"victory":false,"max_hp_per_floor":[71,71,71,71,71,71,71,71,71,71,71,71,71,71,71,71,71,71,71,71,71,71,71,71,71,71,71,71,71],"card_choices":[{"not_picked":["Double Energy","Blizzard"],"picked":"Doom and Gloom","floor":1.0},{"not_picked":["Self Repair","Barrage"],"picked":"Compile Driver","floor":3.0},{"not_picked":["Force Field","Consume"],"picked":"Compile Driver","floor":4.0},{"not_picked":["Heatsinks","Blizzard"],"picked":"Rip and Tear","floor":7.0},{"not_picked":["Gash","Turbo"],"picked":"Go for the Eyes","floor":8.0},{"not_picked":["Rebound","Recycle"],"picked":"Conserve Battery","floor":10.0},{"not_picked":["Aggregate","Redo"],"picked":"Ball Lightning","floor":12},{"not_picked":["Seek","Multi-Cast"],"picked":"Creative AI","floor":16},{"not_picked":["Stack","Fusion"],"picked":"Chaos+1","floor":18},{"not_picked":["Ball Lightning","Streamline"],"picked":"Self Repair","floor":20},{"not_picked":["Blizzard+1","Gash"],"picked":"Buffer","floor":25},{"not_picked":["Barrage","Steam","Conserve Battery"],"picked":"SKIP","floor":28}],"player_experience":1291917,"relics_obtained":[{"floor":7.0,"key":"Nunchaku"},{"floor":9.0,"key":"Mercury Hourglass"},{"floor":12,"key":"Peace Pipe"},{"floor":25,"key":"Pen Nib"},{"floor":26,"key":"Blood Vial"}],"event_choices":[{"cards_removed":["Strike_B"],"damage_healed":0.0,"max_hp_gain":0.0,"max_hp_loss":0.0,"gold_gain":0.0,"event_name":"Purifier","player_choice":"Purged","floor":2.0,"gold_loss":0.0,"damage_taken":0.0},{"damage_healed":0.0,"max_hp_gain":0.0,"max_hp_loss":0.0,"gold_gain":0.0,"event_name":"Scrap Ooze","player_choice":"Success","floor":5.0,"gold_loss":0.0,"damage_taken":35.0,"relics_obtained":["Orichalcum"]},{"damage_healed":0,"gold_gain":0,"cards_transformed":["Strike_B","Strike_B"],"player_choice":"Became Test Subject","damage_taken":0,"max_hp_gain":0,"max_hp_loss":0,"event_name":"Drug Dealer","floor":19,"gold_loss":0,"cards_obtained":["FTL","Undo"]},{"damage_healed":0,"gold_gain":0,"player_choice":"Stole Relic","damage_taken":0,"relics_obtained":["Bag of Preparation"],"max_hp_gain":0,"max_hp_loss":0,"event_name":"Addict","floor":21,"gold_loss":0,"cards_obtained":["Shame"]},{"damage_healed":0,"gold_gain":0,"player_choice":"Paid Fearfully","damage_taken":0,"max_hp_gain":0,"max_hp_loss":0,"event_name":"Masked Bandits","floor":27,"gold_loss":67}],"is_beta":false,"boss_relics":[{"not_picked":["Runic Pyramid","Tiny House"],"picked":"Eternal Feather"}],"items_purged_floors":[14],"is_endless":false,"potions_floor_spawned":[1,8,10,12,16,20],"killed_by":"Sentry and Sphere","ascension_level":16}