{"gold_per_floor":[12,12,31,31,31,31,58,71,71,85,85,101,101,117,117,191,191,201,201,201,217,234,234,268,268,268,268,268,278,329,329,329,402,402,412,412],"floor_reached":36,"playtime":5181,"items_purged":[],"score":814,"play_id":"ae443b43-b949-4cf7-88f0-63cf0ce81225","local_time":"20190201073721","is_ascension_mode":true,"campfire_choices":[{"data":"Zap","floor":6.0,"key":"SMITH"},{"floor":13.0,"key":"REST"},{"data":"Defragment","floor":15.0,"key":"SMITH"},{"data":"Recycle","floor":23.0,"key":"SMITH"},{"data":"All For One","floor":25.0,"key":"SMITH"},{"data":"Stack","floor":27.0,"key":"SMITH"},{"floor":32.0,"key":"REST"}],"neow_cost":"NO_GOLD","seed_source_timestamp":0,"circlet_count":0,"master_deck":["AscendersBane","Strike_B+1","Strike_B+1","Strike_B+1","Strike_B+1","Defend_B+1","Defend_B+1","Defend_B+1","Defend_B+1","Zap+1","Dualcast","Cold Snap","Gash","Go for the Eyes","Ball Lightning","Chill","Go for the Eyes","Glacier","Defragment+1","Loop+1","Hologram","Ball Lightning","Biased Cognition","FTL+1","Beam Cell+1","Recycle+1","Stack+1","Static Discharge+1","Hologram","All For One+1","Beam Cell","Hologram","Echo Form","Skim","Undo","Gash","Hologram"],"special_seed":0,"relics":["Cracked Core","Nunchaku","Prayer Wheel","Dead Branch","Nuclear Battery","Mercury Hourglass","Dodecahedron","PreservedInsect","Orrery"],"potions_floor_usage":[],"damage_taken":[{"damage":2.0,"enemies":"2 Louse","floor":1.0,"turns":2.0},{"damage":10.0,"enemies":"Jaw Worm","floor":3.0,"turns":4.0},{"damage":29.0,"enemies":"Gremlin Nob","floor":7.0,"turns":4.0},{"damage":3.0,"enemies":"Small Slimes","floor":8.0,"turns":2.0},{"damage":1.0,"enemies":"Looter","floor":10.0,"turns":3.0},{"damage":14.0,"enemies":"Lots of Slimes","floor":12.0,"turns":4.0},{"damage":2.0,"enemies":"Exordium Wildlife","floor":14.0,"turns":3.0},{"damage":16.0,"enemies":"Hexaghost","floor":16.0,"turns":13.0},{"damage":10.0,"enemies":"Shell Parasite","floor":18.0,"turns":4.0},{"damage":6.0,"enemies":"2 Thieves","floor":21.0,"turns":3.0},{"damage":2.0,"enemies":"Centurion and Healer","floor":22.0,"turns":7.0},{"damage":7.0,"enemies":"Gremlin Leader","floor":24.0,"turns":6.0},{"damage":0.0,"enemies":"Snecko","floor":29.0,"turns":7.0},{"damage":48.0,"enemies":"Automaton","floor":33.0,"turns":9.0},{"damage":32,"enemies":"3 Shapes","floor":35,"turns":3},{"damage":23,"enemies":"3 Darklings","floor":36,"turns":2}],"seed_played":"-4554570238787796109","potions_obtained":[{"floor":7.0,"key":"Strength Potion"},{"floor":14.0,"key":"Regen Potion"},{"floor":21.0,"key":"AttackPotion"},{"floor":29.0,"key":"Strength Potion"}],"is_trial":false,"path_per_floor":["M","$","M","?","?","R","E","M","T","M","?","M","R","M","R","B",null,"M","?","?","M","M","R","E","R","T","R","?","M","T","?","R","B",null,"M","M"],"character_chosen":"DEFECT","items_purchased":[],"campfire_rested":2,"item_purchase_floors":[],"current_hp_per_floor":[62,62,52,52,52,52,23,20,20,19,19,5,26,24,24,23,59,49,49,49,43,41,41,34,34,34,34,34,34,34,34,55,7,55,23,0],"gold":412,"neow_bonus":"ONE_RARE_RELIC","is_prod":false,"is_daily":false,"chose_seed":false,"campfire_upgraded":5,"win_rate":0,"timestamp":1549035441,"path_taken":["M","$","M","?","?","R","E","M","T","M","?","M","R","M","R","BOSS","M","?","?","M","M","R","E","R","T","R","?","?","?","?","R","BOSS","M","M"],"build_version":"2019-01-23","purchased_purges":0,"victory":false,"max_hp_per_floor":[71,71,71,71,71,71,71,71,71,71,71,71,71,71,71,71,71,71,71,71,71,71,71,71,71,71,71,71,71,71,71,71,71,71,71,71],"card_choices":[{"not_picked":["Undo","Rebound"],"picked":"Cold Snap","floor":1.0},{"not_picked":["Leap","Force Field"],"picked":"Gash","floor":3.0},{"not_picked":["Cold Snap","Streamline"],"picked":"Go for the Eyes","floor":7.0},{"not_picked":["Stack","Rainbow"],"picked":"Ball Lightning","floor":8.0},{"not_picked":["Redo","Sweeping Beam"],"picked":"Chill","floor":8.0},{"not_picked":["Rebound","Steam"],"picked":"Go for the Eyes","floor":10.0},{"not_picked":["Conserve Battery","Redo"],"picked":"Glacier","floor":10.0},{"not_picked":["Gash","Tempest"],"picked":"Defragment","floor":12.0},{"not_picked":["Coolheaded","Ball Lightning"],"picked":"Loop","floor":12.0},{"not_picked":["Redo","Leap"],"picked":"Hologram","floor":14.0},{"not_picked":["Ball Lightning","Genetic Algorithm","Skim"],"picked":"SKIP","floor":14.0},{"not_picked":["Genetic Algorithm","Skim"],"picked":"Ball Lightning","floor":14.0},{"not_picked":["Machine Learning","Amplify"],"picked":"Biased Cognition","floor":16.0},{"not_picked":["Coolheaded","Redo"],"picked":"FTL+1","floor":18.0},{"not_picked":["Reinforced Body","Glacier"],"picked":"Beam Cell+1","floor":18.0},{"not_picked":["Beam Cell","Steam"],"picked":"Recycle","floor":21.0},{"not_picked":["Sweeping Beam+1","Cold Snap"],"picked":"Stack","floor":21.0},{"not_picked":["Recycle","Steam"],"picked":"Static Discharge+1","floor":22.0},{"not_picked":["Reprogram","Compile Driver"],"picked":"Hologram","floor":22.0},{"not_picked":["Rip and Tear","Consume+1"],"picked":"All For One","floor":24.0},{"not_picked":["Cold Snap+1","Coolheaded"],"picked":"Beam Cell","floor":29.0},{"not_picked":["Undo","Streamline"],"picked":"Hologram","floor":29.0},{"not_picked":["Buffer","Machine Learning"],"picked":"Echo Form","floor":33.0},{"not_picked":["Steam","Beam Cell"],"picked":"Skim","floor":34.0},{"not_picked":["Reinforced Body","Conserve Battery"],"picked":"Undo","floor":34.0},{"not_picked":["Redo","Steam Power+1"],"picked":"Gash","floor":34.0},{"not_picked":["Auto Shields","Hello World"],"picked":"Hologram","floor":35},{"not_picked":["Sweeping Beam+1","Rip and Tear","Rebound"],"picked":"SKIP","floor":35}],"player_experience":1789908,"relics_obtained":[{"floor":7.0,"key":"Prayer Wheel"},{"floor":9.0,"key":"Dead Branch"},{"floor":24.0,"key":"Mercury Hourglass"},{"floor":26.0,"key":"Dodecahedron"},{"floor":30.0,"key":"PreservedInsect"}],"event_choices":[{"damage_healed":0.0,"max_hp_gain":0.0,"max_hp_loss":0.0,"gold_gain":0.0,"event_name":"The Cleric","player_choice":"Leave","floor":4.0,"gold_loss":0.0,"damage_taken":0.0},{"damage_healed":0.0,"max_hp_gain":0.0,"max_hp_loss":0.0,"gold_gain":0.0,"event_name":"Shining Light","player_choice":"Ignored","floor":5.0,"gold_loss":0.0,"damage_taken":0.0},{"damage_healed":0.0,"max_hp_gain":0.0,"max_hp_loss":0.0,"gold_gain":0.0,"event_name":"Liars Game","player_choice":"Ignored","floor":11.0,"gold_loss":0.0,"damage_taken":0.0},{"damage_healed":0.0,"max_hp_gain":0.0,"max_hp_loss":0.0,"gold_gain":0.0,"event_name":"The Mausoleum","player_choice":"Ignored","floor":19.0,"gold_loss":0.0,"damage_taken":0.0},{"damage_healed":0.0,"max_hp_gain":0.0,"max_hp_loss":0.0,"gold_gain":0.0,"event_name":"Back to Basics","player_choice":"Simplicity","floor":20.0,"gold_loss":0.0,"damage_taken":0.0,"cards_upgraded":["Strike_B","Strike_B","Strike_B","Strike_B","Defend_B","Defend_B","Defend_B","Defend_B"]},{"damage_healed":0.0,"max_hp_gain":0.0,"max_hp_loss":0.0,"gold_gain":0.0,"event_name":"Accursed Blacksmith","player_choice":"Forge","floor":28.0,"gold_loss":0.0,"damage_taken":0.0,"cards_upgraded":["Loop"]},{"damage_healed":0.0,"max_hp_gain":0.0,"max_hp_loss":0.0,"gold_gain":0.0,"event_name":"Ghosts","player_choice":"Ignored","floor":31.0,"gold_loss":0.0,"damage_taken":0.0}],"is_beta":false,"boss_relics":[{"not_picked":["Fusion Hammer","Philosopher\u0027s Stone"],"picked":"Nuclear Battery"},{"not_picked":["Velvet Choker","Pandora\u0027s Box"],"picked":"Orrery"}],"items_purged_floors":[],"is_endless":false,"potions_floor_spawned":[7,14,21,29,33],"killed_by":"3 Darklings","ascension_level":20}