{"path_per_floor":["M","?","$","M","?","R","E","M","T","R","M","E","M","M","R","B",null,"M"],"character_chosen":"IRONCLAD","items_purchased":["Searing Blow"],"gold_per_floor":[116,116,34,52,2,2,33,54,129,129,148,189,210,223,223,344,344,359],"floor_reached":19,"campfire_rested":1,"playtime":817,"current_hp_per_floor":[80,60,60,66,66,66,64,57,57,57,54,15,17,15,39,10,80,66],"items_purged":[],"gold":359,"play_id":"66634e56-7e58-4f0f-ae57-3f5bf7ce7514","is_prod":false,"is_daily":false,"campfire_rituals":0,"campfire_upgraded":2,"is_hardmode":false,"path_taken":["M","?","$","M","?","R","E","M","T","R","M","E","M","M","R","BOSS","M","M"],"build_version":"2018-01-18-PROD4","purchased_purges":0,"victory":false,"master_deck":["Strike_R","Strike_R","Strike_R","Strike_R","Defend_R","Defend_R","Defend_R","Defend_R","Bash","Metallicize","Searing Blow","Pommel Strike","Whirlwind","Flame Barrier","Headbutt","Impervious","Armaments","Offering"],"max_hp_per_floor":[80,80,80,80,80,80,80,80,80,80,80,80,80,80,80,80,80,80],"relics":["Burning Blood","NeowsBlessing","Golden Idol","Omamori","Bottled Lightning","Happy Flower","Cursed Key"],"campfire_meditates":0,"card_choices":[{"not_picked":["Iron Wave","Armaments"],"picked":"Metallicize"},{"not_picked":["Anger","Intimidate"],"picked":"Pommel Strike"},{"not_picked":["Uppercut","Anger"],"picked":"Whirlwind"},{"not_picked":["Warcry","Carnage"],"picked":"Flame Barrier"},{"not_picked":["Dropkick","Iron Wave"],"picked":"Headbutt"},{"not_picked":["Infernal Blade","Headbutt"],"picked":"Impervious"},{"not_picked":["Clash","Clothesline"],"picked":"Armaments"},{"not_picked":["Fiend Fire","Reaper"],"picked":"Offering"}],"player_experience":165026,"potions_floor_usage":[],"damage_taken":[{"damage":0.0,"enemies":"Small Slimes","floor":1.0,"turns":1.0},{"damage":0.0,"enemies":"2 Louse","floor":4.0,"turns":1.0},{"damage":8.0,"enemies":"3 Sentries","floor":7.0,"turns":2.0},{"damage":13.0,"enemies":"Jaw Worm","floor":8.0,"turns":4.0},{"damage":9.0,"enemies":"2 Fungi Beasts","floor":11.0,"turns":3.0},{"damage":45.0,"enemies":"Lagavulin","floor":12.0,"turns":7.0},{"damage":4.0,"enemies":"Looter","floor":13.0,"turns":4.0},{"damage":8.0,"enemies":"Large Slime","floor":14.0,"turns":5.0},{"damage":50.0,"enemies":"Hexaghost","floor":16.0,"turns":13.0},{"damage":20.0,"enemies":"Spheric Guardian","floor":18.0,"turns":4.0},{"damage":0,"enemies":"Shell Parasite","floor":19,"turns":1}],"event_choices":[{"event_name":"Golden Idol","player_choice":"Take Damage","floor":2.0,"damage_taken":0.0},{"event_name":"The Cleric","player_choice":"Card Removal","floor":5.0,"damage_taken":0.0}],"boss_relics":[],"potions_floor_spawned":[4,7,11,12,14,18],"seed_played":"323604494964970935","killed_by":"Shell Parasite","is_trial":false}