{"gold_per_floor":[119,119,194,194,206,218,250,262,300,343,355,367,412,437,449,565,577,608,299,316,316,327,327,327,327,327,64,84,99,133,145,145,247,247,259,134,134,146,246,280,280,280,352,386,155,155,184,204,204,204],"floor_reached":51,"playtime":1985,"items_purged":["Regret","Writhe","Strike_B","Strike_B"],"score":922,"play_id":"465d8710-91db-43ea-ac66-75ddaae8e746","local_time":"20190203183628","is_ascension_mode":true,"campfire_choices":[{"data":"Dualcast","floor":6,"key":"SMITH"},{"data":"Static Discharge","floor":8,"key":"SMITH"},{"floor":12,"key":"REST"},{"data":"Redo","floor":15,"key":"SMITH"},{"data":"Go for the Eyes","floor":23,"key":"SMITH"},{"data":"Ball Lightning","floor":25,"key":"SMITH"},{"data":"Blizzard","floor":32,"key":"SMITH"},{"floor":42,"key":"DIG"},{"floor":46,"key":"DIG"},{"floor":49,"key":"DIG"}],"neow_cost":"NONE","seed_source_timestamp":457898632224925,"circlet_count":0,"master_deck":["Defend_B","Defend_B","Defend_B","Defend_B","Zap+1","Dualcast+1","Static Discharge+1","Ball Lightning+1","Redo+1","Electrodynamics+1","Gash+1","Chill+1","Go for the Eyes+1","Blizzard+1","Mayhem+1","Cold Snap+1","Buffer+1","Cold Snap+1","Buffer+1","Deep Breath","Glacier+1","Defragment+1","Storm+1"],"relics":["Cracked Core","Regal Pillow","MawBank","Strawberry","Gremlin Horn","FaceOfCleric","Pear","Calling Bell","PreservedInsect","Matryoshka","Emotion Chip","Cables","Frozen Egg 2","Prayer Wheel","Mango","Empty Cage","Shovel","Sundial","Potion Belt","DataDisk","Du-Vu Doll","Turnip","Question Card","Whetstone"],"potions_floor_usage":[30,30,33,40],"damage_taken":[{"damage":0,"enemies":"Small Slimes","floor":1,"turns":2},{"damage":2,"enemies":"Jaw Worm","floor":7,"turns":3},{"damage":29,"enemies":"Lagavulin","floor":10,"turns":6},{"damage":22,"enemies":"3 Sentries","floor":13,"turns":4},{"damage":3,"enemies":"Cultist","floor":14,"turns":3},{"damage":41,"enemies":"Hexaghost","floor":16,"turns":7},{"damage":26,"enemies":"3 Byrds","floor":18,"turns":4},{"damage":5,"enemies":"Chosen","floor":20,"turns":4},{"damage":9,"enemies":"Snake Plant","floor":22,"turns":3},{"damage":9,"enemies":"Chosen and Byrds","floor":28,"turns":4},{"damage":3,"enemies":"Snecko","floor":29,"turns":4},{"damage":19,"enemies":"Slavers","floor":30,"turns":3},{"damage":0,"enemies":"Centurion and Healer","floor":31,"turns":4},{"damage":28,"enemies":"Collector","floor":33,"turns":10},{"damage":6,"enemies":"Orb Walker","floor":35,"turns":3},{"damage":8,"enemies":"3 Shapes","floor":38,"turns":4},{"damage":20,"enemies":"Mind Bloom Boss Battle","floor":39,"turns":8},{"damage":0,"enemies":"Reptomancer","floor":40,"turns":5},{"damage":3,"enemies":"Nemesis","floor":44,"turns":7},{"damage":0,"enemies":"Giant Head","floor":47,"turns":9},{"damage":0,"enemies":"Maw","floor":48,"turns":6},{"damage":16,"enemies":"Awakened One","floor":50,"turns":15}],"seed_played":"-6785141886965336356","potions_obtained":[{"floor":1,"key":"Energy Potion"},{"floor":10,"key":"Ancient Potion"},{"floor":14,"key":"Ancient Potion"},{"floor":38,"key":"Swift Potion"},{"floor":39,"key":"Fire Potion"},{"floor":40,"key":"Ancient Potion"}],"is_trial":false,"path_per_floor":["M","?","?","T","$","R","M","R","T","E","?","R","E","M","R","B",null,"M","$","M","?","M","R","?","R","T","$","M","M","E","M","R","B",null,"M","$","?","M","?","E","?","R","T","E","$","R","E","M","R","B",null],"character_chosen":"DEFECT","items_purchased":["Cables","Mayhem+1","Storm+1"],"campfire_rested":1,"item_purchase_floors":[19,27,45],"current_hp_per_floor":[75,75,64,64,64,64,62,62,69,40,40,79,68,66,66,26,95,70,70,66,66,58,58,58,58,58,58,50,48,44,45,45,18,117,112,112,102,95,76,77,77,77,77,75,75,75,76,77,77,62],"gold":204,"neow_bonus":"UPGRADE_CARD","is_prod":false,"is_daily":false,"chose_seed":false,"campfire_upgraded":6,"win_rate":0,"timestamp":1549179388,"path_taken":["M","?","?","?","$","R","?","R","T","E","?","R","E","M","R","BOSS","M","$","M","?","M","R","?","R","T","$","M","?","E","M","R","BOSS","M","$","?","M","?","E","?","R","T","E","$","R","E","M","R","BOSS"],"build_version":"2019-01-23","purchased_purges":4,"victory":true,"max_hp_per_floor":[75,75,75,75,75,75,75,75,82,82,82,82,93,94,94,95,95,96,96,97,97,98,98,98,98,98,98,99,100,115,116,116,117,117,118,118,118,119,120,121,121,121,121,122,122,122,123,124,124,125],"card_choices":[{"not_picked":["Melter","Coolheaded","Fusion"],"picked":"SKIP","floor":1},{"not_picked":["Chill","Rip and Tear"],"picked":"Static Discharge","floor":7},{"not_picked":["Reprogram","Beam Cell","Conserve Battery"],"picked":"SKIP","floor":10},{"not_picked":["Go for the Eyes","Rebound"],"picked":"Ball Lightning","floor":13},{"not_picked":["Hologram","Steam"],"picked":"Redo","floor":14},{"not_picked":["Amplify","Biased Cognition"],"picked":"Electrodynamics","floor":16},{"not_picked":["Darkness+1","Turbo+1"],"picked":"Gash+1","floor":18},{"not_picked":["Ball Lightning","Sweeping Beam+1"],"picked":"Chill+1","floor":20},{"not_picked":["Lockon","Conserve Battery","Self Repair"],"picked":"SKIP","floor":22},{"not_picked":["Lockon","Conserve Battery","Self Repair"],"picked":"SKIP","floor":22},{"not_picked":["Doom and Gloom","Gash"],"picked":"Cold Snap+1","floor":28},{"not_picked":["Compile Driver","Ball Lightning","Hologram+1"],"picked":"SKIP","floor":28},{"not_picked":["Redo","Hello World+1","Stack"],"picked":"SKIP","floor":29},{"not_picked":["Stack+1","Beam Cell","Streamline"],"picked":"SKIP","floor":29},{"not_picked":["Reprogram","Hologram"],"picked":"Buffer+1","floor":30},{"not_picked":["Rebound","Double Energy+1"],"picked":"Cold Snap+1","floor":31},{"not_picked":["Melter","Turbo","Conserve Battery"],"picked":"SKIP","floor":31},{"not_picked":["Biased Cognition+1","Reboot"],"picked":"Buffer+1","floor":33},{"not_picked":["Steam+1","Genetic Algorithm","Stack"],"picked":"SKIP","floor":35},{"not_picked":["Rebound+1","Leap+1","All For One"],"picked":"SKIP","floor":35},{"not_picked":["Enlightenment","Violence"],"picked":"Deep Breath","floor":37},{"not_picked":["Lockon+1","Compile Driver","Leap+1"],"picked":"SKIP","floor":38},{"not_picked":["Barrage","Stack","Doom and Gloom+1"],"picked":"SKIP","floor":38},{"not_picked":["Streamline","Skim"],"picked":"Glacier+1","floor":40},{"not_picked":["Turbo+1","Steam+1"],"picked":"Defragment+1","floor":44},{"not_picked":["Biased Cognition+1","Meteor Strike","BootSequence+1"],"picked":"SKIP","floor":47},{"not_picked":["Rebound+1","Rip and Tear+1","Streamline+1","Turbo"],"picked":"SKIP","floor":48},{"not_picked":["Compile Driver+1","Glacier","FTL","Rebound+1"],"picked":"SKIP","floor":48}],"player_experience":1233284,"relics_obtained":[{"floor":4,"key":"MawBank"},{"floor":9,"key":"Strawberry"},{"floor":10,"key":"Gremlin Horn"},{"floor":13,"key":"Pear"},{"floor":17,"key":"PreservedInsect"},{"floor":17,"key":"Matryoshka"},{"floor":17,"key":"Emotion Chip"},{"floor":26,"key":"Frozen Egg 2"},{"floor":26,"key":"Prayer Wheel"},{"floor":30,"key":"Mango"},{"floor":39,"key":"Shovel"},{"floor":40,"key":"Sundial"},{"floor":42,"key":"Potion Belt"},{"floor":43,"key":"DataDisk"},{"floor":44,"key":"Du-Vu Doll"},{"floor":46,"key":"Turnip"},{"floor":47,"key":"Question Card"},{"floor":49,"key":"Whetstone"}],"event_choices":[{"damage_healed":0,"gold_gain":0,"player_choice":"Box","damage_taken":0,"relics_obtained":["Regal Pillow"],"max_hp_gain":0,"max_hp_loss":0,"event_name":"Big Fish","floor":2,"gold_loss":0,"cards_obtained":["Regret"]},{"damage_healed":0,"gold_gain":75,"player_choice":"Gather Gold","damage_taken":11,"max_hp_gain":0,"max_hp_loss":0,"event_name":"World of Goop","floor":3,"gold_loss":0},{"damage_healed":0,"gold_gain":0,"player_choice":"Trade","damage_taken":0,"relics_obtained":["FaceOfCleric"],"max_hp_gain":0,"max_hp_loss":0,"event_name":"FaceTrader","floor":11,"gold_loss":0},{"damage_healed":0,"gold_gain":0,"cards_transformed":["Strike_B","Strike_B"],"player_choice":"Became Test Subject","damage_taken":0,"max_hp_gain":0,"max_hp_loss":0,"event_name":"Drug Dealer","floor":21,"gold_loss":0,"cards_obtained":["Go for the Eyes","Blizzard"]},{"damage_healed":0,"gold_gain":0,"player_choice":"Forge","damage_taken":0,"max_hp_gain":0,"max_hp_loss":0,"event_name":"Accursed Blacksmith","floor":24,"gold_loss":0,"cards_upgraded":["Electrodynamics"]},{"damage_healed":0,"gold_gain":0,"player_choice":"Memory 3","damage_taken":10,"max_hp_gain":0,"max_hp_loss":0,"event_name":"SensoryStone","floor":37,"gold_loss":0},{"damage_healed":0,"gold_gain":0,"player_choice":"Fight","damage_taken":0,"max_hp_gain":0,"max_hp_loss":0,"event_name":"MindBloom","floor":39,"gold_loss":0},{"damage_healed":0,"gold_gain":0,"player_choice":"Ignored","damage_taken":0,"max_hp_gain":0,"max_hp_loss":0,"event_name":"NoteForYourself","floor":41,"gold_loss":0}],"is_beta":true,"boss_relics":[{"not_picked":["Runic Dome","Orrery"],"picked":"Calling Bell"},{"not_picked":["Inserter","Runic Pyramid"],"picked":"Empty Cage"}],"items_purged_floors":[19,27,36,45],"is_endless":false,"potions_floor_spawned":[1,10,14,28,29,38,39,40],"ascension_level":1}