{"gold_per_floor":[112,127,202,219,229,229,257,274,300,300,326,326,337,351,351,422,472,488,498,508,508],"floor_reached":21,"playtime":1509,"items_purged":[],"score":371,"play_id":"3dd33692-95dd-4d62-99de-a44622c3a15f","local_time":"20181221102818","is_ascension_mode":true,"campfire_choices":[{"floor":6.0,"key":"REST"},{"data":"Defragment","floor":12.0,"key":"SMITH"},{"data":"Dualcast","floor":15.0,"key":"SMITH"}],"neow_cost":"NONE","seed_source_timestamp":5115634925325,"circlet_count":0,"master_deck":["AscendersBane","Strike_B","Strike_B","Strike_B","Strike_B","Defend_B","Defend_B","Defend_B","Defend_B","Zap+1","Dualcast+1","Ball Lightning","Ball Lightning","Defragment+1","Ball Lightning","Genetic Algorithm","Conserve Battery+1","Force Field","Cold Snap","Chill+1","Electrodynamics","Sweeping Beam","Loop"],"special_seed":0,"relics":["Cracked Core","Art of War","Regal Pillow","War Paint","Bag of Marbles","Tiny House"],"potions_floor_usage":[],"damage_taken":[{"damage":7.0,"enemies":"Jaw Worm","floor":1.0,"turns":4.0},{"damage":11.0,"enemies":"Small Slimes","floor":2.0,"turns":3.0},{"damage":0.0,"enemies":"Cultist","floor":4.0,"turns":2.0},{"damage":30.0,"enemies":"Lots of Slimes","floor":5.0,"turns":4.0},{"damage":8.0,"enemies":"Gremlin Nob","floor":7.0,"turns":3.0},{"damage":3.0,"enemies":"Blue Slaver","floor":8.0,"turns":2.0},{"damage":29.0,"enemies":"Lagavulin","floor":11.0,"turns":4.0},{"damage":1.0,"enemies":"Looter","floor":13.0,"turns":3.0},{"damage":9.0,"enemies":"Red Slaver","floor":14.0,"turns":2.0},{"damage":2.0,"enemies":"Slime Boss","floor":16.0,"turns":8.0},{"damage":7.0,"enemies":"Shell Parasite","floor":18.0,"turns":3.0},{"damage":11.0,"enemies":"Spheric Guardian","floor":19.0,"turns":5.0},{"damage":0.0,"enemies":"3 Cultists","floor":20.0,"turns":4.0},{"damage":20,"enemies":"Colosseum Slavers","floor":21,"turns":4},{"damage":35,"enemies":"Colosseum Nobs","floor":21,"turns":3}],"seed_played":"3792264471994495064","potions_obtained":[{"floor":5.0,"key":"Regen Potion"},{"floor":7.0,"key":"Explosive Potion"},{"floor":13.0,"key":"Block Potion"},{"floor":16.0,"key":"SteroidPotion"},{"floor":17.0,"key":"Poison Potion"},{"floor":18.0,"key":"SteroidPotion"}],"is_trial":false,"path_per_floor":["M","M","?","M","M","R","E","M","T","?","E","R","M","M","R","B",null,"M","M","M","?"],"character_chosen":"DEFECT","items_purchased":[],"campfire_rested":1,"item_purchase_floors":[],"current_hp_per_floor":[57,46,35,35,5,26,18,15,15,71,42,42,41,32,32,45,70,63,52,52,0],"gold":508,"neow_bonus":"RANDOM_COMMON_RELIC","is_prod":false,"is_daily":false,"chose_seed":false,"campfire_upgraded":2,"win_rate":0,"timestamp":1545416898,"path_taken":["M","M","?","M","M","R","E","M","T","?","E","R","M","?","R","BOSS","M","M","?","?"],"build_version":"2018-12-20","purchased_purges":0,"victory":false,"max_hp_per_floor":[71,71,71,71,71,71,71,71,71,71,71,71,71,71,71,71,76,76,76,76,76],"card_choices":[{"not_picked":["Stack","Steam"],"picked":"Ball Lightning","floor":1.0},{"not_picked":["Reprogram","Beam Cell"],"picked":"Ball Lightning","floor":2.0},{"not_picked":["Recycle","Steam"],"picked":"Defragment","floor":4.0},{"not_picked":["Aggregate","Gash"],"picked":"Ball Lightning","floor":5.0},{"not_picked":["Barrage","Machine Learning"],"picked":"Genetic Algorithm","floor":7.0},{"not_picked":["Fusion","Streamline"],"picked":"Conserve Battery","floor":8.0},{"not_picked":["Double Energy","Melter"],"picked":"Force Field","floor":11.0},{"not_picked":["Go for the Eyes","Gash"],"picked":"Cold Snap","floor":13.0},{"not_picked":["Streamline","Doom and Gloom"],"picked":"Chill","floor":14.0},{"not_picked":["Creative AI","Multi-Cast"],"picked":"Electrodynamics","floor":16.0},{"not_picked":["Compile Driver","Recycle"],"picked":"Sweeping Beam","floor":17.0},{"not_picked":["Rebound","Compile Driver","Beam Cell"],"picked":"SKIP","floor":18.0},{"not_picked":["Redo","Amplify","Cold Snap"],"picked":"SKIP","floor":19.0},{"not_picked":["Barrage+1","Consume"],"picked":"Loop","floor":20.0}],"player_experience":1598504,"relics_obtained":[{"floor":7.0,"key":"Regal Pillow"},{"floor":9.0,"key":"War Paint"},{"floor":11.0,"key":"Bag of Marbles"}],"event_choices":[{"damage_healed":0.0,"max_hp_gain":0.0,"max_hp_loss":0.0,"gold_gain":75.0,"event_name":"World of Goop","player_choice":"Gather Gold","floor":3.0,"gold_loss":0.0,"damage_taken":11.0},{"damage_healed":56.0,"max_hp_gain":0.0,"max_hp_loss":0.0,"gold_gain":0.0,"event_name":"Wheel of Change","player_choice":"Full Heal","floor":10.0,"gold_loss":0.0,"damage_taken":0.0},{"damage_healed":0,"gold_gain":0,"player_choice":"Fight","damage_taken":0,"max_hp_gain":0,"max_hp_loss":0,"event_name":"Colosseum","floor":21,"gold_loss":0},{"damage_healed":0,"gold_gain":0,"player_choice":"Fought Nobs","damage_taken":0,"max_hp_gain":0,"max_hp_loss":0,"event_name":"Colosseum","floor":21,"gold_loss":0}],"is_beta":false,"boss_relics":[{"not_picked":["White Beast Statue","Philosopher\u0027s Stone"],"picked":"Tiny House"}],"items_purged_floors":[],"is_endless":false,"potions_floor_spawned":[5,7,13,16,18,20],"killed_by":"Colosseum Nobs","ascension_level":18}