{"gold_per_floor":[110,110,110,110,129,129,159,159,159,190,190,190,216,236,236,236],"floor_reached":16,"playtime":472,"items_purged":[],"score":204,"play_id":"265eea19-800f-48a3-953a-6bc6ca4923aa","local_time":"20181229195846","is_ascension_mode":true,"campfire_choices":[{"data":"Neutralize","floor":6,"key":"SMITH"},{"data":"Cloak And Dagger","floor":8,"key":"SMITH"},{"floor":11,"key":"REST"},{"floor":15,"key":"REST"}],"neow_cost":"NONE","seed_source_timestamp":740283089645362,"circlet_count":0,"master_deck":["Defend_G","Defend_G","Defend_G+1","Defend_G","Defend_G","Strike_G","Strike_G","Strike_G","Strike_G+1","Strike_G","Survivor","Neutralize+1","Backflip","Dodge and Roll","Cloak And Dagger+1","Sucker Punch+1","Cloak And Dagger","Blade Dance"],"relics":["Ring of the Snake","NeowsBlessing","Ninja Scroll","Molten Egg 2","Juzu Bracelet","Ornamental Fan"],"potions_floor_usage":[16,16],"damage_taken":[{"damage":0,"enemies":"Cultist","floor":1,"turns":1},{"damage":0,"enemies":"Jaw Worm","floor":5,"turns":1},{"damage":0,"enemies":"3 Sentries","floor":7,"turns":1},{"damage":50,"enemies":"Lagavulin","floor":10,"turns":9},{"damage":24,"enemies":"Gremlin Nob","floor":13,"turns":5},{"damage":0,"enemies":"Small Slimes","floor":14,"turns":2},{"damage":38,"enemies":"Slime Boss","floor":16,"turns":7}],"seed_played":"5633314428384104586","potions_obtained":[{"floor":13,"key":"Poison Potion"},{"floor":14,"key":"Weak Potion"}],"is_trial":false,"path_per_floor":["M","$","?","?","M","R","E","R","T","E","R","?","E","M","R","B"],"character_chosen":"THE_SILENT","items_purchased":[],"campfire_rested":2,"item_purchase_floors":[],"current_hp_per_floor":[63,63,49,70,70,70,70,70,70,20,41,41,17,17,38,0],"gold":236,"neow_bonus":"THREE_ENEMY_KILL","is_prod":false,"is_daily":false,"chose_seed":false,"campfire_upgraded":2,"win_rate":0,"timestamp":1546135126,"path_taken":["M","$","?","?","M","R","E","R","T","E","R","?","E","M","R","BOSS"],"build_version":"2018-12-20","purchased_purges":0,"victory":false,"max_hp_per_floor":[70,70,70,70,70,70,70,70,70,70,70,70,70,70,70,70],"card_choices":[{"not_picked":["Dagger Spray","Heel Hook"],"picked":"Backflip","floor":1},{"not_picked":["Deadly Poison","Slice"],"picked":"Dodge and Roll","floor":5},{"not_picked":["Quick Slash","Deflect"],"picked":"Cloak And Dagger","floor":7},{"not_picked":["Calculated Gamble","Burst"],"picked":"Sucker Punch+1","floor":10},{"not_picked":["Riddle With Holes+1","Endless Agony+1"],"picked":"Cloak And Dagger","floor":13},{"not_picked":["Endless Agony+1","Footwork"],"picked":"Blade Dance","floor":14}],"player_experience":342176,"relics_obtained":[{"floor":7,"key":"Ninja Scroll"},{"floor":9,"key":"Molten Egg 2"},{"floor":10,"key":"Juzu Bracelet"},{"floor":13,"key":"Ornamental Fan"}],"event_choices":[{"damage_healed":0,"gold_gain":0,"player_choice":"Entered Light","damage_taken":14,"max_hp_gain":0,"max_hp_loss":0,"event_name":"Shining Light","floor":3,"gold_loss":0,"cards_upgraded":["Defend_G","Strike_G"]},{"damage_healed":23,"gold_gain":0,"player_choice":"Banana","damage_taken":0,"max_hp_gain":0,"max_hp_loss":0,"event_name":"Big Fish","floor":4,"gold_loss":0},{"damage_healed":0,"gold_gain":0,"player_choice":"Ignored","damage_taken":0,"max_hp_gain":0,"max_hp_loss":0,"event_name":"Liars Game","floor":12,"gold_loss":0}],"is_beta":false,"boss_relics":[],"items_purged_floors":[],"is_endless":false,"potions_floor_spawned":[13,14],"killed_by":"Slime Boss","ascension_level":9}