{"gold_per_floor":[113,140,140,153,153,153,228,228,228,246,246,246,257,274,274,376,376,396,396,251,251,265,279,313,313,313,12,12,112,127,44,44,142,142,155,200,219,219,219,219],"floor_reached":40,"playtime":2030,"items_purged":["Strike_B+1","Dualcast"],"score":417,"play_id":"893bb087-940a-4a2d-a589-8afdb046239e","local_time":"20180810214314","is_ascension_mode":false,"campfire_choices":[{"data":"Darkness","floor":6,"key":"SMITH"},{"data":"Cold Snap","floor":8,"key":"SMITH"},{"data":"Glacier","floor":12,"key":"SMITH"},{"floor":15,"key":"REST"},{"data":"Chaos","floor":25,"key":"SMITH"},{"data":"Defragment","floor":32,"key":"SMITH"}],"neow_cost":"","seed_source_timestamp":203275107689329,"circlet_count":0,"master_deck":["Defend_B","Defend_B","Defend_B","Zap+1","Darkness+1","Cold Snap+1","Glacier+1","Electrodynamics","Blizzard+1","Capacitor","Barrage","Conserve Battery","Chaos+1","Coolheaded","Defragment+1","Conserve Battery","Ball Lightning+1","Conserve Battery+1"],"relics":["Cracked Core","Omamori","Bronze Scales","Strawberry","Empty Cage","Kunai","Centennial Puzzle","Bird Faced Urn","Runic Capacitor","Sozu","Peace Pipe","Darkstone Periapt"],"potions_floor_usage":[24,24,33],"damage_taken":[{"damage":6,"enemies":"Cultist","floor":1,"turns":4},{"damage":9,"enemies":"2 Louse","floor":4,"turns":3},{"damage":1,"enemies":"Small Slimes","floor":10,"turns":3},{"damage":10,"enemies":"Exordium Thugs","floor":13,"turns":3},{"damage":2,"enemies":"Exordium Wildlife","floor":14,"turns":3},{"damage":17,"enemies":"Hexaghost","floor":16,"turns":10},{"damage":3,"enemies":"Chosen","floor":18,"turns":3},{"damage":10,"enemies":"Shell Parasite","floor":22,"turns":6},{"damage":3,"enemies":"Cultist and Chosen","floor":23,"turns":5},{"damage":20,"enemies":"Slavers","floor":24,"turns":2},{"damage":4,"enemies":"Snecko","floor":30,"turns":5},{"damage":18,"enemies":"Champ","floor":33,"turns":8},{"damage":7,"enemies":"Flame Bruiser 1 Orb","floor":35,"turns":4},{"damage":22,"floor":36,"turns":3},{"damage":6,"enemies":"Orb Walker","floor":37,"turns":4},{"damage":69,"enemies":"Nemesis","floor":40,"turns":6}],"seed_played":"5870848116803902111","potions_obtained":[{"floor":1,"key":"Dexterity Potion"},{"floor":13,"key":"Block Potion"},{"floor":18,"key":"AttackPotion"},{"floor":22,"key":"FocusPotion"},{"floor":24,"key":"EssenceOfSteel"}],"is_trial":false,"path_per_floor":["M","T","?","M","?","R","?","R","T","M","?","R","M","M","R","B",null,"M","?","$","?","M","M","E","R","T","$","?","?","M","$","R","B",null,"M","?","M","T","?"],"character_chosen":"DEFECT","items_purchased":["Capacitor","Runic Capacitor","Defragment","Conserve Battery"],"campfire_rested":1,"item_purchase_floors":[20,27,31,31],"current_hp_per_floor":[69,69,62,53,38,38,27,27,27,26,33,33,23,21,45,28,82,79,79,79,79,69,66,46,46,46,46,46,46,46,46,46,34,82,77,59,55,55,55,0],"gold":219,"neow_bonus":"","is_prod":false,"is_daily":false,"chose_seed":false,"campfire_upgraded":5,"win_rate":0,"timestamp":1533901394,"path_taken":["M","?","?","?","?","R","?","R","T","M","?","R","?","M","R","BOSS","M","?","$","?","?","M","E","R","T","$","?","?","M","?","R","BOSS","M","?","M","?","?","E"],"build_version":"2018-08-09","purchased_purges":2,"victory":false,"max_hp_per_floor":[75,75,75,75,75,75,75,75,75,75,82,82,82,82,82,82,82,82,82,82,82,82,82,82,82,82,82,82,82,82,82,82,82,82,82,82,82,82,82,82],"card_choices":[{"not_picked":["Hello World","Sweeping Beam"],"picked":"Darkness","floor":1},{"not_picked":["Chaos","Compile Driver"],"picked":"Cold Snap","floor":4},{"not_picked":["Compile Driver","Rebound"],"picked":"Glacier","floor":10},{"not_picked":["Gash","Lockon","Beam Cell"],"picked":"SKIP","floor":13},{"not_picked":["Steam","Rebound","Static Discharge"],"picked":"SKIP","floor":14},{"not_picked":["Fission","Seek"],"picked":"Electrodynamics","floor":16},{"not_picked":["Static Discharge","Steam+1"],"picked":"Blizzard","floor":18},{"not_picked":["Go for the Eyes","All For One"],"picked":"Barrage","floor":22},{"not_picked":["Redo+1","Sunder"],"picked":"Conserve Battery","floor":23},{"not_picked":["Heatsinks","Steam"],"picked":"Chaos","floor":24},{"not_picked":["Self Repair","Electrodynamics"],"picked":"Coolheaded","floor":30},{"not_picked":["Genetic Algorithm+1","Double Energy+1"],"picked":"Ball Lightning+1","floor":35},{"not_picked":["FTL","Gash"],"picked":"Conserve Battery+1","floor":37}],"player_experience":651422,"relics_obtained":[{"floor":2,"key":"Omamori"},{"floor":9,"key":"Bronze Scales"},{"floor":24,"key":"Centennial Puzzle"},{"floor":26,"key":"Bird Faced Urn"},{"floor":36,"key":"Peace Pipe"},{"floor":38,"key":"Darkstone Periapt"}],"event_choices":[{"event_name":"Golden Wing","player_choice":"Card Removal","floor":3,"damage_taken":0},{"event_name":"Shining Light","player_choice":"Entered Light","floor":5,"damage_taken":0},{"event_name":"World of Goop","player_choice":"Gather Gold","floor":7,"damage_taken":0},{"event_name":"WeMeetAgain","player_choice":"Potion","floor":11,"damage_taken":0},{"event_name":"Upgrade Shrine","player_choice":"Upgraded","floor":19,"damage_taken":0},{"event_name":"Wheel of Change","player_choice":"Relic","floor":21,"damage_taken":0},{"event_name":"Back to Basics","player_choice":"Elegance","floor":28,"damage_taken":0},{"event_name":"Golden Shrine","player_choice":"Pray","floor":29,"damage_taken":0},{"event_name":"Mysterious Sphere","player_choice":"Fight","floor":36,"damage_taken":0},{"event_name":"Tomb of Lord Red Mask","player_choice":"Ignored","floor":39,"damage_taken":0}],"is_beta":false,"boss_relics":[{"not_picked":["Philosopher\u0027s Stone","Coffee Dripper"],"picked":"Empty Cage"},{"not_picked":["Inserter","Fusion Hammer"],"picked":"Sozu"}],"items_purged_floors":[20,27],"is_endless":false,"potions_floor_spawned":[1,13,18,22,24,35,36],"killed_by":"Nemesis","ascension_level":0}