{"gold_per_floor":[113,113,113,125,15,75,75,111,186,186,225,248,248,248,248,368,368,387,302,302,302,67,67,67],"floor_reached":24,"playtime":1298,"items_purged":["Strike_B"],"score":373,"play_id":"d06bdf63-68fe-4597-9bf3-1c7c04b67a48","local_time":"20181115154325","is_ascension_mode":true,"campfire_choices":[{"data":"Hologram","floor":13,"key":"SMITH"},{"floor":15,"key":"REST"},{"data":"Streamline","floor":23,"key":"SMITH"}],"neow_cost":"NONE","seed_source_timestamp":2130827712608,"circlet_count":0,"master_deck":["AscendersBane","Strike_B","Strike_B","Defend_B","Defend_B","Defend_B","Defend_B","Zap+1","Dualcast","Conserve Battery","Seek","Rip and Tear","Go for the Eyes","Doom and Gloom","Hologram+1","Machine Learning","Cold Snap","Necronomicurse","Streamline+1"],"relics":["Cracked Core","NeowsBlessing","Tiny Chest","Golden Idol","Art of War","Darkstone Periapt","The Courier","Ornamental Fan","Black Star","Regal Pillow","Necronomicon","Bottled Lightning"],"potions_floor_usage":[8,11,24],"damage_taken":[{"damage":0,"enemies":"2 Louse","floor":1,"turns":1},{"damage":0,"enemies":"Cultist","floor":4,"turns":1},{"damage":0,"enemies":"Lagavulin","floor":6,"turns":1},{"damage":6,"enemies":"Gremlin Nob","floor":8,"turns":3},{"damage":23,"enemies":"Lagavulin","floor":11,"turns":6},{"damage":0,"enemies":"Small Slimes","floor":12,"turns":2},{"damage":18,"enemies":"Hexaghost","floor":16,"turns":10},{"damage":15,"enemies":"Chosen","floor":18,"turns":5},{"damage":47,"enemies":"Book of Stabbing","floor":24,"turns":4}],"seed_played":"-1914648443759591377","potions_obtained":[{"floor":4,"key":"GamblersBrew"},{"floor":8,"key":"SteroidPotion"},{"floor":16,"key":"Regen Potion"}],"is_trial":false,"path_per_floor":["M","?","$","M","$","E","?","E","T","?","E","M","R","?","R","B",null,"M","?","?","?","$","R","E"],"character_chosen":"DEFECT","items_purchased":["Rip and Tear","Streamline","Bottled Lightning"],"campfire_rested":1,"item_purchase_floors":[5,22,22],"current_hp_per_floor":[68,68,68,68,68,68,50,44,44,37,14,14,14,7,29,11,59,44,44,34,34,34,34,0],"gold":67,"neow_bonus":"THREE_ENEMY_KILL","is_prod":false,"is_daily":false,"chose_seed":false,"campfire_upgraded":2,"win_rate":0,"timestamp":1542257005,"path_taken":["M","?","$","?","$","E","?","E","T","?","E","M","R","?","R","BOSS","M","?","?","?","$","R","E"],"build_version":"2018-11-06","purchased_purges":1,"victory":false,"max_hp_per_floor":[75,75,75,75,75,75,75,75,75,75,75,75,75,75,75,75,75,75,75,81,81,81,81,81],"card_choices":[{"not_picked":["Beam Cell","Streamline"],"picked":"Conserve Battery","floor":1},{"not_picked":["Reinforced Body","Beam Cell"],"picked":"Seek","floor":4},{"not_picked":["Compile Driver","Turbo"],"picked":"Go for the Eyes","floor":6},{"not_picked":["Gash","Leap"],"picked":"Doom and Gloom","floor":8},{"not_picked":["Leap","Turbo","Sunder"],"picked":"SKIP","floor":11},{"not_picked":["Rebound","Steam"],"picked":"Hologram","floor":12},{"not_picked":["All For One","Thunder Strike"],"picked":"Machine Learning","floor":16},{"not_picked":["Streamline","Reinforced Body"],"picked":"Cold Snap","floor":18}],"player_experience":801972,"relics_obtained":[{"floor":6,"key":"Tiny Chest"},{"floor":8,"key":"Art of War"},{"floor":9,"key":"Darkstone Periapt"},{"floor":11,"key":"Ornamental Fan"},{"floor":20,"key":"Necronomicon"}],"event_choices":[{"damage_healed":0,"gold_gain":0,"player_choice":"Upgraded","damage_taken":0,"max_hp_gain":0,"max_hp_loss":0,"event_name":"Upgrade Shrine","floor":2,"gold_loss":0,"cards_upgraded":["Zap"]},{"damage_healed":0,"gold_gain":0,"player_choice":"Take Damage","damage_taken":18,"relics_obtained":["Golden Idol"],"max_hp_gain":0,"max_hp_loss":0,"event_name":"Golden Idol","floor":7,"gold_loss":0},{"damage_healed":0,"gold_gain":0,"player_choice":"Success","damage_taken":7,"relics_obtained":["The Courier"],"max_hp_gain":0,"max_hp_loss":0,"event_name":"Scrap Ooze","floor":10,"gold_loss":0},{"cards_removed":["Strike_B"],"damage_healed":0,"gold_gain":0,"player_choice":"Card Removal","damage_taken":7,"max_hp_gain":0,"max_hp_loss":0,"event_name":"Golden Wing","floor":14,"gold_loss":0},{"damage_healed":0,"gold_gain":0,"player_choice":"Obtained Relic","damage_taken":0,"relics_obtained":["Regal Pillow"],"max_hp_gain":0,"max_hp_loss":0,"event_name":"Addict","floor":19,"gold_loss":85},{"damage_healed":0,"gold_gain":0,"player_choice":"Obtained Book","damage_taken":16,"max_hp_gain":0,"max_hp_loss":0,"event_name":"Cursed Tome","floor":20,"gold_loss":0},{"damage_healed":0,"gold_gain":0,"player_choice":"Ignored","damage_taken":0,"max_hp_gain":0,"max_hp_loss":0,"event_name":"Ghosts","floor":21,"gold_loss":0}],"is_beta":true,"boss_relics":[{"not_picked":["Runic Pyramid","Lizard Tail"],"picked":"Black Star"}],"items_purged_floors":[5],"is_endless":false,"potions_floor_spawned":[4,8,16],"killed_by":"Book of Stabbing","ascension_level":12}