{"gold_per_floor":[115,135,135,155,170,170,186,196,196,196,226,226,236,57,57,158,158,177,102,114,39,39,39,39],"floor_reached":24,"playtime":3093,"items_purged":["Strike_B"],"score":228,"play_id":"7c3576e6-56db-49d3-b70e-ea11fd357731","local_time":"20180712111638","is_ascension_mode":true,"campfire_choices":[{"data":"Zap","floor":6.0,"key":"SMITH"},{"data":"Streamline","floor":10.0,"key":"SMITH"},{"floor":12.0,"key":"REST"},{"data":"Darkness","floor":15.0,"key":"SMITH"},{"floor":23,"key":"REST"}],"neow_cost":"NONE","seed_source_timestamp":75720951993417,"circlet_count":0,"master_deck":["Strike_B","Defend_B","Defend_B","Defend_B","Defend_B","Zap+1","Dualcast","Undo","Cold Snap","Darkness+1","Rebound","Streamline+1","Go for the Eyes","FTL","Capacitor","Creative AI","Fusion","Auto Shields","Streamline+1"],"special_seed":0,"relics":["Cracked Core","Juzu Bracelet","Centennial Puzzle","Dream Catcher","Ancient Tea Set","Sozu"],"potions_floor_usage":[16,18,18],"damage_taken":[{"damage":4.0,"enemies":"Small Slimes","floor":1.0,"turns":3.0},{"damage":0.0,"enemies":"2 Louse","floor":2.0,"turns":3.0},{"damage":0.0,"enemies":"Jaw Worm","floor":4.0,"turns":4.0},{"damage":17.0,"enemies":"Exordium Wildlife","floor":5.0,"turns":3.0},{"damage":4.0,"enemies":"Blue Slaver","floor":7.0,"turns":4.0},{"damage":10.0,"enemies":"3 Louse","floor":8.0,"turns":3.0},{"damage":16.0,"enemies":"3 Sentries","floor":11.0,"turns":4.0},{"damage":9.0,"enemies":"Exordium Thugs","floor":13.0,"turns":3.0},{"damage":24,"enemies":"Hexaghost","floor":16,"turns":7},{"damage":27,"enemies":"2 Thieves","floor":18,"turns":4},{"damage":21,"enemies":"Shell Parasite","floor":20,"turns":4},{"damage":49,"enemies":"Slavers","floor":24,"turns":4}],"seed_played":"-313253076364690471","potions_obtained":[{"floor":1.0,"key":"Fire Potion"},{"floor":4.0,"key":"SteroidPotion"},{"floor":8.0,"key":"Explosive Potion"},{"floor":13.0,"key":"SkillPotion"},{"floor":16,"key":"PowerPotion"}],"is_trial":false,"path_per_floor":["M","M","?","M","M","R","M","M","T","R","E","R","M","$","R","B",null,"M","?","M","$","?","R"],"character_chosen":"DEFECT","items_purchased":["Capacitor","Ancient Tea Set"],"campfire_rested":2,"item_purchase_floors":[14,14],"current_hp_per_floor":[71,71,64,64,47,47,43,33,33,33,17,39,30,30,30,6,75,48,48,27,27,27,49,0],"gold":39,"neow_bonus":"RANDOM_COMMON_RELIC","is_prod":false,"is_daily":false,"chose_seed":false,"campfire_upgraded":3,"win_rate":0,"timestamp":1531419398,"path_taken":["M","M","?","M","M","R","M","M","T","R","E","R","M","$","R","BOSS","M","?","M","$","?","R","E"],"build_version":"2018-07-05","purchased_purges":1,"victory":false,"max_hp_per_floor":[75,75,75,75,75,75,75,75,75,75,75,75,75,75,75,75,75,75,75,75,75,75,75,75],"card_choices":[{"not_picked":["Double Energy","Gash"],"picked":"Undo","floor":1.0},{"not_picked":["Stack","Go for the Eyes"],"picked":"Cold Snap","floor":2.0},{"not_picked":["Redo","Turbo"],"picked":"Darkness","floor":4.0},{"not_picked":["Static Discharge","Tempest"],"picked":"Rebound","floor":5.0},{"not_picked":["Rebound","Coolheaded"],"picked":"Streamline","floor":7.0},{"not_picked":["Rebound","Heatsinks"],"picked":"Go for the Eyes","floor":8.0},{"not_picked":["Coolheaded","Double Energy"],"picked":"FTL","floor":11.0},{"not_picked":["Rebound","Redo","Hello World"],"picked":"SKIP","floor":13.0},{"not_picked":["Biased Cognition","Fission"],"picked":"Creative AI","floor":16},{"not_picked":["Sweeping Beam","Recycle+1"],"picked":"Fusion","floor":18},{"not_picked":["Genetic Algorithm","Melter"],"picked":"Auto Shields","floor":20},{"not_picked":["Rebound","White Noise+1"],"picked":"Streamline+1","floor":23}],"player_experience":954850,"relics_obtained":[{"floor":9.0,"key":"Centennial Puzzle"},{"floor":11.0,"key":"Dream Catcher"}],"event_choices":[{"event_name":"Golden Wing","player_choice":"Card Removal","floor":3.0,"damage_taken":0.0},{"event_name":"Beggar","player_choice":"Gave Gold","floor":19,"damage_taken":0},{"event_name":"Addict","player_choice":"Ignored","floor":22,"damage_taken":0}],"boss_relics":[{"not_picked":["Eternal Feather","Fusion Hammer"],"picked":"Sozu"}],"items_purged_floors":[21],"is_endless":false,"potions_floor_spawned":[1,4,8,13,16],"killed_by":"Slavers","ascension_level":3}