{"gold_per_floor":[116,130,205,219,219,219,233,560,560,622,622,622,648,661,661,661],"floor_reached":16,"playtime":688,"items_purged":[],"score":132,"play_id":"6979b064-563a-4e17-9246-6d0fa7d5cfcf","local_time":"20190207163606","is_ascension_mode":true,"campfire_choices":[{"floor":6,"key":"REST"},{"floor":11,"key":"REST"},{"floor":15,"key":"REST"}],"neow_cost":"NONE","seed_source_timestamp":2339503821022843,"circlet_count":0,"master_deck":["Strike_B","Strike_B","Strike_B","Strike_B","Defend_B","Defend_B","Defend_B","Defend_B","Zap","Dualcast","Streamline","Conserve Battery","Cold Snap","Thunder Strike","Genetic Algorithm","Genetic Algorithm","Regret","Doom and Gloom","Rebound"],"relics":["Cracked Core","Regal Pillow","Old Coin","Frozen Egg 2","Question Card","Boot","Gremlin Horn"],"potions_floor_usage":[8,10,13,13,14],"damage_taken":[{"damage":4,"enemies":"Jaw Worm","floor":1,"turns":4},{"damage":9,"enemies":"2 Louse","floor":2,"turns":3},{"damage":11,"enemies":"Small Slimes","floor":4,"turns":4},{"damage":22,"enemies":"Exordium Thugs","floor":7,"turns":4},{"damage":14,"enemies":"3 Sentries","floor":8,"turns":7},{"damage":25,"enemies":"3 Sentries","floor":10,"turns":7},{"damage":34,"enemies":"Gremlin Nob","floor":13,"turns":4},{"damage":5,"enemies":"Large Slime","floor":14,"turns":5},{"damage":50,"enemies":"Slime Boss","floor":16,"turns":8}],"seed_played":"-7989189534079630548","potions_obtained":[{"floor":0,"key":"FearPotion"},{"floor":0,"key":"SpeedPotion"},{"floor":0,"key":"AttackPotion"},{"floor":2,"key":"Strength Potion"},{"floor":8,"key":"FearPotion"},{"floor":13,"key":"AttackPotion"}],"is_trial":false,"path_per_floor":["M","M","?","M","?","R","M","E","T","?","R","?","E","M","R","B"],"character_chosen":"DEFECT","items_purchased":[],"campfire_rested":3,"item_purchase_floors":[],"current_hp_per_floor":[71,62,51,40,37,74,52,38,38,13,50,50,16,11,48,0],"gold":661,"neow_bonus":"THREE_SMALL_POTIONS","is_prod":false,"is_daily":false,"chose_seed":false,"campfire_upgraded":0,"win_rate":0,"timestamp":1549517766,"path_taken":["M","M","?","M","?","R","M","E","T","?","R","?","E","?","R","BOSS"],"build_version":"2019-01-23","purchased_purges":0,"victory":false,"max_hp_per_floor":[75,75,75,75,75,75,75,75,75,75,75,75,75,75,75,75],"card_choices":[{"not_picked":["Turbo","Hello World"],"picked":"Streamline","floor":1},{"not_picked":["Turbo","Steam Power"],"picked":"Conserve Battery","floor":2},{"not_picked":["Streamline","Capacitor"],"picked":"Cold Snap","floor":4},{"not_picked":["Chaos","Force Field"],"picked":"Thunder Strike","floor":7},{"not_picked":["White Noise","Reinforced Body"],"picked":"Genetic Algorithm","floor":8},{"not_picked":["Gash","Tempest"],"picked":"Genetic Algorithm","floor":10},{"not_picked":["Beam Cell","All For One","FTL"],"picked":"Doom and Gloom","floor":13},{"not_picked":["Chill","Leap","Gash"],"picked":"Rebound","floor":14}],"player_experience":303996,"relics_obtained":[{"floor":8,"key":"Old Coin"},{"floor":9,"key":"Frozen Egg 2"},{"floor":10,"key":"Question Card"},{"floor":13,"key":"Gremlin Horn"}],"event_choices":[{"damage_healed":0,"gold_gain":75,"player_choice":"Gather Gold","damage_taken":11,"max_hp_gain":0,"max_hp_loss":0,"event_name":"World of Goop","floor":3,"gold_loss":0},{"damage_healed":0,"gold_gain":0,"player_choice":"Success","damage_taken":3,"relics_obtained":["Regal Pillow"],"max_hp_gain":0,"max_hp_loss":0,"event_name":"Scrap Ooze","floor":5,"gold_loss":0},{"damage_healed":0,"gold_gain":0,"player_choice":"Searched \u00271\u0027 times","damage_taken":0,"max_hp_gain":0,"max_hp_loss":0,"event_name":"Dead Adventurer","floor":10,"gold_loss":0},{"damage_healed":0,"gold_gain":0,"player_choice":"Box","damage_taken":0,"relics_obtained":["Boot"],"max_hp_gain":0,"max_hp_loss":0,"event_name":"Big Fish","floor":12,"gold_loss":0,"cards_obtained":["Regret"]}],"is_beta":false,"boss_relics":[],"items_purged_floors":[],"is_endless":false,"potions_floor_spawned":[2,7,8,13],"killed_by":"Slime Boss","ascension_level":4}