{"gold_per_floor":[111,111,128,147,21,48,48,76,76,76,76,94,94,20,20,115,115,128,47,322,343,359,402,402,402,426,426,83,83,83,109,109,186,186,197,197,297,297,77,77,77],"floor_reached":41,"playtime":1942,"items_purged":["Strike_B","Regret"],"score":912,"play_id":"e4d0717b-b445-4870-b8d5-aadb4b9469e9","local_time":"20190106172638","is_ascension_mode":true,"campfire_choices":[{"data":"Storm","floor":7,"key":"SMITH"},{"floor":10,"key":"REST"},{"data":"Buffer","floor":13,"key":"SMITH"},{"data":"Defragment","floor":15,"key":"SMITH"},{"floor":25,"key":"REST"},{"floor":27,"key":"REST"},{"floor":29,"key":"REST"},{"data":"Loop","floor":32,"key":"SMITH"},{"data":"Creative AI","floor":40,"key":"SMITH"}],"neow_cost":"NONE","seed_source_timestamp":54542312226869,"circlet_count":0,"master_deck":["AscendersBane","Defend_B","Defend_B","Defend_B","Defend_B","Zap","Dualcast","Buffer+1","Chill","Storm+1","Cold Snap","Loop+1","Hologram","Injury","Core Surge","Defragment+1","Amplify+1","Reinforced Body+1","Defragment","White Noise+1","Hologram+1","Tempest+1","Loop","Creative AI+1","Streamline+1","Rainbow+1","Beam Cell+1","Glacier+1","Discovery+1","Finesse+1","Panache","BootSequence+1","Buffer+1"],"relics":["Cracked Core","Matryoshka","Gambling Chip","Kunai","Toxic Egg 2","Du-Vu Doll","Bloody Idol","Sozu","Juzu Bracelet","Sundial","Omamori","Oddly Smooth Stone","Anchor","Astrolabe","FossilizedHelix","DollysMirror"],"potions_floor_usage":[6,12,23],"damage_taken":[{"damage":0,"enemies":"2 Louse","floor":1,"turns":2},{"damage":0,"enemies":"Cultist","floor":3,"turns":4},{"damage":0,"enemies":"Small Slimes","floor":4,"turns":4},{"damage":25,"enemies":"Lagavulin","floor":6,"turns":7},{"damage":35,"enemies":"Gremlin Nob","floor":8,"turns":5},{"damage":0,"enemies":"Exordium Wildlife","floor":12,"turns":1},{"damage":15,"enemies":"The Guardian","floor":16,"turns":10},{"damage":4,"enemies":"Shell Parasite","floor":18,"turns":4},{"damage":10,"enemies":"3 Byrds","floor":21,"turns":3},{"damage":14,"enemies":"Snake Plant","floor":22,"turns":3},{"damage":24,"enemies":"Slavers","floor":23,"turns":5},{"damage":0,"enemies":"Gremlin Leader","floor":31,"turns":3},{"damage":18,"enemies":"Collector","floor":33,"turns":7},{"damage":5,"enemies":"3 Shapes","floor":35,"turns":4},{"damage":15,"enemies":"Mind Bloom Boss Battle","floor":37,"turns":5},{"damage":52,"enemies":"Reptomancer","floor":41,"turns":3}],"seed_played":"3660120281279522882","potions_obtained":[{"floor":4,"key":"Poison Potion"},{"floor":8,"key":"Explosive Potion"},{"floor":16,"key":"Poison Potion"}],"is_trial":false,"path_per_floor":["M","?","M","M","$","E","R","E","T","R","?","M","R","$","R","B",null,"M","$","?","M","M","E","?","R","T","R","$","R","?","E","R","B",null,"M","?","?","?","$","R","E"],"character_chosen":"DEFECT","items_purchased":["Cold Snap","Defragment","Defragment","Oddly Smooth Stone","Loop","DollysMirror"],"campfire_rested":4,"item_purchase_floors":[5,14,19,28,28,39],"current_hp_per_floor":[64,64,64,64,64,39,39,4,4,25,25,25,25,25,25,10,56,52,52,52,42,28,4,4,25,25,46,46,67,67,71,71,58,68,68,58,48,48,48,48,0],"gold":77,"neow_bonus":"ONE_RANDOM_RARE_CARD","is_prod":false,"is_daily":false,"chose_seed":false,"campfire_upgraded":5,"win_rate":0,"timestamp":1546755998,"path_taken":["M","?","?","M","$","E","R","E","T","R","?","M","R","?","R","BOSS","M","$","?","M","?","E","?","R","T","R","$","R","?","E","R","BOSS","M","?","?","?","$","R","E"],"build_version":"2018-11-15","purchased_purges":2,"victory":false,"max_hp_per_floor":[71,71,71,71,71,71,71,71,71,71,71,71,71,71,71,71,71,71,71,71,71,71,71,71,71,71,71,71,71,71,71,71,71,71,71,71,71,71,71,71,71],"card_choices":[{"not_picked":["Genetic Algorithm","Double Energy"],"picked":"Sweeping Beam","floor":1},{"not_picked":["Reprogram","Fusion"],"picked":"Chill","floor":3},{"not_picked":["Gash","Stack"],"picked":"Storm","floor":4},{"not_picked":["Doom and Gloom","Rip and Tear"],"picked":"Loop","floor":6},{"not_picked":["Barrage","Blizzard"],"picked":"Hologram","floor":8},{"not_picked":["Sweeping Beam","Aggregate+1"],"picked":"Core Surge","floor":12},{"not_picked":["Core Surge","Echo Form"],"picked":"Amplify+1","floor":16},{"not_picked":["Steam Power+1","Barrage"],"picked":"Reinforced Body+1","floor":18},{"not_picked":["Chill+1","Skim+1"],"picked":"White Noise+1","floor":21},{"not_picked":["Rebound","Lockon"],"picked":"Hologram+1","floor":22},{"not_picked":["Gash","Sweeping Beam+1"],"picked":"Tempest+1","floor":23},{"not_picked":["Cold Snap","Double Energy+1","Melter"],"picked":"SKIP","floor":31},{"not_picked":["Amplify+1","Core Surge"],"picked":"Creative AI","floor":33},{"not_picked":["Compile Driver+1","Barrage+1"],"picked":"Glacier+1","floor":35},{"not_picked":["Master of Strategy+1","Blind+1"],"picked":"Discovery+1","floor":36},{"not_picked":["PanicButton+1","Dark Shackles+1"],"picked":"Finesse+1","floor":36},{"not_picked":["Deep Breath+1","Secret Weapon+1"],"picked":"Panache","floor":36},{"not_picked":["Cold Snap","Sweeping Beam"],"picked":"BootSequence+1","floor":37}],"player_experience":987248,"relics_obtained":[{"floor":6,"key":"Gambling Chip"},{"floor":8,"key":"Kunai"},{"floor":9,"key":"Toxic Egg 2"},{"floor":9,"key":"Du-Vu Doll"},{"floor":23,"key":"Juzu Bracelet"},{"floor":26,"key":"Sundial"},{"floor":26,"key":"Omamori"},{"floor":31,"key":"Anchor"},{"floor":37,"key":"FossilizedHelix"}],"event_choices":[{"cards_removed":["Sweeping Beam"],"damage_healed":0,"gold_gain":0,"player_choice":"Gave Card","damage_taken":0,"relics_obtained":["Matryoshka"],"max_hp_gain":0,"max_hp_loss":0,"event_name":"WeMeetAgain","floor":2,"gold_loss":0},{"damage_healed":0,"gold_gain":0,"player_choice":"Take Wound","damage_taken":0,"relics_obtained":["Golden Idol"],"max_hp_gain":0,"max_hp_loss":0,"event_name":"Golden Idol","floor":11,"gold_loss":0,"cards_obtained":["Injury"]},{"damage_healed":0,"gold_gain":275,"player_choice":"Desecrate","damage_taken":0,"max_hp_gain":0,"max_hp_loss":0,"event_name":"Golden Shrine","floor":20,"gold_loss":0,"cards_obtained":["Regret"]},{"damage_healed":0,"gold_gain":0,"player_choice":"Ignored","damage_taken":0,"max_hp_gain":0,"max_hp_loss":0,"event_name":"Ghosts","floor":24,"gold_loss":0},{"damage_healed":0,"gold_gain":0,"player_choice":"Gave Idol","damage_taken":0,"relics_obtained":["Bloody Idol"],"max_hp_gain":0,"max_hp_loss":0,"event_name":"Forgotten Altar","floor":30,"relics_lost":["Golden Idol"],"gold_loss":0},{"damage_healed":0,"gold_gain":0,"player_choice":"Memory 3","damage_taken":10,"max_hp_gain":0,"max_hp_loss":0,"event_name":"SensoryStone","floor":36,"gold_loss":0},{"damage_healed":0,"gold_gain":0,"player_choice":"Fight","damage_taken":0,"max_hp_gain":0,"max_hp_loss":0,"event_name":"MindBloom","floor":37,"gold_loss":0},{"damage_healed":0,"gold_gain":0,"player_choice":"Ignored","damage_taken":0,"max_hp_gain":0,"max_hp_loss":0,"event_name":"Tomb of Lord Red Mask","floor":38,"gold_loss":0}],"is_beta":true,"boss_relics":[{"not_picked":["Runic Dome","Pandora\u0027s Box"],"picked":"Sozu"},{"not_picked":["Orrery","Tiny House"],"picked":"Astrolabe"}],"items_purged_floors":[5,28],"is_endless":false,"potions_floor_spawned":[4,8,16,21,31,33,35,37],"killed_by":"Reptomancer","ascension_level":20}