{"gold_per_floor":[113,188,200,219,219,254,254,16,16,29,49,49,68,68,68,167,167,187,201,127,224,243,278,278,294,294,28,78,128,194,205,205,300,300,316,415,465,515,28,28],"floor_reached":40,"playtime":2163,"items_purged":["Strike_B","Defend_B"],"score":598,"play_id":"51a8c6b6-c892-454d-92a2-09d7e355942b","local_time":"20190103211455","is_ascension_mode":true,"campfire_choices":[{"floor":7,"key":"REST"},{"data":"Hologram","floor":12,"key":"SMITH"},{"floor":15,"key":"REST"},{"data":"Hyperbeam","floor":24,"key":"SMITH"},{"floor":32,"key":"REST"}],"neow_cost":"NONE","seed_source_timestamp":1175164973762238,"circlet_count":0,"master_deck":["Defend_B","Defend_B","Defend_B","Zap","Dualcast","Consume","Cold Snap","Leap","Hologram+1","Sweeping Beam","Conserve Battery","Conserve Battery","Steam","Hyperbeam+1","Rip and Tear+1","Conserve Battery","Reinforced Body","BootSequence","White Noise","White Noise","Beam Cell","Mind Blast","White Noise","Blizzard","Storm+1","White Noise","Machine Learning","Storm","Ball Lightning","Deep Breath","Stack"],"relics":["Cracked Core","The Courier","Ornamental Fan","Thread and Needle","Pantograph","SsserpentHead","Sozu","Orichalcum","Pear","Oddly Smooth Stone","Dodecahedron","Empty Cage","Gambling Chip","Pen Nib","Vajra","Symbiotic Virus"],"potions_floor_usage":[16,16,23,23,33],"damage_taken":[{"damage":13,"enemies":"Small Slimes","floor":1,"turns":3},{"damage":5,"enemies":"Jaw Worm","floor":3,"turns":3},{"damage":1,"enemies":"Cultist","floor":4,"turns":3},{"damage":29,"enemies":"3 Sentries","floor":6,"turns":10},{"damage":0,"enemies":"Large Slime","floor":10,"turns":4},{"damage":3,"enemies":"Red Slaver","floor":11,"turns":5},{"damage":5,"enemies":"Exordium Thugs","floor":13,"turns":5},{"damage":62,"enemies":"Slime Boss","floor":16,"turns":18},{"damage":1,"enemies":"3 Byrds","floor":18,"turns":5},{"damage":5,"enemies":"2 Thieves","floor":19,"turns":4},{"damage":24,"enemies":"Shelled Parasite and Fungi","floor":22,"turns":7},{"damage":5,"enemies":"Book of Stabbing","floor":23,"turns":5},{"damage":3,"enemies":"Snecko","floor":25,"turns":4},{"damage":10,"enemies":"Snake Plant","floor":30,"turns":4},{"damage":2,"enemies":"3 Cultists","floor":31,"turns":5},{"damage":17,"enemies":"Champ","floor":33,"turns":11},{"damage":6,"enemies":"Orb Walker","floor":35,"turns":3},{"damage":32,"enemies":"2 Orb Walkers","floor":36,"turns":5},{"damage":78,"enemies":"Reptomancer","floor":40,"turns":4}],"seed_played":"6306771608905682856","potions_obtained":[{"floor":1,"key":"Energy Potion"},{"floor":10,"key":"EntropicBrew"},{"floor":11,"key":"LiquidBronze"}],"is_trial":false,"path_per_floor":["M","?","M","M","?","E","R","$","T","M","M","R","M","?","R","B",null,"M","M","$","T","M","E","R","M","T","$","?","?","M","M","R","B",null,"M","?","?","?","$","E"],"character_chosen":"DEFECT","items_purchased":["Thread and Needle","Reinforced Body","Oddly Smooth Stone","Mind Blast","Pen Nib","Vajra","Symbiotic Virus","Stack"],"campfire_rested":3,"item_purchase_floors":[8,20,27,27,39,39,39,39],"current_hp_per_floor":[55,44,39,38,38,9,31,31,31,31,28,28,23,23,45,8,58,57,52,52,52,28,33,33,30,30,30,30,30,20,18,43,51,77,71,39,39,74,74,0],"gold":28,"neow_bonus":"THREE_CARDS","is_prod":false,"is_daily":false,"chose_seed":false,"campfire_upgraded":2,"win_rate":0,"timestamp":1546571695,"path_taken":["M","?","M","M","?","E","R","$","T","M","?","R","M","?","R","BOSS","M","M","?","?","M","E","R","M","T","$","?","?","?","M","R","BOSS","M","?","?","?","$","E"],"build_version":"2019-01-03","purchased_purges":2,"victory":false,"max_hp_per_floor":[75,75,75,75,75,75,75,75,75,75,75,75,75,75,75,75,75,75,75,75,75,75,85,85,85,85,85,85,85,85,85,85,85,85,85,85,85,74,74,74],"card_choices":[{"not_picked":["Rebound","Redo"],"picked":"Consume","floor":0},{"not_picked":["Defragment","Barrage"],"picked":"Cold Snap","floor":1},{"not_picked":["Redo","Conserve Battery"],"picked":"Leap","floor":3},{"not_picked":["Rebound","Amplify"],"picked":"Hologram","floor":4},{"not_picked":["Sunder","Cold Snap"],"picked":"Sweeping Beam","floor":6},{"not_picked":["Lockon","Aggregate"],"picked":"Conserve Battery","floor":10},{"not_picked":["Steam Power","Melter"],"picked":"Conserve Battery","floor":11},{"not_picked":["Hologram","Lockon"],"picked":"Steam","floor":13},{"not_picked":["Thunder Strike","Amplify"],"picked":"Hyperbeam","floor":16},{"not_picked":["Redo+1","Cold Snap"],"picked":"Rip and Tear+1","floor":18},{"not_picked":["Redo","Coolheaded"],"picked":"Conserve Battery","floor":19},{"not_picked":["Glacier+1","Streamline"],"picked":"BootSequence","floor":22},{"not_picked":["Force Field","Storm"],"picked":"White Noise","floor":23},{"not_picked":["Force Field","Storm"],"picked":"White Noise","floor":23},{"not_picked":["Go for the Eyes","Loop"],"picked":"Beam Cell","floor":25},{"not_picked":["Auto Shields","Ball Lightning"],"picked":"Storm+1","floor":30},{"not_picked":["Cold Snap","Conserve Battery"],"picked":"White Noise","floor":31},{"not_picked":["Core Surge","All For One"],"picked":"Machine Learning","floor":33},{"not_picked":["Chaos+1","Stack"],"picked":"Storm","floor":35},{"not_picked":["Genetic Algorithm","Doom and Gloom"],"picked":"Ball Lightning","floor":36},{"not_picked":["Secret Technique","PanicButton"],"picked":"Deep Breath","floor":37}],"player_experience":367442,"relics_obtained":[{"floor":6,"key":"Ornamental Fan"},{"floor":9,"key":"Pantograph"},{"floor":21,"key":"Orichalcum"},{"floor":23,"key":"Pear"},{"floor":36,"key":"Gambling Chip"}],"event_choices":[{"damage_healed":0,"gold_gain":75,"player_choice":"Gather Gold","damage_taken":11,"max_hp_gain":0,"max_hp_loss":0,"event_name":"World of Goop","floor":2,"gold_loss":0},{"damage_healed":0,"gold_gain":0,"player_choice":"Gave Potion","damage_taken":0,"relics_obtained":["The Courier"],"max_hp_gain":0,"max_hp_loss":0,"event_name":"WeMeetAgain","floor":5,"gold_loss":0},{"damage_healed":0,"gold_gain":0,"player_choice":"Trade","damage_taken":0,"relics_obtained":["SsserpentHead"],"max_hp_gain":0,"max_hp_loss":0,"event_name":"FaceTrader","floor":14,"gold_loss":0},{"damage_healed":0,"gold_gain":0,"player_choice":"Opened","damage_taken":0,"relics_obtained":["Dodecahedron"],"max_hp_gain":0,"max_hp_loss":0,"event_name":"The Mausoleum","floor":28,"gold_loss":0,"cards_obtained":["Writhe"]},{"damage_healed":0,"gold_gain":0,"cards_transformed":["Strike_B","Strike_B"],"player_choice":"Became Test Subject","damage_taken":0,"max_hp_gain":0,"max_hp_loss":0,"event_name":"Drug Dealer","floor":29,"gold_loss":0,"cards_obtained":["White Noise","Blizzard"]},{"damage_healed":0,"gold_gain":0,"player_choice":"Fight","damage_taken":0,"max_hp_gain":0,"max_hp_loss":0,"event_name":"Mysterious Sphere","floor":36,"gold_loss":0},{"damage_healed":0,"gold_gain":0,"player_choice":"Memory 1","damage_taken":0,"max_hp_gain":0,"max_hp_loss":0,"event_name":"SensoryStone","floor":37,"gold_loss":0},{"damage_healed":74,"gold_gain":0,"player_choice":"Heal","damage_taken":0,"max_hp_gain":0,"max_hp_loss":11,"event_name":"The Moai Head","floor":38,"gold_loss":0}],"is_beta":false,"boss_relics":[{"not_picked":["Pandora\u0027s Box","Runic Dome"],"picked":"Sozu"},{"not_picked":["Philosopher\u0027s Stone","Calling Bell"],"picked":"Empty Cage"}],"items_purged_floors":[20,27],"is_endless":false,"potions_floor_spawned":[1,10,11,16,19,31,33,35,36],"killed_by":"Reptomancer","ascension_level":7}