{"gold_per_floor":[18,18,18,18,18,41,66,66,66,66,79,119,119,157,157,277,277,290,290,290,309,309,309,642,642,642,642],"floor_reached":27,"playtime":1165,"items_purged":[],"score":309,"play_id":"e40d3fb0-c0f3-4872-923e-ce39c80f74d2","local_time":"20181229164955","is_ascension_mode":true,"campfire_choices":[{"data":"Zap","floor":8,"key":"SMITH"},{"floor":10,"key":"REST"},{"data":"Storm","floor":13,"key":"SMITH"},{"floor":15,"key":"REST"},{"floor":23,"key":"REST"}],"neow_cost":"NO_GOLD","seed_source_timestamp":728262461363703,"circlet_count":0,"master_deck":["Strike_B","Strike_B","Strike_B","Defend_B","Defend_B","Defend_B","Zap+1","Undo","Auto Shields","Turbo","Ball Lightning","Go for the Eyes","Storm+1","Storm","Reboot","Rebound+1","Conserve Battery","Self Repair","Ghostly","Ghostly","Ghostly","Ghostly","Ghostly"],"relics":["Cracked Core","Golden Idol","Mummified Hand","WingedGreaves","Singing Bowl","Smiling Mask","Inserter","Nilry\u0027s Codex","Bottled Flame","Old Coin","DataDisk"],"potions_floor_usage":[11,14,22],"damage_taken":[{"damage":1,"enemies":"2 Louse","floor":1,"turns":3},{"damage":1,"enemies":"Small Slimes","floor":6,"turns":4},{"damage":12,"enemies":"Jaw Worm","floor":7,"turns":2},{"damage":2,"enemies":"3 Louse","floor":11,"turns":3},{"damage":10,"enemies":"3 Sentries","floor":12,"turns":7},{"damage":30,"enemies":"Gremlin Nob","floor":14,"turns":5},{"damage":42,"enemies":"The Guardian","floor":16,"turns":13},{"damage":14,"enemies":"Spheric Guardian","floor":18,"turns":4},{"damage":7,"enemies":"Chosen","floor":21,"turns":3},{"damage":21,"enemies":"Colosseum Slavers","floor":22,"turns":4},{"damage":38,"enemies":"Gremlin Leader","floor":24,"turns":7},{"damage":16,"enemies":"Snake Plant","floor":27,"turns":1}],"seed_played":"2101483365346771463","potions_obtained":[{"floor":1,"key":"Ancient Potion"},{"floor":7,"key":"Fruit Juice"},{"floor":18,"key":"Swift Potion"}],"is_trial":false,"path_per_floor":["M","?","?","?","?","M","M","R","T","R","M","E","R","E","R","B",null,"M","?","T","M","?","R","E","?","T","M"],"character_chosen":"DEFECT","items_purchased":[],"campfire_rested":3,"item_purchase_floors":[],"current_hp_per_floor":[74,74,67,49,46,45,33,33,33,55,58,50,50,20,44,2,82,68,52,52,45,24,48,10,10,10,0],"gold":642,"neow_bonus":"TRANSFORM_TWO_CARDS","is_prod":false,"is_daily":false,"chose_seed":false,"campfire_upgraded":2,"win_rate":0,"timestamp":1546123795,"path_taken":["M","?","?","?","?","M","M","R","T","R","?","E","R","E","R","BOSS","M","?","?","?","?","R","E","?","T","?"],"build_version":"2018-12-20","purchased_purges":0,"victory":false,"max_hp_per_floor":[75,75,75,75,75,75,75,75,75,75,80,82,82,82,82,82,82,82,82,82,82,82,82,82,41,41,41],"card_choices":[{"not_picked":["Auto Shields","Chaos"],"picked":"Turbo","floor":1},{"not_picked":["Leap","Turbo"],"picked":"Ball Lightning","floor":6},{"not_picked":["Darkness","Auto Shields"],"picked":"Go for the Eyes","floor":7},{"not_picked":["Force Field","Lockon"],"picked":"Storm","floor":11},{"not_picked":["Compile Driver","Sweeping Beam","Doom and Gloom"],"picked":"Singing Bowl","floor":12},{"not_picked":["Ball Lightning","Hyperbeam"],"picked":"Storm","floor":14},{"not_picked":["Meteor Strike","All For One"],"picked":"Reboot","floor":16},{"not_picked":["Coolheaded","Gash"],"picked":"Rebound+1","floor":18},{"not_picked":["Redo","Rip and Tear"],"picked":"Conserve Battery","floor":21},{"not_picked":["Cold Snap","Chill+1"],"picked":"Self Repair","floor":24}],"player_experience":331244,"relics_obtained":[{"floor":9,"key":"WingedGreaves"},{"floor":12,"key":"Singing Bowl"},{"floor":14,"key":"Smiling Mask"},{"floor":19,"key":"Nilry\u0027s Codex"},{"floor":20,"key":"Bottled Flame"},{"floor":24,"key":"Old Coin"},{"floor":26,"key":"DataDisk"}],"event_choices":[{"damage_healed":0,"gold_gain":0,"player_choice":"Leave","damage_taken":0,"max_hp_gain":0,"max_hp_loss":0,"event_name":"The Cleric","floor":2,"gold_loss":0},{"cards_removed":["Defend_B"],"damage_healed":0,"gold_gain":0,"player_choice":"Card Removal","damage_taken":7,"max_hp_gain":0,"max_hp_loss":0,"event_name":"Golden Wing","floor":3,"gold_loss":0},{"damage_healed":0,"gold_gain":0,"player_choice":"Take Damage","damage_taken":18,"relics_obtained":["Golden Idol"],"max_hp_gain":0,"max_hp_loss":0,"event_name":"Golden Idol","floor":4,"gold_loss":0},{"damage_healed":0,"gold_gain":0,"player_choice":"Success","damage_taken":3,"relics_obtained":["Mummified Hand"],"max_hp_gain":0,"max_hp_loss":0,"event_name":"Scrap Ooze","floor":5,"gold_loss":0},{"damage_healed":0,"gold_gain":0,"player_choice":"Obtained Book","damage_taken":16,"max_hp_gain":0,"max_hp_loss":0,"event_name":"Cursed Tome","floor":19,"gold_loss":0},{"damage_healed":0,"gold_gain":0,"player_choice":"Fight","damage_taken":0,"max_hp_gain":0,"max_hp_loss":0,"event_name":"Colosseum","floor":22,"gold_loss":0},{"damage_healed":0,"gold_gain":0,"player_choice":"Fled From Nobs","damage_taken":0,"max_hp_gain":0,"max_hp_loss":0,"event_name":"Colosseum","floor":22,"gold_loss":0},{"damage_healed":0,"gold_gain":0,"player_choice":"Became a Ghost","damage_taken":0,"max_hp_gain":0,"max_hp_loss":41,"event_name":"Ghosts","floor":25,"gold_loss":0,"cards_obtained":["Ghostly","Ghostly","Ghostly","Ghostly","Ghostly"]}],"is_beta":false,"boss_relics":[{"not_picked":["Empty Cage","Philosopher\u0027s Stone"],"picked":"Inserter"}],"items_purged_floors":[],"is_endless":false,"potions_floor_spawned":[1,7,18,22],"killed_by":"Snake Plant","ascension_level":4}