{"gold_per_floor":[144,195,145,190,45,135,180,53,53,143,43,68,113,158,158,458,458,503,548,593,5,50,140,140,185,185,230,230,275,275,365,365,665,665,710,758,758,758,758,848,848,8,8,98,2,2,47,92,92,92],"floor_reached":51,"playtime":2297,"items_purged":["Grand Finale","Phantasmal Killer"],"score":955,"play_id":"c0c4a939-139c-4263-9b1d-f0e07fbdb70f","local_time":"20190112095317","daily_mods":["Shiny","Time Dilation","Midas"],"is_ascension_mode":false,"campfire_choices":[{"floor":15,"key":"REST"},{"floor":24,"key":"REST"},{"floor":28,"key":"REST"},{"floor":32,"key":"REST"},{"floor":41,"key":"REST"},{"floor":46,"key":"REST"},{"floor":49,"key":"REST"}],"neow_cost":"","seed_source_timestamp":0,"circlet_count":0,"master_deck":["Venomology","Corpse Explosion","Malaise","Die Die Die+1","Adrenaline","Envenom","Doppelganger","Burst","Tools of the Trade","Unload","After Image","Bullet Time","Storm of Steel","Glass Knife+1","A Thousand Cuts","Prepared","Blade Dance","Infinite Blades","Bouncing Flask","Accuracy","Slice","Distraction","Slice","Corpse Explosion","Crippling Poison","Bouncing Flask","Accuracy+1","Swift Strike+1","Catalyst","Escape Plan","Prepared+1","Dash+1","Well Laid Plans+1","Blade Dance+1","Terror","Die Die Die+1","Cloak And Dagger+1","Panacea","Apotheosis","Secret Technique","Adrenaline","Riddle With Holes+1","Dark Shackles"],"special_seed":17908,"relics":["Ring of the Serpent","Bottled Flame","Ice Cream","Ornamental Fan","Snake Skull","Black Star","Membership Card","Molten Egg 2","Bottled Lightning","Strawberry","Ancient Tea Set","Centennial Puzzle","Torii","The Courier","Sundial","Tough Bandages","Pocketwatch","Mercury Hourglass","Medical Kit","Singing Bowl","Ninja Scroll","Gremlin Horn","Lantern","PreservedInsect","Whetstone","Anchor","Happy Flower","Letter Opener","Question Card","Blue Candle","Paper Crane","Bag of Marbles"],"potions_floor_usage":[10,10,10,16,18,18,18,22,33,33,36,36,44],"damage_taken":[{"damage":0,"enemies":"Jaw Worm","floor":1,"turns":1},{"damage":15,"enemies":"Small Slimes","floor":4,"turns":3},{"damage":0,"enemies":"Gremlin Nob","floor":6,"turns":2},{"damage":0,"enemies":"Cultist","floor":7,"turns":2},{"damage":0,"enemies":"3 Sentries","floor":10,"turns":2},{"damage":0,"enemies":"Exordium Thugs","floor":13,"turns":2},{"damage":0,"enemies":"Blue Slaver","floor":14,"turns":1},{"damage":14,"enemies":"Hexaghost","floor":16,"turns":9},{"damage":2,"enemies":"3 Byrds","floor":18,"turns":1},{"damage":11,"enemies":"2 Thieves","floor":19,"turns":3},{"damage":4,"enemies":"Snecko","floor":20,"turns":3},{"damage":17,"enemies":"Snake Plant","floor":22,"turns":3},{"damage":0,"enemies":"Gremlin Leader","floor":23,"turns":4},{"damage":0,"enemies":"Chosen and Byrds","floor":25,"turns":3},{"damage":0,"enemies":"Snecko","floor":27,"turns":2},{"damage":21,"enemies":"Snake Plant","floor":29,"turns":2},{"damage":0,"enemies":"Slavers","floor":31,"turns":1},{"damage":40,"enemies":"Collector","floor":33,"turns":5},{"damage":0,"enemies":"3 Darklings","floor":35,"turns":1},{"damage":16,"enemies":"2 Orb Walkers","floor":36,"turns":2},{"damage":19,"enemies":"Reptomancer","floor":40,"turns":4},{"damage":11,"enemies":"Nemesis","floor":44,"turns":3},{"damage":0,"enemies":"3 Shapes","floor":47,"turns":1},{"damage":0,"enemies":"3 Darklings","floor":48,"turns":1},{"damage":16,"enemies":"Time Eater","floor":50,"turns":4}],"seed_played":"-6985528776825621970","potions_obtained":[{"floor":7,"key":"SteroidPotion"},{"floor":10,"key":"Dexterity Potion"},{"floor":16,"key":"Fire Potion"},{"floor":23,"key":"Weak Potion"},{"floor":33,"key":"Weak Potion"},{"floor":35,"key":"PowerPotion"},{"floor":47,"key":"FearPotion"}],"is_trial":false,"path_per_floor":["M","?","?","M","$","E","M","$","T","E","$","T","M","M","R","B",null,"M","M","M","$","M","E","R","M","T","M","R","M","?","E","R","B",null,"M","?","?","?","?","E","R","$","T","E","$","R","M","M","R","B",null],"character_chosen":"THE_SILENT","items_purchased":["Infinite Blades","Accuracy","Slice","Membership Card","Molten Egg 2","Bottled Lightning","Swift Strike+1","Catalyst","Escape Plan","PowerPotion","Medical Kit","Singing Bowl","Ninja Scroll","Gremlin Horn","Lantern","PreservedInsect","Whetstone","Anchor","Happy Flower","Letter Opener","GhostInAJar","GhostInAJar","Bag of Marbles","Dark Shackles"],"campfire_rested":7,"item_purchase_floors":[5,8,8,21,21,21,21,21,21,21,42,42,42,42,42,42,42,42,42,42,42,42,45,45],"current_hp_per_floor":[70,70,70,55,55,55,55,55,55,55,55,55,55,55,70,56,70,68,57,53,53,36,43,66,66,66,66,77,56,56,56,77,37,77,77,61,61,51,51,32,55,55,55,46,46,69,71,73,83,67],"gold":92,"neow_bonus":"","is_prod":false,"is_daily":true,"chose_seed":false,"campfire_upgraded":0,"win_rate":0,"timestamp":1547283197,"path_taken":["M","?","?","M","$","E","?","?","T","E","?","?","M","M","R","BOSS","M","M","M","$","M","E","R","?","T","M","R","M","?","E","R","BOSS","M","?","?","?","?","E","R","$","T","E","$","R","M","M","R","BOSS"],"build_version":"2019-01-10","purchased_purges":2,"victory":true,"max_hp_per_floor":[70,70,70,70,70,70,70,70,70,70,70,70,70,70,70,70,70,70,70,70,70,70,77,77,77,77,77,77,77,77,77,77,77,77,77,77,77,77,77,77,77,77,77,79,79,79,81,83,83,83],"card_choices":[{"not_picked":["Skewer","Caltrops"],"picked":"Prepared","floor":1},{"not_picked":["PiercingWail","Poisoned Stab"],"picked":"Blade Dance","floor":4},{"not_picked":["Bane","Backflip"],"picked":"Bouncing Flask","floor":6},{"not_picked":["Phantasmal Killer","Underhanded Strike","Quick Slash"],"picked":"SKIP","floor":7},{"not_picked":["Bane","Calculated Gamble"],"picked":"Distraction","floor":10},{"not_picked":["Footwork","Unload"],"picked":"Slice","floor":13},{"not_picked":["Heel Hook","Dagger Throw","Dagger Spray"],"picked":"SKIP","floor":14},{"not_picked":["Glass Knife","Storm of Steel"],"picked":"Corpse Explosion","floor":16},{"not_picked":["Deadly Poison+1","Blade Dance"],"picked":"Crippling Poison","floor":18},{"not_picked":["Footwork","Skewer"],"picked":"Bouncing Flask","floor":19},{"not_picked":["Poisoned Stab+1","All Out Attack"],"picked":"Accuracy+1","floor":20},{"not_picked":["Predator+1","Bouncing Flask"],"picked":"Prepared+1","floor":22},{"not_picked":["Blur+1","Backflip"],"picked":"Dash+1","floor":23},{"not_picked":["Reflex","Poisoned Stab+1","Flying Knee+1"],"picked":"SKIP","floor":25},{"not_picked":["Sucker Punch+1","Deadly Poison"],"picked":"Well Laid Plans+1","floor":27},{"not_picked":["Backflip+1","Deflect+1"],"picked":"Blade Dance+1","floor":29},{"not_picked":["Infinite Blades","Dagger Spray+1"],"picked":"Terror","floor":31},{"not_picked":["Burst","A Thousand Cuts"],"picked":"Die Die Die+1","floor":33},{"not_picked":["Blade Dance","Flying Knee+1"],"picked":"Cloak And Dagger+1","floor":35},{"not_picked":["Impatience","Bandage Up"],"picked":"Panacea","floor":38},{"not_picked":["The Bomb","Enlightenment"],"picked":"Apotheosis","floor":38},{"not_picked":["Apotheosis","Good Instincts"],"picked":"Secret Technique","floor":38},{"not_picked":["Dagger Throw+1","Eviscerate+1"],"picked":"Riddle With Holes+1","floor":40},{"not_picked":["Quick Slash+1","Calculated Gamble","Leg Sweep+1","All Out Attack+1"],"picked":"Singing Bowl","floor":44},{"not_picked":["Slice+1","Expertise+1","Dagger Throw+1","Dodge and Roll"],"picked":"Singing Bowl","floor":47},{"not_picked":["Sucker Punch+1","Blade Dance","Outmaneuver","Bullet Time"],"picked":"Singing Bowl","floor":48}],"player_experience":177442,"relics_obtained":[{"floor":6,"key":"Bottled Flame"},{"floor":9,"key":"Ice Cream"},{"floor":10,"key":"Ornamental Fan"},{"floor":12,"key":"Snake Skull"},{"floor":23,"key":"Strawberry"},{"floor":23,"key":"Ancient Tea Set"},{"floor":26,"key":"Centennial Puzzle"},{"floor":31,"key":"The Courier"},{"floor":31,"key":"Sundial"},{"floor":36,"key":"Tough Bandages"},{"floor":40,"key":"Pocketwatch"},{"floor":40,"key":"Mercury Hourglass"},{"floor":43,"key":"Question Card"},{"floor":44,"key":"Blue Candle"},{"floor":44,"key":"Paper Crane"}],"event_choices":[{"damage_healed":0,"gold_gain":51,"player_choice":"Gained Gold","damage_taken":0,"max_hp_gain":0,"max_hp_loss":0,"event_name":"Golden Wing","floor":2,"gold_loss":0},{"cards_removed":["Night Terror"],"damage_healed":0,"gold_gain":0,"player_choice":"Card Removal","damage_taken":0,"max_hp_gain":0,"max_hp_loss":0,"event_name":"The Cleric","floor":3,"gold_loss":50},{"damage_healed":0,"gold_gain":0,"player_choice":"Opened","damage_taken":0,"relics_obtained":["Torii"],"max_hp_gain":0,"max_hp_loss":0,"event_name":"The Mausoleum","floor":30,"gold_loss":0},{"damage_healed":0,"gold_gain":0,"player_choice":"Fight","damage_taken":0,"max_hp_gain":0,"max_hp_loss":0,"event_name":"Mysterious Sphere","floor":36,"gold_loss":0},{"cards_removed":["Wraith Form v2"],"damage_healed":0,"gold_gain":0,"player_choice":"Removed Power","damage_taken":0,"max_hp_gain":0,"max_hp_loss":0,"event_name":"Falling","floor":37,"gold_loss":0},{"damage_healed":0,"gold_gain":0,"player_choice":"Memory 3","damage_taken":10,"max_hp_gain":0,"max_hp_loss":0,"event_name":"SensoryStone","floor":38,"gold_loss":0},{"damage_healed":0,"gold_gain":0,"player_choice":"Copied","damage_taken":0,"max_hp_gain":0,"max_hp_loss":0,"event_name":"Duplicator","floor":39,"gold_loss":0,"cards_obtained":["Adrenaline"]}],"is_beta":true,"boss_relics":[{"not_picked":["Eternal Feather","Ectoplasm"],"picked":"Black Star"},{"not_picked":["HoveringKite","Runic Pyramid"],"picked":"Ring of the Serpent"}],"items_purged_floors":[5,11],"is_endless":false,"potions_floor_spawned":[7,10,16,23,25,29,33,35,47],"ascension_level":0}