{"gold_per_floor":[114,134,209,209,221,221,238,258,258,183,183,194,194,194,194,194],"floor_reached":16,"playtime":297,"items_purged":["Strike_R"],"score":176,"play_id":"d294e370-37d6-44b8-b1f3-af71012ab19e","local_time":"20181010170318","is_ascension_mode":true,"campfire_choices":[{"data":"Rampage","floor":6,"key":"SMITH"},{"data":"Bash","floor":11,"key":"SMITH"},{"floor":15,"key":"REST"}],"neow_cost":"","seed_source_timestamp":247101454933092,"circlet_count":0,"master_deck":["Strike_R","Strike_R","Strike_R","Strike_R","Defend_R","Defend_R","Defend_R","Defend_R","Bash+1","AscendersBane","Rampage+1","Cleave","Pommel Strike","Feel No Pain"],"relics":["Burning Blood","WingedGreaves","Odd Mushroom","Paper Frog","Happy Flower"],"potions_floor_usage":[16],"damage_taken":[{"damage":15,"enemies":"2 Louse","floor":1,"turns":3},{"damage":9,"enemies":"Jaw Worm","floor":2,"turns":3},{"damage":5,"enemies":"Small Slimes","floor":5,"turns":3},{"damage":12,"enemies":"Looter","floor":7,"turns":3},{"damage":18,"enemies":"The Mushroom Lair","floor":8,"turns":4},{"damage":6,"enemies":"Exordium Thugs","floor":12,"turns":3},{"damage":41,"enemies":"The Guardian","floor":16,"turns":7}],"seed_played":"-2144532767550042445","potions_obtained":[{"floor":2,"key":"LiquidBronze"},{"floor":8,"key":"Block Potion"}],"is_trial":false,"path_per_floor":["M","M","?","?","M","R","M","?","T","$","R","M","T","?","R"],"character_chosen":"IRONCLAD","items_purchased":[],"campfire_rested":1,"item_purchase_floors":[],"current_hp_per_floor":[59,56,45,34,35,35,29,17,17,17,17,17,17,17,39,0],"gold":194,"neow_bonus":"","is_prod":false,"is_daily":false,"chose_seed":false,"campfire_upgraded":2,"win_rate":0,"timestamp":1539216198,"path_taken":["M","M","?","?","?","R","M","?","T","$","R","?","?","?","R","BOSS"],"build_version":"2018-10-09","purchased_purges":1,"victory":false,"max_hp_per_floor":[75,75,75,75,75,75,75,75,75,75,75,75,75,75,75,75],"card_choices":[{"not_picked":["Pommel Strike","Havoc"],"picked":"Rampage","floor":1},{"not_picked":["Clash","Sever Soul"],"picked":"Cleave","floor":2},{"not_picked":["Anger","Entrench"],"picked":"Pommel Strike","floor":5},{"not_picked":["Pommel Strike","Body Slam","Heavy Blade"],"picked":"SKIP","floor":7},{"not_picked":["Warcry","Flex"],"picked":"Feel No Pain","floor":12}],"player_experience":878190,"relics_obtained":[{"floor":8,"key":"Odd Mushroom"},{"floor":9,"key":"Paper Frog"},{"floor":13,"key":"Happy Flower"}],"event_choices":[{"event_name":"World of Goop","player_choice":"Gather Gold","floor":3,"damage_taken":0},{"event_name":"Scrap Ooze","player_choice":"success","floor":4,"damage_taken":11},{"event_name":"Mushrooms","player_choice":"Fought Mushrooms","floor":8,"damage_taken":0},{"event_name":"Liars Game","player_choice":"disagreed","floor":14,"damage_taken":0}],"is_beta":true,"boss_relics":[],"items_purged_floors":[10],"is_endless":false,"potions_floor_spawned":[2,8,12],"killed_by":"The Guardian","ascension_level":19}