{"path_per_floor":["M","?","?","?","$","E","R","M","T","M","R","M","M","M","R","B",null,"M","?","$","?","M","R","?","R","T","M","R","M","?","M","R","B",null,"M","M","$","?","T","R","M","?","T","$","M"],"character_chosen":"DEFECT","items_purchased":["Defragment","Blood Vial","Lee\u0027s Waffle","Whetstone"],"gold_per_floor":[117,117,117,67,67,97,97,111,136,147,147,163,173,192,192,296,296,310,310,1,0,10,10,10,10,10,27,27,39,39,53,53,158,188,204,223,23,23,23,23,43,143,169,13,26,26],"floor_reached":46,"campfire_rested":4,"playtime":1873,"current_hp_per_floor":[74,67,52,52,52,26,48,48,48,47,69,65,54,54,54,27,75,54,54,54,54,48,70,70,70,70,59,59,48,48,47,69,18,80,66,26,87,76,76,76,58,58,58,58,25,0],"items_purged":["Strike_B"],"gold":26,"score":420,"play_id":"0cf63c60-e8fe-4f8c-9d8d-637da3cb9359","local_time":"20180506162523","is_prod":false,"is_daily":false,"chose_seed":false,"is_ascension_mode":false,"campfire_upgraded":4,"timestamp":1525616723,"path_taken":["M","?","?","?","?","E","R","M","T","M","R","M","M","M","R","BOSS","M","?","$","?","?","R","?","R","T","M","R","M","?","M","R","BOSS","M","M","$","?","?","R","M","?","T","?","M","?"],"build_version":"2018-05-03","seed_source_timestamp":25795523785182,"purchased_purges":1,"victory":false,"master_deck":["Strike_B+1","Strike_B+1","Defend_B+1","Defend_B","Zap+1","Dualcast","Gash","Darkness+1","Auto Shields","Streamline","Hello World+1","Rainbow+1","Coolheaded+1","Gash+1","Defragment+1","Streamline","Glacier+1","Capacitor+1","All For One+1","Rebound+1","Self Repair","BootSequence","Madness","Madness","Beam Cell+1","FTL+1"],"max_hp_per_floor":[75,75,75,75,75,75,75,75,75,75,75,75,75,75,75,75,75,75,75,75,75,75,75,75,75,75,75,75,75,75,75,75,75,80,80,80,87,87,87,87,87,87,87,87,87,87],"relics":["Cracked Core","Omamori","Orichalcum","War Paint","Nuclear Battery","Blood Vial","Mercury Hourglass","Tiny House","Lee\u0027s Waffle","Unceasing Top","Bag of Preparation","Whetstone"],"card_choices":[{"not_picked":["Beam Cell","Go for the Eyes"],"picked":"Gash","floor":1},{"not_picked":["Melter","Buffer"],"picked":"Darkness","floor":6},{"not_picked":["Rebound","Barrage"],"picked":"Auto Shields","floor":8},{"not_picked":["Go for the Eyes","Thunder Strike"],"picked":"Streamline","floor":13},{"not_picked":["Sweeping Beam","Beam Cell"],"picked":"Hello World","floor":14},{"not_picked":["Hyperbeam","Prime"],"picked":"Rainbow","floor":16},{"not_picked":["Hologram","Heatsinks"],"picked":"Coolheaded","floor":18},{"not_picked":["Turbo","Leap"],"picked":"Streamline","floor":22},{"not_picked":["Cold Snap","Reinforced Body"],"picked":"Glacier","floor":27},{"not_picked":["Leap","Beam Cell"],"picked":"Capacitor","floor":31},{"not_picked":["Nova","Meteor Strike"],"picked":"All For One","floor":33},{"not_picked":["Leap","Stack"],"picked":"Rebound","floor":34},{"not_picked":["Skim","Stack"],"picked":"Self Repair","floor":35},{"not_picked":["Steam Power","Storm"],"picked":"BootSequence","floor":36},{"not_picked":["Melter","Reprogram"],"picked":"Beam Cell","floor":41},{"not_picked":["Skim","Double Energy"],"picked":"FTL","floor":45}],"player_experience":39077,"potions_floor_usage":[],"damage_taken":[{"damage":1,"enemies":"Jaw Worm","floor":1,"turns":3},{"damage":26,"enemies":"Lagavulin","floor":6,"turns":6},{"damage":0,"enemies":"Small Slimes","floor":8,"turns":3},{"damage":1,"enemies":"2 Louse","floor":10,"turns":3},{"damage":4,"enemies":"Looter","floor":12,"turns":3},{"damage":11,"enemies":"Large Slime","floor":13,"turns":3},{"damage":0,"enemies":"2 Fungi Beasts","floor":14,"turns":3},{"damage":27,"enemies":"The Guardian","floor":16,"turns":9},{"damage":21,"enemies":"2 Thieves","floor":18,"turns":4},{"damage":8,"enemies":"3 Byrds","floor":22,"turns":5},{"damage":13,"enemies":"Sentry and Sphere","floor":27,"turns":4},{"damage":13,"enemies":"Snecko","floor":29,"turns":4},{"damage":3,"enemies":"Chosen and Byrds","floor":31,"turns":5},{"damage":53,"enemies":"Collector","floor":33,"turns":11},{"damage":14,"enemies":"Flame Bruiser 1 Orb","floor":35,"turns":6},{"damage":49,"enemies":"3 Darklings","floor":36,"turns":6},{"damage":20,"enemies":"Maw","floor":41,"turns":7},{"damage":35,"enemies":"Spire Growth","floor":45,"turns":5},{"damage":28,"enemies":"Sphere and 2 Shapes","floor":46,"turns":3}],"event_choices":[{"event_name":"Golden Wing","player_choice":"Card Removal","floor":2,"damage_taken":0},{"event_name":"Shining Light","player_choice":"Entered Light","floor":3,"damage_taken":0},{"event_name":"The Cleric","player_choice":"Card Removal","floor":4,"damage_taken":0},{"event_name":"The Library","player_choice":"Read","floor":19,"damage_taken":0},{"event_name":"Masked Bandits","player_choice":"Paid Bandits 1 gold","floor":21,"damage_taken":0},{"event_name":"Ghosts","player_choice":"Ignored","floor":24,"damage_taken":0},{"event_name":"Purifier","player_choice":"One Purge","floor":30,"damage_taken":0},{"event_name":"Winding Halls","player_choice":"Embrace Madness","floor":38,"damage_taken":0},{"event_name":"Golden Shrine","player_choice":"Pray","floor":42,"damage_taken":0}],"boss_relics":[{"not_picked":["Eternal Feather","Inserter"],"picked":"Nuclear Battery"},{"not_picked":["White Beast Statue","Lizard Tail"],"picked":"Tiny House"}],"potions_floor_spawned":[6,14,16,18,29,31,33,36,41,45],"seed_played":"8899663985624808599","killed_by":"Sphere and 2 Shapes","ascension_level":0,"is_trial":false}