{"gold_per_floor":[117,117,131,7,25,25,25,41,41,41,60,79,111,76,76,175,175,193,19,36,36,48,48,48],"floor_reached":24,"playtime":1814,"items_purged":["Strike_Br","PrimeTime"],"score":198,"play_id":"f1db18ba-8a4b-4157-9766-bf534f52d2ed","local_time":"20190204140811","is_ascension_mode":false,"campfire_choices":[{"data":"Backlash","floor":6,"key":"SMITH"},{"data":"OracleForm","floor":10,"key":"SMITH"},{"floor":15,"key":"REST"},{"floor":23,"key":"REST"}],"neow_cost":"NONE","seed_source_timestamp":0,"circlet_count":0,"master_deck":["Strike_Br+1","Strike_Br","Strike_Br","Defend_Br","Defend_Br","Defend_Br","Defend_Br","SecondHand","PatternShift+1","WindUp","Engulf","PrimeTime+1","Backlash+1","OracleForm+1","MasterKey","LockedWhetstone","ReapSow+4","LockedScales"],"special_seed":0,"relics":["Chronometer","Gremlin Horn","Dodecahedron","Sozu"],"potions_floor_usage":[13],"damage_taken":[{"damage":4,"enemies":"Jaw Worm","floor":1,"turns":6},{"damage":2,"enemies":"Cultist","floor":3,"turns":4},{"damage":0,"enemies":"2 Louse","floor":5,"turns":3},{"damage":2,"enemies":"Blue Slaver","floor":8,"turns":5},{"damage":0,"enemies":"Looter","floor":11,"turns":3},{"damage":16,"enemies":"Large Slime","floor":12,"turns":6},{"damage":16,"enemies":"Gremlin Nob","floor":13,"turns":4},{"damage":6,"enemies":"Slime Boss","floor":16,"turns":8},{"damage":16,"enemies":"Chosen","floor":18,"turns":5},{"damage":19,"enemies":"Shell Parasite","floor":20,"turns":5},{"damage":28,"enemies":"Cultist and Chosen","floor":22,"turns":6},{"damage":36,"enemies":"Slavers","floor":24,"turns":2}],"seed_played":"-2583779324256090344","potions_obtained":[{"floor":11,"key":"FearPotion"},{"floor":12,"key":"PowerPotion"}],"is_trial":false,"path_per_floor":["M","?","M","$","M","R","?","M","T","R","M","M","E","?","R","B",null,"M","$","M","$","M","R","E"],"character_chosen":"CHRONO_CLASS","items_purchased":["PrimeTime","LockedWhetstone"],"campfire_rested":2,"item_purchase_floors":[4,19],"current_hp_per_floor":[67,53,51,51,51,51,51,49,49,49,49,33,17,17,38,32,71,55,55,36,36,8,29,0],"gold":48,"neow_bonus":"TEN_PERCENT_HP_BONUS","is_prod":false,"is_daily":false,"chose_seed":false,"campfire_upgraded":2,"win_rate":0.0,"timestamp":1549310891,"path_taken":["M","?","M","$","M","R","?","?","T","R","M","M","E","?","R","BOSS","M","$","M","$","M","R","E"],"build_version":"2019-01-23","purchased_purges":2,"victory":false,"max_hp_per_floor":[71,71,71,71,71,71,71,71,71,71,71,71,71,71,71,71,71,71,71,71,71,71,71,71],"card_choices":[{"not_picked":["Echoward","HandsUp"],"picked":"WindUp","floor":1},{"not_picked":["BlueShift","LockedScales"],"picked":"Engulf","floor":3},{"not_picked":["FormalWear","LockedMedicine"],"picked":"Backlash","floor":5},{"not_picked":["BlueShift","LockedMawBank"],"picked":"OracleForm","floor":8},{"not_picked":["FormalWear","LockedMedicine","WakeUpCall"],"picked":"SKIP","floor":11},{"not_picked":["LockedMedicine","Keepsakes","LockedMercury"],"picked":"SKIP","floor":12},{"not_picked":["LockedFlame","LockedAnchor"],"picked":"PrimeTime","floor":13},{"not_picked":["LockedAstrolabe","LockedCalendar"],"picked":"MasterKey","floor":16},{"not_picked":["AlternateTimeline+1","WindUp","VestedLegacy"],"picked":"SKIP","floor":18},{"not_picked":["Echoward","LockedOrichalcum"],"picked":"ReapSow+1","floor":20},{"not_picked":["VestedLegacy","Recurrance"],"picked":"LockedScales","floor":22}],"player_experience":113651,"relics_obtained":[{"floor":9,"key":"Gremlin Horn"},{"floor":13,"key":"Dodecahedron"}],"event_choices":[{"damage_healed":0,"gold_gain":0,"player_choice":"Entered Light","damage_taken":14,"max_hp_gain":0,"max_hp_loss":0,"event_name":"Shining Light","floor":2,"gold_loss":0,"cards_upgraded":["PatternShift","Strike_Br"]},{"damage_healed":0,"gold_gain":0,"player_choice":"Forge","damage_taken":0,"max_hp_gain":0,"max_hp_loss":0,"event_name":"Accursed Blacksmith","floor":7,"gold_loss":0,"cards_upgraded":["PrimeTime"]},{"damage_healed":0,"gold_gain":0,"player_choice":"Left Gold","damage_taken":0,"max_hp_gain":0,"max_hp_loss":0,"event_name":"World of Goop","floor":14,"gold_loss":35}],"is_beta":false,"boss_relics":[{"not_picked":["Orrery","Ectoplasm"],"picked":"Sozu"}],"items_purged_floors":[4,19],"is_endless":false,"potions_floor_spawned":[11,12,18,20],"killed_by":"Slavers","ascension_level":0}