{"gold_per_floor":[310,385,335,25,42,42,76,76,76,76,93,122,122,74,74,74],"floor_reached":16,"playtime":932,"items_purged":["Strike_B"],"score":106,"play_id":"c5e702e5-3172-4a77-abfc-14a669824294","local_time":"20190206214542","is_ascension_mode":false,"campfire_choices":[{"data":"Double Energy","floor":6,"key":"SMITH"},{"data":"Zap","floor":8,"key":"SMITH"},{"floor":10,"key":"REST"},{"data":"Seek","floor":13,"key":"SMITH"},{"data":"Redo","floor":15,"key":"SMITH"}],"neow_cost":"NO_GOLD","seed_source_timestamp":271716063437533,"circlet_count":0,"master_deck":["Strike_B","Strike_B","Defend_B","Defend_B","Defend_B","Defend_B","Zap+1","Dualcast","Ball Lightning","Coolheaded","Seek+1","Blizzard","Double Energy+1","Self Repair","Redo+1","Machine Learning","Hologram"],"relics":["Cracked Core","Old Coin","Gambling Chip","Kunai","Torii"],"potions_floor_usage":[],"damage_taken":[{"damage":7,"enemies":"2 Louse","floor":1,"turns":3},{"damage":3,"enemies":"Small Slimes","floor":5,"turns":3},{"damage":38,"enemies":"Gremlin Nob","floor":7,"turns":5},{"damage":3,"enemies":"Jaw Worm","floor":11,"turns":3},{"damage":16,"enemies":"3 Sentries","floor":12,"turns":6},{"damage":35,"enemies":"Slime Boss","floor":16,"turns":5}],"seed_played":"5360873343481326690","potions_obtained":[{"floor":7,"key":"GamblersBrew"},{"floor":12,"key":"Energy Potion"}],"is_trial":false,"path_per_floor":["M","?","?","$","M","R","E","R","T","R","M","E","R","$","R","B"],"character_chosen":"DEFECT","items_purchased":["Coolheaded","Seek","Blizzard","Hologram"],"campfire_rested":1,"item_purchase_floors":[4,4,4,14],"current_hp_per_floor":[68,57,57,57,54,54,16,16,16,38,42,33,33,33,33,0],"gold":74,"neow_bonus":"ONE_RARE_RELIC","is_prod":false,"is_daily":false,"chose_seed":false,"campfire_upgraded":4,"win_rate":0.0,"timestamp":1549485942,"path_taken":["M","?","?","$","M","R","E","R","T","R","M","E","R","?","R","BOSS"],"build_version":"2019-01-23","purchased_purges":1,"victory":false,"max_hp_per_floor":[75,75,75,75,75,75,75,75,75,75,75,75,75,75,75,75],"card_choices":[{"not_picked":["Stack","Hologram"],"picked":"Ball Lightning","floor":1},{"not_picked":["Beam Cell","Sweeping Beam"],"picked":"Double Energy","floor":5},{"not_picked":["Coolheaded","Tempest"],"picked":"Self Repair","floor":7},{"not_picked":["Coolheaded","Static Discharge"],"picked":"Redo","floor":11},{"not_picked":["Stack","Gash"],"picked":"Machine Learning","floor":12}],"player_experience":41700,"relics_obtained":[{"floor":7,"key":"Gambling Chip"},{"floor":9,"key":"Kunai"},{"floor":12,"key":"Torii"}],"event_choices":[{"damage_healed":0,"gold_gain":75,"player_choice":"Gather Gold","damage_taken":11,"max_hp_gain":0,"max_hp_loss":0,"event_name":"World of Goop","floor":2,"gold_loss":0},{"cards_removed":["Strike_B"],"damage_healed":0,"gold_gain":0,"player_choice":"Card Removal","damage_taken":0,"max_hp_gain":0,"max_hp_loss":0,"event_name":"The Cleric","floor":3,"gold_loss":50}],"is_beta":false,"boss_relics":[],"items_purged_floors":[4],"is_endless":false,"potions_floor_spawned":[7,12],"killed_by":"Slime Boss","ascension_level":0}