{"gold_per_floor":[119,81,81,97,97,97,141,161,161,161],"floor_reached":10,"playtime":334,"items_purged":[],"score":69,"play_id":"84f44151-f9a6-4d6a-8aef-aea2eaca44fa","local_time":"20190111165005","is_ascension_mode":true,"campfire_choices":[{"data":"Storm","floor":6,"key":"SMITH"}],"neow_cost":"NONE","seed_source_timestamp":205311004223581,"circlet_count":0,"master_deck":["Strike_B","Strike_B","Strike_B","Strike_B","Defend_B","Defend_B","Defend_B","Defend_B","Zap","Dualcast","Purity","Storm+1","Injury","Self Repair","Chill","FTL"],"relics":["Cracked Core","Golden Idol","Bottled Tornado","Bottled Lightning"],"potions_floor_usage":[],"damage_taken":[{"damage":1,"enemies":"Jaw Worm","floor":1,"turns":3},{"damage":12,"enemies":"Small Slimes","floor":4,"turns":4},{"damage":54,"enemies":"3 Sentries","floor":7,"turns":12},{"damage":0,"enemies":"Cultist","floor":8,"turns":4},{"damage":17,"enemies":"Gremlin Gang","floor":10,"turns":1}],"seed_played":"6857763475736337889","potions_obtained":[{"floor":4,"key":"FearPotion"}],"is_trial":false,"path_per_floor":["M","$","?","M","?","R","E","M","T","M"],"character_chosen":"DEFECT","items_purchased":["Storm"],"campfire_rested":0,"item_purchase_floors":[2],"current_hp_per_floor":[74,74,74,62,55,55,8,15,15,0],"gold":161,"neow_bonus":"RANDOM_COLORLESS","is_prod":false,"is_daily":false,"chose_seed":false,"campfire_upgraded":1,"win_rate":0,"timestamp":1547185805,"path_taken":["M","$","?","M","?","R","E","?","T","?"],"build_version":"2018-11-15","purchased_purges":0,"victory":false,"max_hp_per_floor":[75,75,75,75,75,75,75,75,75,75],"card_choices":[{"not_picked":["Streamline","Stack","Rebound"],"picked":"SKIP","floor":1},{"not_picked":["Steam","Compile Driver"],"picked":"Self Repair","floor":4},{"not_picked":["Skim","Sunder"],"picked":"Chill","floor":7},{"not_picked":["Cold Snap","Compile Driver"],"picked":"FTL","floor":8}],"player_experience":1079065,"relics_obtained":[{"floor":7,"key":"Bottled Tornado"},{"floor":9,"key":"Bottled Lightning"}],"event_choices":[{"damage_healed":0,"gold_gain":0,"player_choice":"Take Wound","damage_taken":0,"relics_obtained":["Golden Idol"],"max_hp_gain":0,"max_hp_loss":0,"event_name":"Golden Idol","floor":3,"gold_loss":0,"cards_obtained":["Injury"]},{"damage_healed":0,"gold_gain":0,"player_choice":"Damaged","damage_taken":7,"max_hp_gain":0,"max_hp_loss":0,"event_name":"Wheel of Change","floor":5,"gold_loss":0}],"is_beta":true,"boss_relics":[],"items_purged_floors":[],"is_endless":false,"potions_floor_spawned":[4],"killed_by":"Gremlin Gang","ascension_level":1}