{"gold_per_floor":[20,34,109,109,133,133,174,190,190,214,257,18,18,193,193,284,284,304,304,304,304,304,333,349,359,386,400,434,349,362,461,461,461],"floor_reached":33,"playtime":1456,"items_purged":["Injury"],"score":512,"play_id":"015467dd-6b7f-492c-b1ca-c03486b82e07","local_time":"20190202110132","is_ascension_mode":true,"campfire_choices":[{"data":"Armaments","floor":6,"key":"SMITH"},{"data":"True Grit","floor":13,"key":"SMITH"},{"data":"Searing Blow","floor":15,"key":"SMITH"},{"floor":32,"key":"REST"}],"neow_cost":"NO_GOLD","seed_source_timestamp":402164254506596,"circlet_count":0,"master_deck":["AscendersBane","Strike_R","Strike_R","Strike_R","Strike_R","Strike_R","Defend_R","Defend_R","Defend_R","Defend_R","Bash","Dropkick","Armaments+1","Searing Blow+1","Fiend Fire","Power Through","Clothesline","True Grit+1","Demon Form","Heavy Blade","Exhume","Thunderclap+1","Dropkick+1"],"relics":["Burning Blood","Pocketwatch","Bloody Idol","Ancient Tea Set","Dream Catcher","Singing Bowl","Membership Card","Fusion Hammer","MutagenicStrength","Mango","Boot","Mercury Hourglass","Du-Vu Doll"],"potions_floor_usage":[7,11,11,24,25,28,33,33],"damage_taken":[{"damage":11,"enemies":"Cultist","floor":1,"turns":4},{"damage":7,"enemies":"2 Louse","floor":2,"turns":3},{"damage":3,"enemies":"Jaw Worm","floor":5,"turns":4},{"damage":8,"enemies":"Gremlin Nob","floor":7,"turns":3},{"damage":21,"enemies":"Exordium Thugs","floor":8,"turns":4},{"damage":3,"enemies":"Blue Slaver","floor":10,"turns":3},{"damage":30,"enemies":"3 Sentries","floor":11,"turns":7},{"damage":44,"enemies":"The Guardian","floor":16,"turns":8},{"damage":19,"enemies":"Chosen","floor":18,"turns":5},{"damage":46,"enemies":"Book of Stabbing","floor":23,"turns":5},{"damage":6,"enemies":"2 Thieves","floor":24,"turns":2},{"damage":28,"enemies":"Snake Plant","floor":25,"turns":3},{"damage":14,"enemies":"Chosen and Byrds","floor":27,"turns":5},{"damage":25,"enemies":"Gremlin Leader","floor":28,"turns":5},{"damage":20,"enemies":"Centurion and Healer","floor":30,"turns":5},{"damage":73,"enemies":"Collector","floor":33,"turns":7}],"seed_played":"-7846973363774928161","potions_obtained":[{"floor":5,"key":"SteroidPotion"},{"floor":8,"key":"Regen Potion"},{"floor":10,"key":"Regen Potion"},{"floor":11,"key":"SteroidPotion"},{"floor":23,"key":"Regen Potion"},{"floor":24,"key":"BloodPotion"},{"floor":27,"key":"PowerPotion"},{"floor":30,"key":"LiquidBronze"}],"is_trial":false,"path_per_floor":["M","M","?","?","M","R","E","M","T","M","E","$","R","?","R","B",null,"M","?","?","?","?","E","M","M","T","M","E","?","M","?","R","B"],"character_chosen":"IRONCLAD","items_purchased":["Membership Card"],"campfire_rested":1,"item_purchase_floors":[12],"current_hp_per_floor":[67,66,55,55,58,58,56,41,41,44,65,65,65,65,65,27,67,56,56,56,56,56,35,45,39,44,43,31,31,22,27,59,0],"gold":461,"neow_bonus":"ONE_RARE_RELIC","is_prod":false,"is_daily":false,"chose_seed":false,"campfire_upgraded":3,"win_rate":0,"timestamp":1549126892,"path_taken":["M","?","?","?","M","R","E","M","T","?","E","?","R","?","R","BOSS","M","?","?","?","?","E","M","?","T","M","E","?","M","?","R","BOSS"],"build_version":"2019-01-23","purchased_purges":1,"victory":false,"max_hp_per_floor":[80,80,80,80,80,80,80,80,80,80,80,80,80,80,80,80,80,82,82,82,82,82,96,96,98,98,100,102,102,102,102,104,104],"card_choices":[{"not_picked":["Iron Wave","Blood for Blood"],"picked":"Dropkick","floor":1},{"not_picked":["Perfected Strike","Iron Wave"],"picked":"Armaments","floor":2},{"not_picked":["Anger","Thunderclap"],"picked":"Searing Blow","floor":5},{"not_picked":["Sword Boomerang","Battle Trance"],"picked":"Fiend Fire","floor":7},{"not_picked":["Wild Strike","Seeing Red"],"picked":"Power Through","floor":8},{"not_picked":["Corruption","Perfected Strike"],"picked":"Clothesline","floor":10},{"not_picked":["Brutality","Iron Wave"],"picked":"True Grit","floor":11},{"not_picked":["Impervious","Reaper"],"picked":"Demon Form","floor":16},{"not_picked":["Body Slam","Cleave","Perfected Strike"],"picked":"Singing Bowl","floor":18},{"not_picked":["Bloodletting","Cleave"],"picked":"Exhume","floor":23},{"not_picked":["Shrug It Off","Iron Wave"],"picked":"Thunderclap+1","floor":24},{"not_picked":["Thunderclap","Havoc","Perfected Strike"],"picked":"Singing Bowl","floor":25},{"not_picked":["Dropkick","Armaments","Sword Boomerang"],"picked":"Singing Bowl","floor":27},{"not_picked":["Clash","Twin Strike","Sentinel"],"picked":"Singing Bowl","floor":28},{"not_picked":["Thunderclap","Anger"],"picked":"Dropkick+1","floor":30},{"not_picked":["Intimidate","Pommel Strike","Reckless Charge"],"picked":"Singing Bowl","floor":32}],"player_experience":509272,"relics_obtained":[{"floor":7,"key":"Ancient Tea Set"},{"floor":9,"key":"Dream Catcher"},{"floor":11,"key":"Singing Bowl"},{"floor":23,"key":"Mango"},{"floor":26,"key":"Boot"},{"floor":28,"key":"Mercury Hourglass"}],"event_choices":[{"damage_healed":0,"gold_gain":75,"player_choice":"Gather Gold","damage_taken":11,"max_hp_gain":0,"max_hp_loss":0,"event_name":"World of Goop","floor":3,"gold_loss":0},{"damage_healed":0,"gold_gain":0,"player_choice":"Take Wound","damage_taken":0,"relics_obtained":["Golden Idol"],"max_hp_gain":0,"max_hp_loss":0,"event_name":"Golden Idol","floor":4,"gold_loss":0,"cards_obtained":["Injury"]},{"damage_healed":0,"gold_gain":175,"player_choice":"AGREE","damage_taken":0,"max_hp_gain":0,"max_hp_loss":0,"event_name":"Liars Game","floor":14,"gold_loss":0,"cards_obtained":["Doubt"]},{"cards_removed":["Doubt"],"damage_healed":0,"gold_gain":0,"player_choice":"Elegance","damage_taken":0,"max_hp_gain":0,"max_hp_loss":0,"event_name":"Back to Basics","floor":19,"gold_loss":0},{"damage_healed":0,"gold_gain":0,"player_choice":"Gave Idol","damage_taken":0,"relics_obtained":["Bloody Idol"],"max_hp_gain":0,"max_hp_loss":0,"event_name":"Forgotten Altar","floor":20,"relics_lost":["Golden Idol"],"gold_loss":0},{"damage_healed":0,"gold_gain":0,"player_choice":"Inject Mutagens","damage_taken":0,"relics_obtained":["MutagenicStrength"],"max_hp_gain":0,"max_hp_loss":0,"event_name":"Drug Dealer","floor":21,"gold_loss":0},{"damage_healed":0,"gold_gain":0,"player_choice":"Read","damage_taken":0,"max_hp_gain":0,"max_hp_loss":0,"event_name":"The Library","floor":22,"gold_loss":0,"cards_obtained":["Heavy Blade"]},{"damage_healed":0,"gold_gain":0,"player_choice":"Obtained Relic","damage_taken":0,"relics_obtained":["Du-Vu Doll"],"max_hp_gain":0,"max_hp_loss":0,"event_name":"Addict","floor":29,"gold_loss":85},{"damage_healed":0,"gold_gain":99,"player_choice":"Stole From Cult","damage_taken":0,"max_hp_gain":0,"max_hp_loss":0,"event_name":"Nest","floor":31,"gold_loss":0}],"is_beta":false,"boss_relics":[{"not_picked":["Pandora\u0027s Box","Tiny House"],"picked":"Fusion Hammer"}],"items_purged_floors":[12],"is_endless":false,"potions_floor_spawned":[5,8,10,11,23,24,27,30],"killed_by":"Collector","ascension_level":13}