{"gold_per_floor":[117,135,135,148,148,148,148,148,148,167,185,185,220,239,239,343,393,408,683,413,432,445,480,480,508,545,592,604,616,628,672,684,791,803,829,855,867,68,80,0,29,47,96,123,141,168,196,196,196,196],"floor_reached":51,"playtime":2657,"items_purged":["Regret"],"score":1038,"play_id":"83889fe5-70c3-47e8-9999-263d86e524c2","local_time":"20190109211353","is_ascension_mode":true,"campfire_choices":[{"data":"Coolheaded","floor":6,"key":"SMITH"},{"floor":8,"key":"REST"},{"data":"Dualcast","floor":12,"key":"SMITH"},{"floor":15,"key":"REST"},{"data":"Machine Learning","floor":24,"key":"SMITH"},{"floor":28,"key":"REST"},{"data":"Madness","floor":29,"key":"SMITH"},{"data":"Defragment","floor":30,"key":"SMITH"},{"floor":32,"key":"REST"},{"data":"Buffer","floor":49,"key":"SMITH"}],"neow_cost":"PERCENT_DAMAGE","seed_source_timestamp":132000326192077,"circlet_count":0,"master_deck":["Defend_B+1","Defend_B","Defend_B","Zap+1","Dualcast+1","Coolheaded+1","Gash+1","Go for the Eyes+1","Scrape+1","Machine Learning+1","Gash+1","Defragment+1","FTL+1","Madness+1","Beam Cell+1","Capacitor+1","Cold Snap+1","BootSequence+1","Reboot","Loop+1","Gash+1","Buffer+1","Steam","Gash+1","Steam+1","Gash+1","Gash+1","White Noise+1","Loop"],"relics":["Cracked Core","Molten Egg 2","Bottled Lightning","Whetstone","Tiny House","Bird Faced Urn","MawBank","DataDisk","WingedGreaves","Bag of Marbles","Empty Cage","Sling","Mummified Hand","Strawberry","Red Mask","Nunchaku","Orichalcum","Happy Flower","Sundial","Ornamental Fan"],"potions_floor_usage":[13,16,16,21,22,23,41],"damage_taken":[{"damage":1,"enemies":"Cultist","floor":1,"turns":3},{"damage":1,"enemies":"2 Louse","floor":2,"turns":4},{"damage":6,"enemies":"Jaw Worm","floor":4,"turns":4},{"damage":6,"enemies":"Gremlin Gang","floor":10,"turns":3},{"damage":0,"enemies":"3 Louse","floor":11,"turns":2},{"damage":26,"enemies":"Gremlin Nob","floor":13,"turns":4},{"damage":0,"enemies":"2 Fungi Beasts","floor":14,"turns":2},{"damage":22,"enemies":"The Guardian","floor":16,"turns":8},{"damage":0,"enemies":"Spheric Guardian","floor":18,"turns":2},{"damage":7,"enemies":"2 Thieves","floor":21,"turns":3},{"damage":5,"enemies":"Cultist and Chosen","floor":22,"turns":4},{"damage":33,"enemies":"Slavers","floor":23,"turns":5},{"damage":17,"enemies":"Book of Stabbing","floor":25,"turns":5},{"damage":16,"enemies":"Gremlin Leader","floor":27,"turns":5},{"damage":14,"enemies":"Slavers","floor":31,"turns":5},{"damage":0,"enemies":"Champ","floor":33,"turns":8},{"damage":0,"enemies":"Orb Walker","floor":35,"turns":2},{"damage":7,"enemies":"3 Darklings","floor":36,"turns":5},{"damage":0,"enemies":"Maw","floor":39,"turns":5},{"damage":9,"enemies":"Reptomancer","floor":41,"turns":5},{"damage":4,"enemies":"Sphere and 2 Shapes","floor":42,"turns":5},{"damage":3,"enemies":"Nemesis","floor":44,"turns":3},{"damage":19,"enemies":"3 Darklings","floor":45,"turns":5},{"damage":0,"enemies":"Reptomancer","floor":46,"turns":6},{"damage":0,"enemies":"Giant Head","floor":47,"turns":5},{"damage":11,"enemies":"Time Eater","floor":50,"turns":9}],"seed_played":"6529200810794920164","potions_obtained":[{"floor":2,"key":"LiquidBronze"},{"floor":10,"key":"Regen Potion"},{"floor":14,"key":"EssenceOfSteel"},{"floor":16,"key":"SteroidPotion"},{"floor":17,"key":"Energy Potion"},{"floor":21,"key":"Explosive Potion"},{"floor":25,"key":"FearPotion"},{"floor":27,"key":"Block Potion"},{"floor":33,"key":"Poison Potion"},{"floor":35,"key":"Fire Potion"},{"floor":42,"key":"Ancient Potion"}],"is_trial":false,"path_per_floor":["M","M","T","M","?","R","?","R","T","M","M","R","E","M","R","B",null,"M","?","$","M","M","E","R","E","T","E","R","R","R","E","R","B",null,"M","M","?","$","M","?","E","M","T","E","M","E","E","?","R","B",null],"character_chosen":"DEFECT","items_purchased":["Defragment","FTL+1","Madness","Gash+1","Sling","Mummified Hand","Buffer","Strawberry"],"campfire_rested":4,"item_purchase_floors":[20,20,20,38,38,38,38,38],"current_hp_per_floor":[53,52,52,46,31,31,31,53,53,47,47,47,30,30,52,30,80,80,80,80,73,68,35,35,22,22,8,32,32,32,24,48,54,80,80,77,77,84,87,87,80,83,83,87,74,84,87,87,87,84],"gold":196,"neow_bonus":"REMOVE_TWO","is_prod":false,"is_daily":false,"chose_seed":false,"campfire_upgraded":6,"win_rate":0,"timestamp":1547028833,"path_taken":["M","?","?","M","?","R","?","R","T","?","M","R","E","M","R","BOSS","M","?","$","?","M","E","R","E","T","E","R","R","R","E","R","BOSS","M","M","?","$","?","?","E","M","T","E","M","E","E","?","R","BOSS"],"build_version":"2018-11-15","purchased_purges":1,"victory":true,"max_hp_per_floor":[75,75,75,75,75,75,75,75,75,75,75,75,75,75,75,75,80,80,80,80,80,80,80,80,80,80,80,80,80,80,80,80,80,80,80,80,80,87,87,87,87,87,87,87,87,87,87,87,87,87],"card_choices":[{"not_picked":["Stack","Cold Snap"],"picked":"Coolheaded","floor":1},{"not_picked":["Heatsinks","Auto Shields","Redo"],"picked":"SKIP","floor":2},{"not_picked":["Cold Snap+1","Sweeping Beam+1"],"picked":"Gash+1","floor":4},{"not_picked":["Double Energy","Compile Driver+1"],"picked":"Rebound+1","floor":10},{"not_picked":["Auto Shields","Recycle","Beam Cell+1"],"picked":"SKIP","floor":11},{"not_picked":["Thunder Strike+1","Turbo"],"picked":"Go for the Eyes+1","floor":13},{"not_picked":["Self Repair","Beam Cell+1"],"picked":"Scrape+1","floor":14},{"not_picked":["Fission","Seek"],"picked":"Machine Learning","floor":16},{"not_picked":["Ball Lightning+1","Force Field"],"picked":"Gash+1","floor":17},{"not_picked":["Recycle","Capacitor","Undo"],"picked":"SKIP","floor":18},{"not_picked":["Steam","Go for the Eyes+1"],"picked":"Beam Cell+1","floor":21},{"not_picked":["Go for the Eyes+1","Aggregate+1"],"picked":"Capacitor+1","floor":22},{"not_picked":["Chill","Rebound+1","Double Energy"],"picked":"SKIP","floor":23},{"not_picked":["Leap","Barrage+1"],"picked":"Cold Snap+1","floor":25},{"not_picked":["Steam","Sweeping Beam+1"],"picked":"BootSequence+1","floor":27},{"not_picked":["Beam Cell+1","Streamline+1","Fusion"],"picked":"SKIP","floor":31},{"not_picked":["Seek","Core Surge+1"],"picked":"Reboot","floor":33},{"not_picked":["Force Field","Leap+1"],"picked":"Loop+1","floor":35},{"not_picked":["Steam","Redo","Beam Cell+1"],"picked":"SKIP","floor":36},{"not_picked":["Conserve Battery+1","Ball Lightning+1"],"picked":"Steam","floor":39},{"not_picked":["Barrage+1","Recycle+1"],"picked":"Gash+1","floor":41},{"not_picked":["Rebound+1","Coolheaded"],"picked":"Steam+1","floor":42},{"not_picked":["Steam+1","Double Energy+1"],"picked":"Gash+1","floor":44},{"not_picked":["Conserve Battery","Compile Driver+1"],"picked":"Gash+1","floor":45},{"not_picked":["Conserve Battery+1","Aggregate"],"picked":"White Noise+1","floor":46},{"not_picked":["Cold Snap+1","Core Surge+1"],"picked":"Loop","floor":47}],"player_experience":1067462,"relics_obtained":[{"floor":3,"key":"Molten Egg 2"},{"floor":9,"key":"Bottled Lightning"},{"floor":13,"key":"Whetstone"},{"floor":23,"key":"Bird Faced Urn"},{"floor":25,"key":"MawBank"},{"floor":26,"key":"DataDisk"},{"floor":27,"key":"WingedGreaves"},{"floor":31,"key":"Bag of Marbles"},{"floor":41,"key":"Nunchaku"},{"floor":43,"key":"Orichalcum"},{"floor":44,"key":"Happy Flower"},{"floor":46,"key":"Sundial"},{"floor":47,"key":"Ornamental Fan"}],"event_choices":[{"damage_healed":0,"gold_gain":0,"player_choice":"Entered Light","damage_taken":15,"max_hp_gain":0,"max_hp_loss":0,"event_name":"Shining Light","floor":5,"gold_loss":0,"cards_upgraded":["Strike_B","Strike_B"]},{"damage_healed":0,"gold_gain":0,"player_choice":"Upgraded","damage_taken":0,"max_hp_gain":0,"max_hp_loss":0,"event_name":"Upgrade Shrine","floor":7,"gold_loss":0,"cards_upgraded":["Zap"]},{"damage_healed":0,"gold_gain":275,"player_choice":"Desecrate","damage_taken":0,"max_hp_gain":0,"max_hp_loss":0,"event_name":"Golden Shrine","floor":19,"gold_loss":0,"cards_obtained":["Regret"]},{"cards_removed":["Strike_B"],"damage_healed":0,"gold_gain":0,"player_choice":"Purged","damage_taken":0,"max_hp_gain":0,"max_hp_loss":0,"event_name":"Purifier","floor":37,"gold_loss":0},{"damage_healed":0,"gold_gain":0,"player_choice":"Paid","damage_taken":0,"relics_obtained":["Red Mask"],"max_hp_gain":0,"max_hp_loss":0,"event_name":"Tomb of Lord Red Mask","floor":40,"gold_loss":80},{"cards_removed":["Rebound"],"damage_healed":0,"gold_gain":0,"player_choice":"Removed Attack","damage_taken":0,"max_hp_gain":0,"max_hp_loss":0,"event_name":"Falling","floor":48,"gold_loss":0}],"is_beta":true,"boss_relics":[{"not_picked":["Pandora\u0027s Box","White Beast Statue"],"picked":"Tiny House"},{"not_picked":["Inserter","Philosopher\u0027s Stone"],"picked":"Empty Cage"}],"items_purged_floors":[20],"is_endless":false,"potions_floor_spawned":[2,10,14,16,21,25,27,33,35,42,44,47],"ascension_level":1}