{"gold_per_floor":[112,122,122,27,27,27,59,59,59,59,79,144,144,39,39,116,116,134,54,54,54,54],"floor_reached":22,"playtime":700,"items_purged":["Strike_B"],"score":405,"play_id":"8283c0ad-d46e-43cb-af92-c9f11ad98afd","local_time":"20181221105216","is_ascension_mode":true,"campfire_choices":[{"data":"Streamline","floor":6.0,"key":"SMITH"},{"data":"Zap","floor":8.0,"key":"SMITH"},{"data":"White Noise","floor":13,"key":"SMITH"},{"data":"Hologram","floor":15,"key":"SMITH"}],"neow_cost":"NONE","seed_source_timestamp":10051509982898,"circlet_count":0,"master_deck":["AscendersBane","Zap+1","Dualcast","Leap","Streamline+1","Auto Shields","White Noise+1","Conserve Battery","Hologram+1","Seek","Cold Snap","Coolheaded","Creative AI","Turbo","Aggregate","Hello World","Defragment","Self Repair","Reinforced Body","BootSequence"],"special_seed":0,"relics":["Cracked Core","NeowsBlessing","Cables","Vajra","Tiny Chest","Pandora\u0027s Box"],"potions_floor_usage":[16,16],"damage_taken":[{"damage":0.0,"enemies":"Jaw Worm","floor":1.0,"turns":1.0},{"damage":0.0,"enemies":"Cultist","floor":2.0,"turns":1.0},{"damage":0.0,"enemies":"3 Sentries","floor":7.0,"turns":1.0},{"damage":13.0,"enemies":"2 Louse","floor":11.0,"turns":3.0},{"damage":25,"enemies":"Gremlin Nob","floor":12,"turns":4},{"damage":10,"enemies":"The Guardian","floor":16,"turns":10},{"damage":33,"enemies":"3 Byrds","floor":18,"turns":6},{"damage":15,"enemies":"2 Thieves","floor":19,"turns":4},{"damage":27,"enemies":"Snecko","floor":22,"turns":7}],"seed_played":"1865899005089766247","potions_obtained":[{"floor":11.0,"key":"Regen Potion"},{"floor":12,"key":"Dexterity Potion"}],"is_trial":false,"path_per_floor":["M","M","?","$","$","R","E","R","T","?","M","E","R","$","R","B",null,"M","M","?","?","M"],"character_chosen":"DEFECT","items_purchased":["White Noise","Conserve Battery","Coolheaded"],"campfire_rested":0,"item_purchase_floors":[4,4,14],"current_hp_per_floor":[64,64,64,64,64,64,64,64,64,64,51,26,26,26,26,31,61,35,27,27,27,0],"gold":54,"neow_bonus":"THREE_ENEMY_KILL","is_prod":false,"is_daily":false,"chose_seed":false,"campfire_upgraded":4,"win_rate":0,"timestamp":1545418336,"path_taken":["M","M","?","?","$","R","E","R","T","?","?","E","R","$","R","BOSS","M","M","?","?","M"],"build_version":"2018-12-20","purchased_purges":1,"victory":false,"max_hp_per_floor":[71,71,71,71,71,71,71,71,71,71,71,71,71,71,71,71,71,71,71,71,71,71],"card_choices":[{"not_picked":["Coolheaded","Gash"],"picked":"Leap","floor":1.0},{"not_picked":["Reprogram","Leap"],"picked":"Streamline","floor":2.0},{"not_picked":["Lockon","Steam"],"picked":"Hologram","floor":7.0},{"not_picked":["Hologram","Conserve Battery"],"picked":"Seek","floor":11.0},{"not_picked":["Gash","Multi-Cast"],"picked":"Cold Snap","floor":12},{"not_picked":["Buffer","All For One"],"picked":"Creative AI","floor":16},{"not_picked":["Lockon","Sweeping Beam"],"picked":"BootSequence","floor":18},{"not_picked":["BootSequence","Doom and Gloom","Leap"],"picked":"SKIP","floor":19}],"player_experience":1600264,"relics_obtained":[{"floor":7.0,"key":"Cables"},{"floor":9.0,"key":"Vajra"},{"floor":12,"key":"Tiny Chest"}],"event_choices":[{"damage_healed":0.0,"max_hp_gain":0.0,"max_hp_loss":0.0,"gold_gain":0.0,"cards_transformed":["Strike_B"],"event_name":"Transmorgrifier","player_choice":"Transformed","floor":3.0,"gold_loss":0.0,"damage_taken":0.0,"cards_obtained":["Auto Shields"]},{"damage_healed":0.0,"max_hp_gain":0.0,"max_hp_loss":0.0,"gold_gain":0.0,"event_name":"Liars Game","player_choice":"Ignored","floor":10.0,"gold_loss":0.0,"damage_taken":0.0},{"damage_healed":0,"gold_gain":0,"player_choice":"Ignored","damage_taken":0,"max_hp_gain":0,"max_hp_loss":0,"event_name":"The Mausoleum","floor":20,"gold_loss":0},{"damage_healed":0,"gold_gain":0,"player_choice":"Ignored","damage_taken":0,"max_hp_gain":0,"max_hp_loss":0,"event_name":"Beggar","floor":21,"gold_loss":0}],"is_beta":false,"boss_relics":[{"not_picked":["Tiny House","Velvet Choker"],"picked":"Pandora\u0027s Box"}],"items_purged_floors":[14],"is_endless":false,"potions_floor_spawned":[11,12],"killed_by":"Snecko","ascension_level":18}