{"path_per_floor":["M","$","?","M","M","R","E","R","T","E","?","E","$","M","R","B",null,"M","$","?","M","?","E","R","M","T","R","E","M","M","E","R","B",null,"M","?","M","T","?","R","E","R","T","R","$","E","T","M","R","B"],"character_chosen":"THE_SILENT","items_purchased":["Apotheosis","Shuriken","Bouncing Flask","Accuracy"],"gold_per_floor":[210,210,385,402,422,422,455,455,455,487,487,521,234,245,245,345,345,356,33,33,47,47,72,72,84,137,137,163,174,184,209,209,312,312,323,0,11,59,59,59,84,84,84,84,3,37,37,52,52,52],"floor_reached":51,"campfire_rested":5,"playtime":3022,"current_hp_per_floor":[65,65,65,61,54,54,35,56,70,45,45,33,33,13,38,40,75,62,62,61,30,30,44,44,45,45,45,35,38,43,35,53,57,66,37,37,43,43,43,43,35,55,55,55,55,46,46,43,63,17],"items_purged":["Doubt"],"gold":52,"score":1011,"play_id":"a4c1ba53-67e4-4931-8a1a-e7325ff6a64a","local_time":"20180421101634","is_prod":false,"is_daily":false,"chose_seed":false,"is_ascension_mode":true,"campfire_upgraded":5,"timestamp":1524323794,"path_taken":["M","$","?","?","?","R","E","R","T","E","?","E","?","M","R","BOSS","M","$","?","M","?","E","R","M","T","R","E","M","M","E","R","BOSS","M","?","M","?","?","R","E","R","T","R","?","E","?","?","R","BOSS"],"build_version":"2018-04-19","seed_source_timestamp":2295021473453874,"purchased_purges":2,"victory":true,"master_deck":["Survivor","Neutralize","Dagger Throw","Terror+1","Slice","Flying Knee","Infinite Blades+1","Acrobatics","Apotheosis+1","Flying Knee","Flying Knee","Dodge and Roll","Malaise+1","Bane","Dodge and Roll","Dash","Dodge and Roll","Acrobatics","Bane","Bouncing Flask","Bite","Bite","Bite","Bite","Bite","Concentrate+1","PiercingWail","Noxious Fumes+1","Dagger Throw+1","Accuracy+1","Cloak And Dagger+1","After Image+1","Infinite Blades","Prepared+1","Backstab","Underhanded Strike+1","Storm of Steel+1","Underhanded Strike+1","Accuracy","Crippling Poison+1","Well Laid Plans+1"],"max_hp_per_floor":[70,70,70,70,70,70,70,70,84,84,84,84,84,84,84,86,86,88,88,61,61,61,61,61,63,63,63,63,63,63,63,63,63,67,67,67,67,67,67,67,67,67,67,67,67,67,67,67,67,67],"relics":["Ring of the Snake","Gambling Chip","Mango","Singing Bowl","Meat on the Bone","Pandora\u0027s Box","Shuriken","Tough Bandages","Happy Flower","Vajra","Toxic Egg 2","Orrery","Red Mask","Pen Nib","Blood Vial","Bottled Flame","The Specimen","Snake Skull"],"card_choices":[{"not_picked":["Outmaneuver","Deflect"],"picked":"Dagger Throw","floor":1},{"not_picked":["Dagger Throw","Predator"],"picked":"Terror","floor":4},{"not_picked":["Sucker Punch","Masterful Stab"],"picked":"Slice","floor":5},{"not_picked":["Corpse Explosion","Dagger Throw"],"picked":"Flying Knee","floor":7},{"not_picked":["A Thousand Cuts","Flying Knee"],"picked":"Infinite Blades","floor":10},{"not_picked":["Sucker Punch","Predator"],"picked":"Acrobatics","floor":12},{"not_picked":["Quick Slash","Eviscerate"],"picked":"Flying Knee","floor":14},{"not_picked":["Backstab","Prepared"],"picked":"Concentrate","floor":21},{"not_picked":["Dodge and Roll","Flechettes"],"picked":"PiercingWail","floor":23},{"not_picked":["Slice","PiercingWail"],"picked":"Noxious Fumes","floor":28},{"not_picked":["Masterful Stab","Quick Slash"],"picked":"Dagger Throw","floor":29},{"not_picked":["Flying Knee","Outmaneuver"],"picked":"Accuracy","floor":30},{"not_picked":["Sucker Punch","Backflip"],"picked":"Cloak And Dagger","floor":31},{"not_picked":["Storm of Steel","Glass Knife"],"picked":"After Image","floor":33},{"not_picked":["Setup","Quick Slash"],"picked":"Infinite Blades","floor":34},{"not_picked":["Slice","Sucker Punch"],"picked":"Prepared","floor":34},{"not_picked":["Quick Slash","Corpse Explosion"],"picked":"Backstab","floor":34},{"not_picked":["Deflect","Bane"],"picked":"Underhanded Strike","floor":35},{"not_picked":["Quick Slash","Slice"],"picked":"Storm of Steel","floor":37},{"not_picked":["PiercingWail","Predator"],"picked":"Underhanded Strike","floor":41},{"not_picked":["Finisher","Leg Sweep"],"picked":"Crippling Poison","floor":46},{"not_picked":["Bane","Malaise"],"picked":"Well Laid Plans","floor":48}],"player_experience":180844,"potions_floor_usage":[10,23,23,29,31,33,46,50,50],"damage_taken":[{"damage":5,"enemies":"Cultist","floor":1,"turns":4},{"damage":4,"enemies":"Jaw Worm","floor":4,"turns":5},{"damage":7,"enemies":"Small Slimes","floor":5,"turns":4},{"damage":19,"enemies":"3 Sentries","floor":7,"turns":12},{"damage":25,"enemies":"Gremlin Nob","floor":10,"turns":4},{"damage":12,"enemies":"Lagavulin","floor":12,"turns":5},{"damage":32,"enemies":"Exordium Thugs","floor":14,"turns":4},{"damage":12,"enemies":"Slime Boss","floor":16,"turns":6},{"damage":15,"enemies":"Spheric Guardian","floor":18,"turns":4},{"damage":51,"enemies":"2 Thieves","floor":21,"turns":4},{"damage":7,"enemies":"Gremlin Leader","floor":23,"turns":5},{"damage":10,"enemies":"Centurion and Healer","floor":25,"turns":6},{"damage":12,"enemies":"Book of Stabbing","floor":28,"turns":4},{"damage":20,"enemies":"Slaver and Parasite","floor":29,"turns":5},{"damage":2,"enemies":"Snecko","floor":30,"turns":4},{"damage":26,"enemies":"Slavers","floor":31,"turns":4},{"damage":9,"enemies":"Champ","floor":33,"turns":7},{"damage":47,"enemies":"3 Darklings","floor":35,"turns":5},{"damage":0,"enemies":"Orb Walker","floor":37,"turns":2},{"damage":16,"enemies":"Nemesis","floor":41,"turns":5},{"damage":15,"enemies":"2 Orb Walkers","floor":46,"turns":4},{"damage":23,"enemies":"3 Darklings","floor":48,"turns":5},{"damage":69,"enemies":"Time Eater","floor":50,"turns":10}],"event_choices":[{"event_name":"Liars Game","player_choice":"agreed","floor":3,"damage_taken":0},{"event_name":"Living Wall","player_choice":"Grow","floor":11,"damage_taken":0},{"event_name":"Vampires","player_choice":"Became a vampire","floor":20,"damage_taken":0},{"event_name":"Upgrade Shrine","player_choice":"Upgraded","floor":22,"damage_taken":0},{"event_name":"Tomb of Lord Red Mask","player_choice":"Paid","floor":36,"damage_taken":0}],"boss_relics":[{"not_picked":["Runic Pyramid","White Beast Statue"],"picked":"Pandora\u0027s Box"},{"not_picked":["Sozu","Calling Bell"],"picked":"Orrery"}],"potions_floor_spawned":[7,12,14,21,23,25,29,37,41],"seed_played":"6692929479990469805","ascension_level":5,"is_trial":false}