{"path_per_floor":["M","?","?","M","M","R","E","R","T","R","T","?","M","?","R"],"character_chosen":"DEFECT","items_purchased":[],"gold_per_floor":[111,111,111,126,138,138,168,168,168,168,168,168,180,180,180,180],"floor_reached":16,"campfire_rested":2,"playtime":424,"item_purchase_floors":[],"current_hp_per_floor":[75,75,60,60,60,75,47,70,84,84,84,84,80,80,80,0],"items_purged":[],"gold":180,"score":128,"play_id":"c3cf6ecc-0280-4067-b2c4-68acad378075","local_time":"20180522205047","is_prod":false,"is_daily":false,"chose_seed":false,"is_ascension_mode":true,"campfire_upgraded":2,"timestamp":1527015047,"campfire_choices":[{"floor":6,"key":"REST"},{"floor":8,"key":"REST"},{"data":"Zap","floor":10,"key":"SMITH"},{"data":"White Noise","floor":15,"key":"SMITH"}],"path_taken":["M","?","?","M","?","R","E","R","T","R","?","?","M","?","R","BOSS"],"build_version":"2018-05-21v2","seed_source_timestamp":3179697665244,"purchased_purges":0,"victory":false,"master_deck":["Strike_B","Strike_B+1","Strike_B","Defend_B","Defend_B","Defend_B","Defend_B","Zap+1","Dualcast+1","White Noise+1","Axe Kick","Storm","Storm"],"max_hp_per_floor":[75,75,75,75,75,75,77,77,91,91,91,91,93,93,93,93],"relics":["Cracked Core","NeowsBlessing","Prayer Wheel","Singing Bowl","Mango","Ornamental Fan"],"card_choices":[{"not_picked":["Sunder","Coolheaded","Barrage"],"picked":"SKIP","floor":1},{"not_picked":["Cold Snap","Turbo"],"picked":"White Noise","floor":4},{"not_picked":["Rebound","Streamline"],"picked":"Axe Kick","floor":4},{"not_picked":["Chill","Go for the Eyes"],"picked":"Storm","floor":5},{"not_picked":["Hologram","Steam Power","Recycle"],"picked":"SKIP","floor":5},{"not_picked":["Glacier","Conserve Battery","Skim"],"picked":"Singing Bowl","floor":7},{"not_picked":["Barrage","Ball Lightning"],"picked":"Storm","floor":13},{"not_picked":["Skim","Go for the Eyes","Axe Kick"],"picked":"Singing Bowl","floor":13}],"player_experience":150424,"potions_floor_usage":[7,7],"damage_taken":[{"damage":0,"enemies":"2 Louse","floor":1,"turns":1},{"damage":0,"enemies":"Cultist","floor":4,"turns":1},{"damage":0,"enemies":"Small Slimes","floor":5,"turns":1},{"damage":30,"enemies":"3 Sentries","floor":7,"turns":7},{"damage":6,"enemies":"Blue Slaver","floor":13,"turns":4},{"damage":82,"enemies":"Slime Boss","floor":16,"turns":9}],"relics_obtained":[{"floor":7,"key":"Singing Bowl"},{"floor":9,"key":"Mango"},{"floor":11,"key":"Ornamental Fan"}],"event_choices":[{"event_name":"Accursed Blacksmith","player_choice":"Rummage","floor":2,"damage_taken":0},{"event_name":"Shining Light","player_choice":"Entered Light","floor":3,"damage_taken":0},{"event_name":"Purifier","player_choice":"One Purge","floor":12,"damage_taken":0},{"event_name":"Bonfire Elementals","player_choice":"BASIC","floor":14,"damage_taken":0}],"boss_relics":[],"items_purged_floors":[],"potions_floor_spawned":[1,4],"seed_played":"-3995183986512689829","killed_by":"Slime Boss","ascension_level":1,"potions_obtained":[{"floor":1,"key":"Strength Potion"},{"floor":4,"key":"SteroidPotion"}],"is_trial":false}