{"path_per_floor":["M","$","?","M","M","E","M","?","T","R","E","R","M","M","R","B",null,"M","M","$","?","M","R","E","?","T","M","M","$","M","M","R","B",null,"M","?","M","T","M","R","?","E","T","$","?","R","E","M","R","B"],"character_chosen":"IRONCLAD","items_purchased":["Molten Egg 2","Anger","Sever Soul","Fiend Fire+1","Twin Strike+1","Perfected Strike+1","Whetstone"],"gold_per_floor":[115,40,40,53,71,99,117,177,231,231,263,263,279,294,294,394,394,412,425,51,51,62,62,93,93,93,111,124,3,22,34,34,134,134,145,145,158,230,246,246,297,328,328,32,32,32,66,85,85,85],"floor_reached":51,"campfire_rested":6,"playtime":2378,"item_purchase_floors":[20,20,20,29,29,44,44],"current_hp_per_floor":[80,80,80,80,74,42,42,32,32,57,61,61,69,77,77,36,85,59,37,37,65,58,83,37,37,37,42,60,60,59,51,76,57,85,79,68,52,52,47,73,75,68,68,68,68,93,51,62,93,29],"items_purged":["Bash","Sever Soul+1"],"gold":85,"score":833,"play_id":"f61756dc-dbf5-46f8-b2ca-eebec90a19f6","local_time":"20180521110952","is_prod":false,"is_daily":false,"chose_seed":false,"is_ascension_mode":true,"campfire_upgraded":2,"timestamp":1526893792,"campfire_choices":[{"floor":10,"key":"REST"},{"data":"Immolate","floor":12,"key":"SMITH"},{"data":"Rage","floor":15,"key":"SMITH"},{"floor":23,"key":"REST"},{"floor":32,"key":"REST"},{"floor":40,"key":"REST"},{"floor":46,"key":"REST"},{"floor":49,"key":"REST"}],"path_taken":["M","$","?","M","M","E","M","?","T","R","E","R","M","?","R","BOSS","M","M","?","?","M","R","E","?","T","M","M","$","M","M","R","BOSS","M","?","?","?","M","R","?","E","T","$","?","R","E","M","R","BOSS"],"build_version":"2018-05-18","seed_source_timestamp":9019684784048,"purchased_purges":2,"victory":true,"master_deck":["Strike_R","Strike_R+1","Strike_R","Defend_R","Defend_R","Defend_R","Immolate+1","Spot Weakness","Thunderclap","Twin Strike+1","Warcry","Rage+1","Clothesline","Double Tap","Pummel+1","Combust+1","Seeing Red+1","Burning Pact","Warcry+1","Anger+1","Whirlwind+1","Clash+1","Iron Wave+1","Ghostly Armor","Fiend Fire+1","Twin Strike+1","Uppercut+1","Battle Trance","Feed+1","Headbutt+1","Madness","Madness","Feel No Pain+1","Perfected Strike+1","Rupture+1","Perfected Strike+1","Perfected Strike+1","Rupture+1","Disarm+1","Whirlwind+1"],"max_hp_per_floor":[80,80,80,80,80,80,80,85,85,85,85,85,85,85,85,85,85,85,85,85,85,85,85,85,85,85,85,85,85,85,85,85,85,85,85,85,89,89,89,89,93,93,93,93,93,93,93,93,93,93],"relics":["Burning Blood","Frozen Egg 2","Boot","Blood Vial","Matryoshka","Astrolabe","Molten Egg 2","Meat on the Bone","Orichalcum","Bottled Lightning","Lizard Tail","Lantern","Shuriken","Gambling Chip","Charon\u0027s Ashes","Pantograph","Whetstone","Regal Pillow"],"card_choices":[{"not_picked":["Havoc","Metallicize"],"picked":"Spot Weakness","floor":1},{"not_picked":["Blood for Blood","Cleave"],"picked":"Thunderclap","floor":4},{"not_picked":["Bloodletting","Sword Boomerang","Rage"],"picked":"SKIP","floor":5},{"not_picked":["Headbutt","Battle Trance"],"picked":"Twin Strike","floor":6},{"not_picked":["Perfected Strike","Heavy Blade"],"picked":"Reaper","floor":7},{"not_picked":["Body Slam","Anger"],"picked":"Warcry","floor":11},{"not_picked":["Shrug It Off","Cleave"],"picked":"Rage","floor":13},{"not_picked":["Hemokinesis","Perfected Strike"],"picked":"Clothesline","floor":14},{"not_picked":["Impervious","Dark Embrace+1"],"picked":"Double Tap","floor":16},{"not_picked":["Sword Boomerang+1","Pommel Strike"],"picked":"Burning Pact","floor":18},{"not_picked":["Entrench","Wild Strike+1"],"picked":"Warcry+1","floor":19},{"not_picked":["Pommel Strike+1","Anger+1"],"picked":"Whirlwind+1","floor":22},{"not_picked":["Iron Wave+1","Reckless Charge+1"],"picked":"Clash+1","floor":24},{"not_picked":["Anger+1","Sentinel"],"picked":"Iron Wave+1","floor":27},{"not_picked":["Sentinel","Pommel Strike+1"],"picked":"Ghostly Armor","floor":28},{"not_picked":["Armaments","Heavy Blade+1"],"picked":"Uppercut+1","floor":30},{"not_picked":["Intimidate+1","Body Slam+1"],"picked":"Battle Trance","floor":31},{"not_picked":["Brutality+1","Reaper+1"],"picked":"Feed+1","floor":33},{"not_picked":["Metallicize+1","Pommel Strike+1"],"picked":"Headbutt+1","floor":35},{"not_picked":["Heavy Blade+1","Perfected Strike+1"],"picked":"Feel No Pain+1","floor":37},{"not_picked":["Seeing Red+1","Dropkick+1"],"picked":"Perfected Strike+1","floor":39},{"not_picked":["Shrug It Off+1","Cleave+1"],"picked":"Rupture+1","floor":41},{"not_picked":["Iron Wave+1","Armaments+1"],"picked":"Perfected Strike+1","floor":42},{"not_picked":["Second Wind","Carnage+1"],"picked":"Disarm+1","floor":47},{"not_picked":["Shrug It Off+1","Corruption+1"],"picked":"Whirlwind+1","floor":48}],"player_experience":127467,"potions_floor_usage":[6,8,8,11,11,13,33,33,33,33,33,42,42,47,50,50],"damage_taken":[{"damage":0,"enemies":"2 Louse","floor":1,"turns":1},{"damage":1,"enemies":"Cultist","floor":4,"turns":3},{"damage":12,"enemies":"Jaw Worm","floor":5,"turns":3},{"damage":38,"enemies":"Lagavulin","floor":6,"turns":9},{"damage":6,"enemies":"2 Fungi Beasts","floor":7,"turns":2},{"damage":21,"enemies":"Lagavulin Event","floor":8,"turns":5},{"damage":16,"enemies":"3 Sentries","floor":11,"turns":4},{"damage":0,"enemies":"Large Slime","floor":13,"turns":5},{"damage":0,"enemies":"3 Louse","floor":14,"turns":1},{"damage":57,"enemies":"Slime Boss","floor":16,"turns":11},{"damage":32,"enemies":"Shell Parasite","floor":18,"turns":4},{"damage":30,"enemies":"2 Thieves","floor":19,"turns":3},{"damage":15,"enemies":"Chosen and Byrds","floor":22,"turns":3},{"damage":54,"enemies":"Book of Stabbing","floor":24,"turns":5},{"damage":15,"enemies":"Snake Plant","floor":27,"turns":3},{"damage":2,"enemies":"3 Cultists","floor":28,"turns":3},{"damage":21,"enemies":"Snecko","floor":30,"turns":4},{"damage":16,"enemies":"Centurion and Healer","floor":31,"turns":4},{"damage":39,"enemies":"Automaton","floor":33,"turns":10},{"damage":12,"enemies":"Flame Bruiser 1 Orb","floor":35,"turns":3},{"damage":28,"enemies":"3 Shapes","floor":37,"turns":5},{"damage":25,"enemies":"3 Darklings","floor":39,"turns":7},{"damage":10,"enemies":"Mysterious Sphere","floor":41,"turns":3},{"damage":15,"enemies":"Nemesis","floor":42,"turns":5},{"damage":60,"enemies":"Giant Head","floor":47,"turns":8},{"damage":9,"enemies":"Flame Bruiser 2 Orb","floor":48,"turns":3},{"damage":140,"enemies":"Time Eater","floor":50,"turns":13}],"relics_obtained":[{"floor":6,"key":"Frozen Egg 2"},{"floor":9,"key":"Blood Vial"},{"floor":11,"key":"Matryoshka"},{"floor":24,"key":"Meat on the Bone"},{"floor":26,"key":"Orichalcum"},{"floor":26,"key":"Bottled Lightning"},{"floor":38,"key":"Lantern"},{"floor":38,"key":"Shuriken"},{"floor":41,"key":"Gambling Chip"},{"floor":42,"key":"Charon\u0027s Ashes"},{"floor":43,"key":"Pantograph"},{"floor":47,"key":"Regal Pillow"}],"event_choices":[{"event_name":"The Lab","player_choice":"Got Potions","floor":3,"damage_taken":0},{"event_name":"Dead Adventurer","player_choice":"Searched \u00273\u0027 times","floor":8,"damage_taken":0},{"event_name":"The Library","player_choice":"Heal","floor":21,"damage_taken":0},{"event_name":"Ghosts","player_choice":"Ignored","floor":25,"damage_taken":0},{"event_name":"Winding Halls","player_choice":"Embrace Madness","floor":36,"damage_taken":0},{"event_name":"Mysterious Sphere","player_choice":"Fight","floor":41,"damage_taken":0},{"event_name":"Transmorgrifier","player_choice":"Transform","floor":45,"damage_taken":0}],"boss_relics":[{"not_picked":["Black Star","Calling Bell"],"picked":"Astrolabe"},{"not_picked":["Velvet Choker","Snecko Eye"],"picked":"Lizard Tail"}],"items_purged_floors":[2,44],"potions_floor_spawned":[5,7,8,11,14,18,27,28,31,33,35,37,42,47],"seed_played":"4618307263073317719","ascension_level":2,"potions_obtained":[{"floor":3,"key":"SpeedPotion"},{"floor":3,"key":"Swift Potion"},{"floor":3,"key":"FairyPotion"},{"floor":5,"key":"EssenceOfSteel"},{"floor":7,"key":"Fruit Juice"},{"floor":8,"key":"PowerPotion"},{"floor":11,"key":"AttackPotion"},{"floor":14,"key":"SpeedPotion"},{"floor":18,"key":"EntropicBrew"},{"floor":27,"key":"Poison Potion"},{"floor":33,"key":"Swift Potion"},{"floor":35,"key":"Weak Potion"},{"floor":42,"key":"EssenceOfSteel"},{"floor":47,"key":"Explosive Potion"}],"is_trial":false}