{"gold_per_floor":[10,10,26,43,43,43,70,70,70,88,88,101,131,131],"floor_reached":14,"playtime":536,"items_purged":[],"score":190,"play_id":"9ffa71e7-62e6-4c93-8d2a-d3d96b40df3d","local_time":"20190103132405","is_ascension_mode":true,"campfire_choices":[{"data":"Bash","floor":6,"key":"SMITH"},{"floor":11,"key":"REST"}],"neow_cost":"NO_GOLD","seed_source_timestamp":1142559355180941,"circlet_count":0,"master_deck":["AscendersBane","Strike_R","Strike_R","Strike_R","Strike_R","Strike_R","Defend_R","Defend_R","Defend_R","Defend_R","Bash+1","Limit Break","Dropkick","Thunderclap","True Grit","Demon Form","Battle Trance"],"relics":["Burning Blood","Paper Frog","Oddly Smooth Stone","Art of War"],"potions_floor_usage":[10,12,12,13],"damage_taken":[{"damage":5,"enemies":"Small Slimes","floor":1,"turns":3},{"damage":9,"enemies":"Jaw Worm","floor":3,"turns":4},{"damage":0,"enemies":"2 Louse","floor":4,"turns":3},{"damage":65,"enemies":"3 Sentries","floor":7,"turns":12},{"damage":5,"enemies":"Looter","floor":10,"turns":2},{"damage":16,"enemies":"Gremlin Gang","floor":12,"turns":4},{"damage":26,"enemies":"Gremlin Nob","floor":13,"turns":4},{"damage":14,"enemies":"Exordium Thugs","floor":14,"turns":1}],"seed_played":"2666657464851081436","potions_obtained":[{"floor":4,"key":"EntropicBrew"},{"floor":7,"key":"AttackPotion"},{"floor":12,"key":"Weak Potion"}],"is_trial":false,"path_per_floor":["M","?","M","M","?","R","E","$","T","M","R","M","E","M"],"character_chosen":"IRONCLAD","items_purchased":[],"campfire_rested":1,"item_purchase_floors":[],"current_hp_per_floor":[69,74,71,77,77,77,18,18,18,19,43,33,13,0],"gold":131,"neow_bonus":"THREE_RARE_CARDS","is_prod":false,"is_daily":false,"chose_seed":false,"campfire_upgraded":1,"win_rate":0,"timestamp":1546550645,"path_taken":["M","?","M","M","?","R","E","$","T","M","R","M","E","?"],"build_version":"2018-12-20","purchased_purges":0,"victory":false,"max_hp_per_floor":[75,80,80,80,80,80,80,80,80,80,80,80,80,80],"card_choices":[{"not_picked":["Fiend Fire","Double Tap"],"picked":"Limit Break","floor":0},{"not_picked":["Heavy Blade","Blood for Blood"],"picked":"Dropkick","floor":1},{"not_picked":["Sever Soul","Metallicize"],"picked":"Thunderclap","floor":3},{"not_picked":["Clash","Anger","Hemokinesis"],"picked":"SKIP","floor":4},{"not_picked":["Brutality","Clash","Intimidate"],"picked":"SKIP","floor":7},{"not_picked":["Havoc","Warcry"],"picked":"True Grit","floor":10},{"not_picked":["Clash","Ghostly Armor"],"picked":"Demon Form","floor":12},{"not_picked":["Heavy Blade","Combust"],"picked":"Battle Trance","floor":13}],"player_experience":1644391,"relics_obtained":[{"floor":7,"key":"Paper Frog"},{"floor":9,"key":"Oddly Smooth Stone"},{"floor":13,"key":"Art of War"}],"event_choices":[{"damage_healed":0,"gold_gain":0,"player_choice":"Donut","damage_taken":0,"max_hp_gain":5,"max_hp_loss":0,"event_name":"Big Fish","floor":2,"gold_loss":0},{"damage_healed":0,"gold_gain":0,"player_choice":"Leave","damage_taken":0,"max_hp_gain":0,"max_hp_loss":0,"event_name":"The Cleric","floor":5,"gold_loss":0}],"is_beta":false,"boss_relics":[],"items_purged_floors":[],"is_endless":false,"potions_floor_spawned":[4,7,12],"killed_by":"Exordium Thugs","ascension_level":18}