{"gold_per_floor":[116,131,147,161,180,213,213,213,213,225,57,57,87,103,103,202,202,218,237,254,254,274,306,306,332,332,255,290,307,2,16,16,114,114,131,38,90,90,90,120,120,145,145,160,160,188,188,188,188,188],"floor_reached":51,"playtime":2626,"items_purged":["Strike_B"],"score":1236,"play_id":"85f0cceb-5ad9-4d49-bdec-99efbd4f1c3a","local_time":"20180724222120","is_ascension_mode":true,"campfire_choices":[{"floor":8,"key":"REST"},{"floor":12,"key":"REST"},{"data":"Zap","floor":15,"key":"SMITH"},{"data":"Double Energy","floor":24,"key":"SMITH"},{"data":"Dualcast","floor":32,"key":"SMITH"},{"data":"Beam Cell","floor":41,"key":"SMITH"},{"data":"Beam Cell","floor":47,"key":"SMITH"},{"floor":49,"key":"REST"}],"neow_cost":"TEN_PERCENT_HP_LOSS","seed_source_timestamp":7162214050607,"circlet_count":0,"master_deck":["Strike_B","Strike_B","Strike_B","Defend_B","Defend_B","Defend_B","Defend_B","Zap+1","Dualcast+1","Stack","Go for the Eyes","BootSequence","Beam Cell+1","Double Energy+1","Stack","Go for the Eyes","Flash of Steel","Go for the Eyes","Beam Cell+1","All For One","Beam Cell+1","Compile Driver","Cold Snap","Hologram+1","Skim+1","Scrape+1","Steam+1","Flash of Steel","Go for the Eyes+1","Gash","Gash","J.A.X.+1","Steam+1","Flash of Steel","Master of Strategy+1","All For One","Flash of Steel","Deep Breath+1","Finesse+1","Metamorphosis+1","BootSequence+1","BootSequence+1","Beam Cell+1","Madness+1","Madness+1","Chill+1"],"relics":["Cracked Core","Mango","Bottled Flame","Happy Flower","Kunai","Toxic Egg 2","Orrery","Ornamental Fan","Gambling Chip","Vajra","Juzu Bracelet","White Beast Statue","Thread and Needle","Orichalcum","Mercury Hourglass","Gremlin Horn","Dream Catcher"],"potions_floor_usage":[2,6,10,13,20,28,29,50,50,50],"damage_taken":[{"damage":1,"enemies":"Cultist","floor":1,"turns":3},{"damage":5,"enemies":"Jaw Worm","floor":2,"turns":3},{"damage":3,"enemies":"2 Louse","floor":3,"turns":3},{"damage":4,"enemies":"Blue Slaver","floor":4,"turns":4},{"damage":4,"enemies":"Exordium Thugs","floor":5,"turns":5},{"damage":20,"enemies":"Lagavulin","floor":6,"turns":8},{"damage":0,"enemies":"Looter","floor":10,"turns":4},{"damage":0,"enemies":"Gremlin Nob","floor":13,"turns":4},{"damage":0,"enemies":"Red Slaver","floor":14,"turns":3},{"damage":66,"enemies":"Hexaghost","floor":16,"turns":15},{"damage":0,"enemies":"2 Thieves","floor":18,"turns":4},{"damage":10,"enemies":"Shell Parasite","floor":19,"turns":5},{"damage":5,"enemies":"Cultist and Chosen","floor":20,"turns":5},{"damage":0,"enemies":"Chosen and Byrds","floor":22,"turns":4},{"damage":15,"enemies":"Book of Stabbing","floor":23,"turns":4},{"damage":0,"enemies":"Gremlin Leader","floor":25,"turns":6},{"damage":6,"enemies":"Slavers","floor":28,"turns":4},{"damage":0,"enemies":"Snake Plant","floor":29,"turns":3},{"damage":3,"enemies":"Cultist and Chosen","floor":31,"turns":4},{"damage":12,"enemies":"Automaton","floor":33,"turns":8},{"damage":0,"enemies":"Flame Bruiser 1 Orb","floor":35,"turns":2},{"damage":6,"floor":37,"turns":3},{"damage":3,"enemies":"Nemesis","floor":40,"turns":5},{"damage":6,"enemies":"2 Orb Walkers","floor":42,"turns":4},{"damage":3,"enemies":"3 Darklings","floor":44,"turns":4},{"damage":4,"enemies":"Nemesis","floor":46,"turns":5},{"damage":3,"enemies":"Awakened One","floor":50,"turns":7}],"seed_played":"1479588547948008600","potions_obtained":[{"floor":1,"key":"Fruit Juice"},{"floor":4,"key":"LiquidBronze"},{"floor":6,"key":"Dexterity Potion"},{"floor":10,"key":"Swift Potion"},{"floor":18,"key":"SmokeBomb"},{"floor":19,"key":"Regen Potion"},{"floor":25,"key":"Poison Potion"},{"floor":28,"key":"LiquidBronze"},{"floor":29,"key":"SteroidPotion"},{"floor":35,"key":"PowerPotion"},{"floor":37,"key":"Strength Potion"},{"floor":44,"key":"PowerPotion"}],"is_trial":false,"path_per_floor":["M","M","M","M","M","E","?","R","T","M","$","R","E","M","R","B",null,"M","M","M","?","M","E","R","E","T","?","E","M","$","M","R","B",null,"M","$","?","?","?","E","R","E","T","M","?","E","R","?","R","B"],"character_chosen":"DEFECT","items_purchased":["Flash of Steel","Flash of Steel","Master of Strategy+1","Flash of Steel"],"campfire_rested":3,"item_purchase_floors":[11,30,30,36],"current_hp_per_floor":[81,81,78,74,70,50,38,64,64,64,64,87,87,87,87,21,87,87,77,86,86,86,71,71,71,71,71,65,65,65,62,62,50,87,87,87,81,81,71,68,68,62,62,59,59,55,55,44,70,67],"gold":188,"neow_bonus":"ONE_RARE_RELIC","is_prod":false,"is_daily":false,"chose_seed":false,"campfire_upgraded":5,"win_rate":0,"timestamp":1532463680,"path_taken":["M","M","M","?","?","E","?","R","T","M","?","R","E","M","R","BOSS","M","M","M","?","M","E","R","E","T","?","E","M","$","M","R","BOSS","M","$","?","?","?","E","R","E","T","M","?","E","R","?","R","BOSS"],"build_version":"2018-07-23","purchased_purges":1,"victory":true,"max_hp_per_floor":[82,87,87,87,87,87,87,87,87,87,87,87,87,87,87,87,87,87,87,87,87,87,87,87,87,87,87,87,87,87,87,87,87,87,87,87,87,87,87,87,87,87,87,87,87,87,87,87,87,87],"card_choices":[{"not_picked":["Undo","Blizzard"],"picked":"Stack","floor":1},{"not_picked":["Leap","Force Field"],"picked":"Go for the Eyes","floor":2},{"not_picked":["Steam","Undo"],"picked":"BootSequence","floor":3},{"not_picked":["Barrage","Lockon"],"picked":"Beam Cell","floor":4},{"not_picked":["Redo","Compile Driver"],"picked":"Double Energy","floor":5},{"not_picked":["Turbo","Fusion"],"picked":"Stack","floor":6},{"not_picked":["Rainbow","Leap"],"picked":"Go for the Eyes","floor":10},{"not_picked":["Force Field","Melter"],"picked":"Go for the Eyes","floor":13},{"not_picked":["Hologram+1","Redo+1"],"picked":"Beam Cell","floor":14},{"not_picked":["Hyperbeam","Meteor Strike"],"picked":"All For One","floor":16},{"not_picked":["Blizzard","Turbo+1"],"picked":"Beam Cell","floor":17},{"not_picked":["Lockon","Glacier+1"],"picked":"Compile Driver","floor":17},{"not_picked":["Conserve Battery+1","Leap+1"],"picked":"Cold Snap","floor":17},{"not_picked":["Glacier+1","Cold Snap"],"picked":"Hologram+1","floor":17},{"not_picked":["Barrage","Turbo+1"],"picked":"Skim+1","floor":17},{"not_picked":["Double Energy+1","Conserve Battery+1"],"picked":"Echo Form","floor":18},{"not_picked":["Sweeping Beam","Barrage+1"],"picked":"Scrape+1","floor":19},{"not_picked":["Storm","Recycle+1"],"picked":"Steam+1","floor":20},{"not_picked":["Hologram+1","Chill+1"],"picked":"Go for the Eyes+1","floor":22},{"not_picked":["Rip and Tear","Biased Cognition"],"picked":"Gash","floor":23},{"not_picked":["Streamline+1","Blizzard+1"],"picked":"Gash","floor":25},{"not_picked":["Beam Cell","Self Repair+1","Loop"],"picked":"SKIP","floor":28},{"not_picked":["Turbo+1","Redo+1"],"picked":"Steam+1","floor":29},{"not_picked":["Force Field+1","Skim+1","Stack+1"],"picked":"SKIP","floor":31},{"not_picked":["Biased Cognition","Echo Form"],"picked":"All For One","floor":33},{"not_picked":["Compile Driver","Streamline+1","Turbo+1"],"picked":"SKIP","floor":35},{"not_picked":["Impatience+1","Chrysalis+1"],"picked":"Deep Breath+1","floor":39},{"not_picked":["Deep Breath+1","Swift Strike"],"picked":"Finesse+1","floor":39},{"not_picked":["Magnetism","Madness+1"],"picked":"Metamorphosis+1","floor":39},{"not_picked":["Loop+1","Tempest+1"],"picked":"BootSequence+1","floor":40},{"not_picked":["Streamline","Barrage+1"],"picked":"BootSequence+1","floor":42},{"not_picked":["Auto Shields+1","Recycle+1"],"picked":"Beam Cell+1","floor":44},{"not_picked":["Force Field+1","Redo+1","Barrage+1"],"picked":"SKIP","floor":46},{"not_picked":["Glacier+1","Double Energy+1"],"picked":"Chill+1","floor":49}],"player_experience":345887,"relics_obtained":[{"floor":6,"key":"Bottled Flame"},{"floor":9,"key":"Kunai"},{"floor":13,"key":"Toxic Egg 2"},{"floor":23,"key":"Ornamental Fan"},{"floor":25,"key":"Gambling Chip"},{"floor":26,"key":"Vajra"},{"floor":28,"key":"Juzu Bracelet"},{"floor":37,"key":"Thread and Needle"},{"floor":40,"key":"Orichalcum"},{"floor":42,"key":"Mercury Hourglass"},{"floor":43,"key":"Gremlin Horn"},{"floor":46,"key":"Dream Catcher"}],"event_choices":[{"event_name":"Scrap Ooze","player_choice":"success","floor":7,"damage_taken":12},{"event_name":"Duplicator","player_choice":"One dupe","floor":21,"damage_taken":0},{"event_name":"Drug Dealer","player_choice":"Got JAXXED","floor":27,"damage_taken":0},{"event_name":"Mysterious Sphere","player_choice":"Fight","floor":37,"damage_taken":0},{"event_name":"Falling","player_choice":"Removed Power","floor":38,"damage_taken":0},{"event_name":"SensoryStone","player_choice":"Memory 3","floor":39,"damage_taken":0},{"event_name":"Accursed Blacksmith","player_choice":"Forge","floor":45,"damage_taken":0},{"event_name":"Winding Halls","player_choice":"Embrace Madness","floor":48,"damage_taken":0}],"is_beta":true,"boss_relics":[{"not_picked":["Tiny House","Snecko Eye"],"picked":"Orrery"},{"not_picked":["Calling Bell","Coffee Dripper"],"picked":"White Beast Statue"}],"items_purged_floors":[11],"is_endless":false,"potions_floor_spawned":[1,4,6,10,18,19,25,28,29,35,37,40,42,44,46],"ascension_level":4}