{"gold_per_floor":[110,110,110,128,128,128,158,158,233,248,248,248,283,283,283,283],"floor_reached":16,"playtime":606,"items_purged":[],"score":201,"play_id":"11a404d0-5935-4e5e-abae-06c6e9cc1cac","local_time":"20181217085437","is_ascension_mode":true,"campfire_choices":[{"data":"Wild Strike","floor":6,"key":"SMITH"},{"data":"Reckless Charge","floor":8,"key":"SMITH"},{"data":"Bash","floor":11,"key":"SMITH"},{"floor":15,"key":"REST"}],"neow_cost":"PERCENT_DAMAGE","seed_source_timestamp":441527838690971,"circlet_count":0,"master_deck":["AscendersBane","Strike_R","Strike_R+1","Strike_R+1","Strike_R","Defend_R","Defend_R","Defend_R","Defend_R","Bash+1","Wild Strike+1","Reckless Charge+1","Pommel Strike+1","Armaments"],"relics":["Burning Blood","Bottled Lightning","Molten Egg 2","Whetstone","StoneCalendar","Golden Idol"],"potions_floor_usage":[7],"damage_taken":[{"damage":5,"enemies":"2 Louse","floor":1,"turns":3},{"damage":9,"enemies":"Jaw Worm","floor":4,"turns":4},{"damage":32,"enemies":"Gremlin Nob","floor":7,"turns":4},{"damage":0,"enemies":"Cultist","floor":10,"turns":2},{"damage":30,"enemies":"3 Sentries","floor":13,"turns":9},{"damage":61,"enemies":"The Guardian","floor":16,"turns":9}],"seed_played":"7775031585434087456","potions_obtained":[{"floor":4,"key":"Regen Potion"},{"floor":7,"key":"SpeedPotion"}],"is_trial":false,"path_per_floor":["M","?","?","M","?","R","E","R","T","M","R","T","E","?","R","B"],"character_chosen":"IRONCLAD","items_purchased":[],"campfire_rested":1,"item_purchase_floors":[],"current_hp_per_floor":[65,70,70,67,67,67,53,53,53,59,59,59,35,35,60,0],"gold":283,"neow_bonus":"TWENTY_PERCENT_HP_BONUS","is_prod":false,"is_daily":false,"chose_seed":false,"campfire_upgraded":3,"win_rate":0,"timestamp":1545065677,"path_taken":["M","?","?","M","?","R","E","R","T","?","R","?","E","?","R","BOSS"],"build_version":"2018-12-13","purchased_purges":0,"victory":false,"max_hp_per_floor":[89,94,94,94,94,94,94,94,94,94,94,94,94,85,85,85],"card_choices":[{"not_picked":["Clash","Headbutt"],"picked":"Wild Strike","floor":1},{"not_picked":["Iron Wave","Anger","Heavy Blade"],"picked":"SKIP","floor":4},{"not_picked":["Thunderclap","Perfected Strike"],"picked":"Reckless Charge","floor":7},{"not_picked":["Twin Strike+1","Offering"],"picked":"Pommel Strike+1","floor":10},{"not_picked":["Blood for Blood+1","Sword Boomerang+1"],"picked":"Armaments","floor":13}],"player_experience":1573977,"relics_obtained":[{"floor":7,"key":"Bottled Lightning"},{"floor":9,"key":"Molten Egg 2"},{"floor":12,"key":"Whetstone"},{"floor":13,"key":"StoneCalendar"}],"event_choices":[{"damage_healed":0,"gold_gain":0,"player_choice":"Donut","damage_taken":0,"max_hp_gain":5,"max_hp_loss":0,"event_name":"Big Fish","floor":2,"gold_loss":0},{"damage_healed":0,"gold_gain":0,"player_choice":"Ignored","damage_taken":0,"max_hp_gain":0,"max_hp_loss":0,"event_name":"Liars Game","floor":3,"gold_loss":0},{"cards_removed":["Strike_R"],"damage_healed":0,"gold_gain":0,"player_choice":"Offered Basic","damage_taken":0,"max_hp_gain":0,"max_hp_loss":0,"event_name":"Bonfire Elementals","floor":5,"gold_loss":0},{"damage_healed":0,"gold_gain":0,"player_choice":"Lose Max HP","damage_taken":0,"relics_obtained":["Golden Idol"],"max_hp_gain":0,"max_hp_loss":9,"event_name":"Golden Idol","floor":14,"gold_loss":0}],"is_beta":false,"boss_relics":[],"items_purged_floors":[],"is_endless":false,"potions_floor_spawned":[4,7],"killed_by":"The Guardian","ascension_level":18}