{"gold_per_floor":[118,118,37,53,63,95,95,108,108,139,139,157,182,15,15,114,114,125,85,105,120,131,131],"floor_reached":23,"playtime":1427,"items_purged":[],"score":256,"play_id":"37e44df2-de9e-4649-b40d-95970b635098","local_time":"20181227004935","is_ascension_mode":true,"campfire_choices":[{"data":"Glass Knife","floor":7.0,"key":"SMITH"},{"floor":11.0,"key":"REST"},{"floor":15.0,"key":"REST"}],"neow_cost":"NONE","seed_source_timestamp":707903530236808,"circlet_count":0,"master_deck":["Defend_G+1","Defend_G","Defend_G","Defend_G","Defend_G","Strike_G","Strike_G","Strike_G","Strike_G","Strike_G","Survivor+1","Neutralize","Impatience","Backflip","Footwork","Flying Knee","Endless Agony","Glass Knife+1","Terror","Bouncing Flask","PiercingWail","Acrobatics","Die Die Die","Poisoned Stab","Blade Dance+1","Sucker Punch+1","Dagger Spray+1"],"special_seed":0,"relics":["Ring of the Snake","Snake Skull","Potion Belt","The Courier","Blue Candle","Membership Card","Black Star"],"potions_floor_usage":[22,22],"damage_taken":[{"damage":5.0,"enemies":"Small Slimes","floor":1.0,"turns":4.0},{"damage":1.0,"enemies":"Cultist","floor":4.0,"turns":4.0},{"damage":1.0,"enemies":"2 Louse","floor":5.0,"turns":2.0},{"damage":1.0,"enemies":"Lagavulin","floor":6.0,"turns":4.0},{"damage":1.0,"enemies":"Red Slaver","floor":8.0,"turns":3.0},{"damage":28.0,"enemies":"3 Sentries","floor":10.0,"turns":8.0},{"damage":4.0,"enemies":"2 Fungi Beasts","floor":12.0,"turns":2.0},{"damage":17.0,"enemies":"Lagavulin","floor":13.0,"turns":5.0},{"damage":13.0,"enemies":"Hexaghost","floor":16.0,"turns":9.0},{"damage":33.0,"enemies":"Spheric Guardian","floor":18.0,"turns":7.0},{"damage":15.0,"enemies":"Shell Parasite","floor":20.0,"turns":5.0},{"damage":9.0,"enemies":"Centurion and Healer","floor":21.0,"turns":6.0},{"damage":5,"enemies":"Snecko","floor":22,"turns":3},{"damage":11,"enemies":"Gremlin Leader","floor":23,"turns":2}],"seed_played":"-5251897208305557346","potions_obtained":[{"floor":1.0,"key":"Block Potion"},{"floor":2.0,"key":"SkillPotion"},{"floor":2.0,"key":"SteroidPotion"},{"floor":5.0,"key":"EntropicBrew"},{"floor":12.0,"key":"GhostInAJar"},{"floor":16.0,"key":"Ancient Potion"},{"floor":20.0,"key":"Swift Potion"},{"floor":21.0,"key":"FearPotion"}],"is_trial":false,"path_per_floor":["M","?","$","M","M","E","R","M","T","E","R","M","E","$","R","B",null,"M","?","M","M","M","E"],"character_chosen":"THE_SILENT","items_purchased":["Footwork","Membership Card"],"campfire_rested":2,"item_purchase_floors":[3,14],"current_hp_per_floor":[65,65,65,64,63,62,62,61,61,33,54,50,33,33,54,41,70,37,37,22,13,8,0],"gold":131,"neow_bonus":"RANDOM_COLORLESS","is_prod":false,"is_daily":false,"chose_seed":false,"campfire_upgraded":1,"win_rate":0,"timestamp":1545889775,"path_taken":["M","?","$","M","M","E","R","M","T","E","R","M","E","?","R","BOSS","M","?","M","?","M","E"],"build_version":"2018-12-20","purchased_purges":0,"victory":false,"max_hp_per_floor":[70,70,70,70,70,70,70,70,70,70,70,70,70,70,70,70,70,70,70,70,70,70,70],"card_choices":[{"not_picked":["Bane","PiercingWail"],"picked":"Backflip","floor":1.0},{"not_picked":["Eviscerate","Dagger Throw"],"picked":"Flying Knee","floor":4.0},{"not_picked":["Expertise","Sucker Punch"],"picked":"Endless Agony","floor":5.0},{"not_picked":["Bane","Setup"],"picked":"Glass Knife","floor":6.0},{"not_picked":["Flying Knee","Backstab"],"picked":"Terror","floor":8.0},{"not_picked":["Burst","Bullet Time"],"picked":"Bouncing Flask","floor":10.0},{"not_picked":["Distraction","Underhanded Strike"],"picked":"PiercingWail","floor":12.0},{"not_picked":["Blade Dance","Cloak And Dagger"],"picked":"Acrobatics","floor":13.0},{"not_picked":["Malaise","Night Terror"],"picked":"Die Die Die","floor":16.0},{"not_picked":["Outmaneuver","Riddle With Holes"],"picked":"Poisoned Stab","floor":18.0},{"not_picked":["Acrobatics","Deflect"],"picked":"Blade Dance+1","floor":20.0},{"not_picked":["Cloak And Dagger","Well Laid Plans+1"],"picked":"Sucker Punch+1","floor":21.0},{"not_picked":["Backstab","Blade Dance"],"picked":"Dagger Spray+1","floor":22}],"player_experience":257392,"relics_obtained":[{"floor":6.0,"key":"Snake Skull"},{"floor":9.0,"key":"Potion Belt"},{"floor":10.0,"key":"The Courier"},{"floor":13.0,"key":"Blue Candle"}],"event_choices":[{"damage_healed":0.0,"max_hp_gain":0.0,"max_hp_loss":0.0,"gold_gain":0.0,"event_name":"Lab","player_choice":"Got Potions","floor":2.0,"gold_loss":0.0,"damage_taken":0.0},{"damage_healed":0.0,"max_hp_gain":0.0,"max_hp_loss":0.0,"gold_gain":0.0,"event_name":"Designer","player_choice":"Upgraded Two","floor":19.0,"gold_loss":40.0,"damage_taken":0.0,"cards_upgraded":["Defend_G","Survivor"]}],"is_beta":false,"boss_relics":[{"not_picked":["WristBlade","Calling Bell"],"picked":"Black Star"}],"items_purged_floors":[],"is_endless":false,"potions_floor_spawned":[1,5,12,16,20,21],"killed_by":"Gremlin Leader","ascension_level":4}