{"gold_per_floor":[115,115,115,132,148,183,183,209,232,232,232,193,208,222,222,299,299,311,323,341,391,341,341,341],"floor_reached":24,"playtime":1336,"items_purged":[],"score":402,"play_id":"c98c8930-f470-41c7-ba93-310337d748b0","local_time":"20190123140910","is_ascension_mode":true,"campfire_choices":[{"floor":7.0,"key":"REST"},{"data":"Defragment","floor":10.0,"key":"SMITH"},{"data":"Creative AI","floor":15.0,"key":"SMITH"},{"floor":23,"key":"REST"}],"neow_cost":"NONE","seed_source_timestamp":596467773196096,"circlet_count":0,"master_deck":["AscendersBane","Strike_B","Strike_B","Strike_B+1","Strike_B","Defend_B","Defend_B","Defend_B","Defend_B","Zap+1","Dualcast","Ball Lightning+1","Defragment+1","Streamline+1","Conserve Battery","Creative AI+1","Reinforced Body","Cold Snap","Biased Cognition","Steam","Conserve Battery"],"special_seed":0,"relics":["Cracked Core","Whetstone","Bag of Preparation","Blood Vial","Fusion Hammer"],"potions_floor_usage":[24],"damage_taken":[{"damage":9.0,"enemies":"Jaw Worm","floor":1.0,"turns":3.0},{"damage":1.0,"enemies":"2 Louse","floor":4.0,"turns":2.0},{"damage":1.0,"enemies":"Cultist","floor":5.0,"turns":3.0},{"damage":31.0,"enemies":"Gremlin Nob","floor":6.0,"turns":4.0},{"damage":18.0,"enemies":"3 Sentries","floor":8.0,"turns":5.0},{"damage":8.0,"enemies":"Exordium Wildlife","floor":13.0,"turns":3.0},{"damage":2.0,"enemies":"Large Slime","floor":14.0,"turns":5.0},{"damage":15.0,"enemies":"Slime Boss","floor":16.0,"turns":9.0},{"damage":26.0,"enemies":"Spheric Guardian","floor":18.0,"turns":5.0},{"damage":5.0,"enemies":"Chosen","floor":19.0,"turns":5.0},{"damage":23,"enemies":"Snake Plant","floor":20,"turns":4},{"damage":68,"enemies":"Cultist and Chosen","floor":24,"turns":5}],"seed_played":"-2963274782490509010","potions_obtained":[{"floor":1.0,"key":"Poison Potion"},{"floor":6.0,"key":"AttackPotion"},{"floor":13.0,"key":"Block Potion"},{"floor":16.0,"key":"Explosive Potion"},{"floor":19.0,"key":"SteroidPotion"}],"is_trial":false,"path_per_floor":["?","?","M","?","?","?","?"],"character_chosen":"DEFECT","items_purchased":[],"campfire_rested":2,"item_purchase_floors":[],"current_hp_per_floor":[62,62,62,61,60,29,52,34,34,34,34,34,28,28,28,15,62,38,35,14,14,14,37,0],"gold":341,"neow_bonus":"TEN_PERCENT_HP_BONUS","is_prod":false,"is_daily":false,"chose_seed":false,"campfire_upgraded":2,"win_rate":0,"timestamp":1548281350,"path_taken":["M","?","?","?","M","E","R","E","T","R","?","?","M","M","R","BOSS","M","M","M","?","?","R","M"],"build_version":"2019-01-23","purchased_purges":0,"victory":false,"max_hp_per_floor":[78,78,78,78,78,78,78,78,78,78,78,78,78,78,78,78,78,78,78,78,78,78,78,78],"card_choices":[{"not_picked":["Undo","Compile Driver"],"picked":"Ball Lightning","floor":1.0},{"not_picked":["Conserve Battery","Hello World"],"picked":"Defragment","floor":4.0},{"not_picked":["Static Discharge","Steam"],"picked":"Streamline","floor":5.0},{"not_picked":["Redo","Rebound"],"picked":"Conserve Battery","floor":6.0},{"not_picked":["Tempest","Blizzard"],"picked":"Creative AI","floor":8.0},{"not_picked":["Steam","Gash"],"picked":"Reinforced Body","floor":13.0},{"not_picked":["Storm","Rip and Tear"],"picked":"Cold Snap","floor":14.0},{"not_picked":["Creative AI","Amplify"],"picked":"Biased Cognition","floor":16.0},{"not_picked":["Streamline","Gash","Turbo"],"picked":"SKIP","floor":18.0},{"not_picked":["Aggregate","BootSequence"],"picked":"Steam","floor":19.0},{"not_picked":["Gash","Loop"],"picked":"Conserve Battery","floor":20}],"player_experience":1732865,"relics_obtained":[{"floor":6.0,"key":"Whetstone"},{"floor":8.0,"key":"Bag of Preparation"},{"floor":9.0,"key":"Blood Vial"}],"event_choices":[{"damage_healed":0.0,"max_hp_gain":0.0,"max_hp_loss":0.0,"gold_gain":0.0,"event_name":"Living Wall","player_choice":"Grow","floor":2.0,"gold_loss":0.0,"damage_taken":0.0,"cards_upgraded":["Zap"]},{"damage_healed":0.0,"max_hp_gain":0.0,"max_hp_loss":0.0,"gold_gain":0.0,"event_name":"Upgrade Shrine","player_choice":"Upgraded","floor":3.0,"gold_loss":0.0,"damage_taken":0.0,"cards_upgraded":["Ball Lightning"]},{"damage_healed":0.0,"max_hp_gain":0.0,"max_hp_loss":0.0,"gold_gain":0.0,"event_name":"Shining Light","player_choice":"Ignored","floor":11.0,"gold_loss":0.0,"damage_taken":0.0},{"damage_healed":0.0,"max_hp_gain":0.0,"max_hp_loss":0.0,"gold_gain":0.0,"event_name":"World of Goop","player_choice":"Left Gold","floor":12.0,"gold_loss":39.0,"damage_taken":0.0},{"damage_healed":0,"gold_gain":50,"player_choice":"Stole From Cult","damage_taken":0,"max_hp_gain":0,"max_hp_loss":0,"event_name":"Nest","floor":21,"gold_loss":0},{"damage_healed":0,"gold_gain":0,"player_choice":"Bet on Owner","damage_taken":0,"max_hp_gain":0,"max_hp_loss":0,"event_name":"The Joust","floor":22,"gold_loss":50}],"is_beta":false,"boss_relics":[{"not_picked":["Calling Bell","Runic Dome"],"picked":"Fusion Hammer"}],"items_purged_floors":[],"is_endless":false,"potions_floor_spawned":[1,6,13,16,19],"killed_by":"Cultist and Chosen","ascension_level":19}