{"gold_per_floor":[113,113,131,145,420,485,496,496,522,549,549,562,28,55,55,55],"floor_reached":16,"playtime":455,"items_purged":["Regret"],"score":154,"play_id":"f2c6739c-92d4-4d91-8cf0-12e72b927532","local_time":"20190207112855","is_ascension_mode":true,"campfire_choices":[{"floor":8,"key":"REST"},{"floor":11,"key":"REST"},{"floor":15,"key":"REST"}],"neow_cost":"NONE","seed_source_timestamp":0,"circlet_count":0,"master_deck":["Strike_R","Strike_R","Strike_R","Strike_R","Strike_R","Defend_R","Defend_R","Defend_R","Defend_R","Bash","Infernal Blade","Wild Strike","Anger","Pommel Strike","Flex","Exhume","Bloodletting","Flame Barrier"],"special_seed":0,"relics":["Burning Blood","Tiny Chest","Ancient Tea Set","Omamori","Blood Vial","Turnip","Lantern"],"potions_floor_usage":[],"damage_taken":[{"damage":5.0,"enemies":"2 Louse","floor":1.0,"turns":3.0},{"damage":1.0,"enemies":"Cultist","floor":3.0,"turns":3.0},{"damage":0.0,"enemies":"Small Slimes","floor":4.0,"turns":2.0},{"damage":47.0,"enemies":"Lagavulin","floor":6.0,"turns":7.0},{"damage":18,"enemies":"Red Slaver","floor":7,"turns":4},{"damage":34,"enemies":"Gremlin Nob","floor":10,"turns":4},{"damage":13,"enemies":"3 Louse","floor":12,"turns":3},{"damage":70,"enemies":"The Guardian","floor":16,"turns":8}],"seed_played":"4458207249091637331","potions_obtained":[{"floor":1.0,"key":"FearPotion"},{"floor":3.0,"key":"PowerPotion"},{"floor":10,"key":"SteroidPotion"}],"is_trial":false,"path_per_floor":["M","?","M","M","?","E","M","R","T","E","R","M","$","T","R","B"],"character_chosen":"IRONCLAD","items_purchased":["Blood Vial","Turnip"],"campfire_rested":3,"item_purchase_floors":[13,13],"current_hp_per_floor":[73,73,78,80,80,39,27,51,51,23,47,40,40,40,64,0],"gold":55,"neow_bonus":"ONE_RANDOM_RARE_CARD","is_prod":false,"is_daily":false,"chose_seed":false,"campfire_upgraded":0,"win_rate":0,"timestamp":1549510135,"path_taken":["M","?","M","?","?","E","?","R","T","E","R","M","$","?","R","BOSS"],"build_version":"2019-01-23","purchased_purges":1,"victory":false,"max_hp_per_floor":[80,80,80,80,80,80,80,80,80,80,80,80,80,80,80,80],"card_choices":[{"not_picked":["Armaments","Pommel Strike"],"picked":"Infernal Blade","floor":1.0},{"not_picked":["Cleave","Heavy Blade"],"picked":"Anger","floor":3.0},{"not_picked":["Havoc","Shrug It Off"],"picked":"Pommel Strike","floor":4.0},{"not_picked":["Perfected Strike","Ghostly Armor"],"picked":"Flex","floor":6.0},{"not_picked":["Iron Wave","Headbutt"],"picked":"Exhume","floor":7},{"not_picked":["Wild Strike","Iron Wave"],"picked":"Bloodletting","floor":10},{"not_picked":["Headbutt","Clash"],"picked":"Flame Barrier","floor":12}],"player_experience":92168,"relics_obtained":[{"floor":6.0,"key":"Tiny Chest"},{"floor":9,"key":"Ancient Tea Set"},{"floor":10,"key":"Omamori"},{"floor":14,"key":"Lantern"}],"event_choices":[{"damage_healed":0.0,"max_hp_gain":0.0,"max_hp_loss":0.0,"gold_gain":0.0,"cards_transformed":["Dark Embrace"],"event_name":"Transmorgrifier","player_choice":"Transformed","floor":2.0,"gold_loss":0.0,"damage_taken":0.0,"cards_obtained":["Wild Strike"]},{"damage_healed":0.0,"max_hp_gain":0.0,"max_hp_loss":0.0,"gold_gain":275.0,"event_name":"Golden Shrine","player_choice":"Desecrate","floor":5.0,"gold_loss":0.0,"damage_taken":0.0,"cards_obtained":["Regret"]}],"is_beta":false,"boss_relics":[],"items_purged_floors":[13],"is_endless":false,"potions_floor_spawned":[1,3,10],"killed_by":"The Guardian","ascension_level":8}