{"gold_per_floor":[115,115,40,56,67,67,67,101,148,67,67,67,67,132,132,233,233],"floor_reached":17,"playtime":1122,"items_purged":["Strike_B"],"score":169,"play_id":"30d5e444-9fb3-4081-bb90-228c227675a4","local_time":"20190125132359","is_ascension_mode":true,"campfire_choices":[{"data":"Storm","floor":6.0,"key":"SMITH"},{"floor":12.0,"key":"REST"},{"floor":15.0,"key":"REST"}],"neow_cost":"NONE","seed_source_timestamp":0,"circlet_count":0,"master_deck":["Strike_B","Strike_B","Defend_B","Defend_B","Defend_B","Defend_B","Zap","Dualcast","Leap","Storm+1","Compile Driver","Force Field+1","Capacitor","Creative AI","Machine Learning"],"special_seed":0,"relics":["Cracked Core","Regal Pillow","Lantern","Juzu Bracelet","Strawberry","Mummified Hand","Tiny Chest","Inserter"],"potions_floor_usage":[],"damage_taken":[{"damage":5.0,"enemies":"Small Slimes","floor":1.0,"turns":4.0},{"damage":0.0,"enemies":"Cultist","floor":4.0,"turns":3.0},{"damage":1.0,"enemies":"Jaw Worm","floor":5.0,"turns":4.0},{"damage":43.0,"enemies":"Gremlin Nob","floor":8.0,"turns":5.0},{"damage":19.0,"enemies":"Lagavulin","floor":14.0,"turns":7.0},{"damage":21.0,"enemies":"Hexaghost","floor":16.0,"turns":9.0}],"seed_played":"-789180420561983563","potions_obtained":[{"floor":1.0,"key":"Ancient Potion"},{"floor":4.0,"key":"Poison Potion"},{"floor":8.0,"key":"AttackPotion"}],"is_trial":false,"path_per_floor":["M","?","$","M","M","R","T","E","T","$","?","R","?","E","R","B",null],"character_chosen":"DEFECT","items_purchased":["Capacitor"],"campfire_rested":2,"item_purchase_floors":[10],"current_hp_per_floor":[70,70,70,70,69,69,69,26,33,33,21,60,60,41,80,59,59],"gold":233,"neow_bonus":"RANDOM_COMMON_RELIC","is_prod":false,"is_daily":false,"chose_seed":false,"campfire_upgraded":1,"win_rate":0,"timestamp":1548444239,"path_taken":["M","?","$","?","M","R","?","E","T","$","?","R","?","E","R","BOSS"],"build_version":"2019-01-23","purchased_purges":1,"victory":false,"max_hp_per_floor":[75,75,75,75,75,75,75,75,82,82,82,82,82,82,82,82,82],"card_choices":[{"not_picked":["Hello World","Compile Driver"],"picked":"Leap","floor":1.0},{"not_picked":["Tempest","Blizzard"],"picked":"Storm","floor":4.0},{"not_picked":["Go for the Eyes","Stack"],"picked":"Compile Driver","floor":5.0},{"not_picked":["Scrape","Stack"],"picked":"Force Field","floor":8.0},{"not_picked":["Hyperbeam","Steam"],"picked":"Creative AI","floor":14.0},{"not_picked":["Reboot","All For One"],"picked":"Machine Learning","floor":16.0}],"player_experience":80488,"relics_obtained":[{"floor":7.0,"key":"Lantern"},{"floor":8.0,"key":"Juzu Bracelet"},{"floor":9.0,"key":"Strawberry"},{"floor":14.0,"key":"Tiny Chest"}],"event_choices":[{"cards_removed":["Strike_B"],"damage_healed":0.0,"max_hp_gain":0.0,"max_hp_loss":0.0,"gold_gain":0.0,"event_name":"Bonfire Elementals","player_choice":"Offered Basic","floor":2.0,"gold_loss":0.0,"damage_taken":0.0},{"damage_healed":0.0,"max_hp_gain":0.0,"max_hp_loss":0.0,"gold_gain":0.0,"event_name":"Scrap Ooze","player_choice":"Success","floor":11.0,"gold_loss":0.0,"damage_taken":12.0,"relics_obtained":["Mummified Hand"]},{"damage_healed":0.0,"max_hp_gain":0.0,"max_hp_loss":0.0,"gold_gain":0.0,"event_name":"Accursed Blacksmith","player_choice":"Forge","floor":13.0,"gold_loss":0.0,"damage_taken":0.0,"cards_upgraded":["Force Field"]}],"is_beta":false,"boss_relics":[{"not_picked":["FrozenCore","Runic Pyramid"],"picked":"Inserter"}],"items_purged_floors":[3],"is_endless":false,"potions_floor_spawned":[1,4,8],"ascension_level":1}