{"gold_per_floor":[111,34,52,67,82,82,157,157,157,177,212,232,248,259,259,361,361,380,164,182,195,207,207,242,242,242,275,293,293,311,12,12,111,111,125,135,155,255,103,103,150,150,176,193,225,225,240,251,251,251],"floor_reached":51,"playtime":4301,"items_purged":[],"score":700,"play_id":"06fb9e5d-4e80-42bb-9958-db4aaa55299c","local_time":"20181128234943","is_ascension_mode":false,"campfire_choices":[{"data":"Chill","floor":6,"key":"SMITH"},{"data":"Self Repair","floor":8,"key":"SMITH"},{"data":"Hello World","floor":15,"key":"SMITH"},{"data":"White Noise","floor":23,"key":"SMITH"},{"floor":29,"key":"REST"},{"floor":32,"key":"REST"},{"data":"Buffer","floor":40,"key":"SMITH"},{"floor":42,"key":"REST"},{"floor":49,"key":"REST"}],"neow_cost":"NONE","seed_source_timestamp":398305663480355,"circlet_count":0,"master_deck":["Strike_B+1","Strike_B+1","Strike_B","Strike_B","Defend_B","Defend_B","Defend_B","Defend_B","Zap","Dualcast","Genetic Algorithm","Self Repair+1","Chill+1","Rip and Tear","Streamline","Hello World+1","FTL","Tempest","Redo","Electrodynamics","Doubt","Parasite","Force Field","White Noise+1","Go for the Eyes","Turbo+1","Storm+1","Heatsinks+1","Decay","Beam Cell+1","Rebound","Beam Cell+1","Buffer+1","Defragment","Glacier+1","Auto Shields+1","Go for the Eyes+1","Defragment","Cold Snap+1","Double Energy+1","Writhe","Storm+1","Leap+1"],"relics":["White Beast Statue","Bag of Marbles","Dodecahedron","Calling Bell","Art of War","Letter Opener","Du-Vu Doll","Oddly Smooth Stone","Happy Flower","Peace Pipe","Calipers","Whetstone","Bronze Scales","Empty Cage","Mango","Bag of Preparation","Incense Burner","Regal Pillow","Juzu Bracelet"],"potions_floor_usage":[10,11,16,20,21,24,27,30,33,33,33,33,37,41,41,41,41,44,45,47,50,50,50],"damage_taken":[{"damage":4,"enemies":"2 Louse","floor":1,"turns":3},{"damage":10,"enemies":"Small Slimes","floor":3,"turns":4},{"damage":2,"enemies":"Jaw Worm","floor":4,"turns":5},{"damage":0,"enemies":"Large Slime","floor":5,"turns":6},{"damage":1,"enemies":"Looter","floor":10,"turns":5},{"damage":27,"enemies":"Lagavulin","floor":11,"turns":8},{"damage":0,"enemies":"Gremlin Gang","floor":12,"turns":6},{"damage":0,"enemies":"Lots of Slimes","floor":13,"turns":6},{"damage":1,"enemies":"3 Louse","floor":14,"turns":3},{"damage":39,"enemies":"Hexaghost","floor":16,"turns":9},{"damage":0,"enemies":"Chosen","floor":18,"turns":4},{"damage":0,"enemies":"Shell Parasite","floor":20,"turns":5},{"damage":0,"enemies":"Snake Plant","floor":21,"turns":3},{"damage":0,"enemies":"Snecko","floor":22,"turns":5},{"damage":30,"enemies":"Book of Stabbing","floor":24,"turns":5},{"damage":23,"enemies":"Slavers","floor":27,"turns":3},{"damage":0,"enemies":"Cultist and Chosen","floor":28,"turns":5},{"damage":31,"enemies":"Snake Plant","floor":30,"turns":4},{"damage":5,"enemies":"Collector","floor":33,"turns":8},{"damage":0,"enemies":"3 Darklings","floor":35,"turns":3},{"damage":14,"enemies":"Orb Walker","floor":36,"turns":4},{"damage":19,"enemies":"Transient","floor":37,"turns":5},{"damage":0,"enemies":"Mind Bloom Boss Battle","floor":38,"turns":5},{"damage":11,"enemies":"2 Orb Walkers","floor":41,"turns":4},{"damage":9,"enemies":"Maw","floor":44,"turns":6},{"damage":27,"enemies":"Giant Head","floor":45,"turns":7},{"damage":46,"enemies":"Spire Growth","floor":47,"turns":4},{"damage":0,"enemies":"3 Darklings","floor":48,"turns":5},{"damage":26,"enemies":"Donu and Deca","floor":50,"turns":8}],"seed_played":"-1698362827030092312","potions_obtained":[{"floor":1,"key":"SkillPotion"},{"floor":3,"key":"Regen Potion"},{"floor":4,"key":"LiquidBronze"},{"floor":5,"key":"EssenceOfSteel"},{"floor":10,"key":"SkillPotion"},{"floor":11,"key":"EssenceOfSteel"},{"floor":12,"key":"EntropicBrew"},{"floor":16,"key":"FearPotion"},{"floor":20,"key":"Explosive Potion"},{"floor":21,"key":"EssenceOfSteel"},{"floor":24,"key":"Fire Potion"},{"floor":27,"key":"SpeedPotion"},{"floor":28,"key":"Regen Potion"},{"floor":30,"key":"LiquidBronze"},{"floor":33,"key":"Poison Potion"},{"floor":35,"key":"EntropicBrew"},{"floor":37,"key":"Swift Potion"},{"floor":38,"key":"PowerPotion"},{"floor":41,"key":"Poison Potion"},{"floor":44,"key":"Energy Potion"},{"floor":45,"key":"FearPotion"},{"floor":47,"key":"Poison Potion"}],"is_trial":false,"path_per_floor":["M","$","M","M","M","R","?","R","T","M","E","M","M","M","R","B",null,"M","$","M","M","M","R","E","?","T","E","M","R","M","$","R","B",null,"M","M","M","?","$","R","?","R","T","M","E","?","M","M","R","B",null],"character_chosen":"DEFECT","items_purchased":["Self Repair","Oddly Smooth Stone","White Noise","Whetstone","Bronze Scales","Bag of Preparation"],"campfire_rested":4,"item_purchase_floors":[2,19,19,31,31,39],"current_hp_per_floor":[71,71,68,73,75,75,64,64,64,73,56,66,75,75,75,36,75,75,75,75,75,75,75,55,55,55,42,42,64,55,55,75,75,75,75,71,52,76,76,76,65,89,89,89,72,89,53,63,89,73],"gold":251,"neow_bonus":"BOSS_RELIC","is_prod":false,"is_daily":false,"chose_seed":false,"campfire_upgraded":5,"win_rate":0.0,"timestamp":1543466983,"path_taken":["M","$","M","M","M","R","?","R","T","M","E","M","M","M","R","BOSS","M","$","M","M","M","R","E","?","T","E","M","R","M","$","R","BOSS","M","M","M","?","$","R","?","R","T","M","E","?","M","M","R","BOSS"],"build_version":"2018-11-15","purchased_purges":0,"victory":true,"max_hp_per_floor":[75,75,75,75,75,75,75,75,75,75,75,75,75,75,75,75,75,75,75,75,75,75,75,75,75,75,75,75,75,75,75,75,75,75,75,75,75,89,89,89,89,89,89,89,89,89,89,89,89,89],"card_choices":[{"not_picked":["Blizzard","Beam Cell"],"picked":"Genetic Algorithm","floor":1},{"not_picked":["Coolheaded","Compile Driver"],"picked":"Chill","floor":3},{"not_picked":["Steam Power","Streamline"],"picked":"Rip and Tear","floor":4},{"not_picked":["Barrage","Darkness"],"picked":"Consume","floor":5},{"not_picked":["Hologram","Rebound"],"picked":"Streamline","floor":10},{"not_picked":["Leap","Reinforced Body"],"picked":"Hello World","floor":11},{"not_picked":["Reinforced Body","Stack"],"picked":"FTL","floor":12},{"not_picked":["Beam Cell","Rebound"],"picked":"Tempest","floor":13},{"not_picked":["Chaos","Sweeping Beam"],"picked":"Redo","floor":14},{"not_picked":["Multi-Cast","Fission"],"picked":"Electrodynamics","floor":16},{"not_picked":["Darkness","Sweeping Beam"],"picked":"Force Field","floor":18},{"not_picked":["Coolheaded","Barrage"],"picked":"Go for the Eyes","floor":20},{"not_picked":["Glacier","Storm"],"picked":"Turbo+1","floor":21},{"not_picked":["Meteor Strike","Undo+1"],"picked":"Storm+1","floor":22},{"not_picked":["Leap","Redo"],"picked":"Heatsinks+1","floor":24},{"not_picked":["Glacier","FTL+1"],"picked":"Beam Cell+1","floor":27},{"not_picked":["Cold Snap","Reinforced Body"],"picked":"Rebound","floor":28},{"not_picked":["Static Discharge","Barrage"],"picked":"Beam Cell+1","floor":30},{"not_picked":["Biased Cognition","Meteor Strike"],"picked":"Buffer","floor":33},{"not_picked":["Rebound","Steam"],"picked":"Defragment","floor":35},{"not_picked":["Sweeping Beam","Steam"],"picked":"Glacier+1","floor":36},{"not_picked":["Consume","Gash"],"picked":"Auto Shields+1","floor":37},{"not_picked":["Sweeping Beam","Aggregate"],"picked":"Go for the Eyes+1","floor":38},{"not_picked":["Chaos+1","Reprogram+1"],"picked":"Defragment","floor":41},{"not_picked":["Coolheaded","Hologram"],"picked":"Cold Snap+1","floor":44},{"not_picked":["Steam Power","Chaos+1"],"picked":"Double Energy+1","floor":45},{"not_picked":["Steam Power","Tempest"],"picked":"Storm+1","floor":47},{"not_picked":["Steam Power+1","Ball Lightning+1"],"picked":"Leap+1","floor":48}],"player_experience":122588,"relics_obtained":[{"floor":9,"key":"Bag of Marbles"},{"floor":11,"key":"Dodecahedron"},{"floor":17,"key":"Art of War"},{"floor":17,"key":"Letter Opener"},{"floor":17,"key":"Du-Vu Doll"},{"floor":24,"key":"Happy Flower"},{"floor":26,"key":"Peace Pipe"},{"floor":27,"key":"Calipers"},{"floor":38,"key":"Mango"},{"floor":41,"key":"Incense Burner"},{"floor":43,"key":"Regal Pillow"},{"floor":45,"key":"Juzu Bracelet"}],"event_choices":[{"damage_healed":0,"gold_gain":75,"player_choice":"Gather Gold","damage_taken":11,"max_hp_gain":0,"max_hp_loss":0,"event_name":"World of Goop","floor":7,"gold_loss":0},{"damage_healed":0,"gold_gain":0,"player_choice":"Smashed Altar","damage_taken":0,"max_hp_gain":0,"max_hp_loss":0,"event_name":"Forgotten Altar","floor":25,"gold_loss":0,"cards_obtained":["Decay"]},{"damage_healed":0,"gold_gain":0,"player_choice":"Fight","damage_taken":0,"max_hp_gain":0,"max_hp_loss":0,"event_name":"MindBloom","floor":38,"gold_loss":0},{"damage_healed":0,"gold_gain":0,"player_choice":"Fight","damage_taken":0,"max_hp_gain":0,"max_hp_loss":0,"event_name":"Mysterious Sphere","floor":41,"gold_loss":0},{"damage_healed":22,"gold_gain":0,"player_choice":"Writhe","damage_taken":0,"max_hp_gain":0,"max_hp_loss":0,"event_name":"Winding Halls","floor":46,"gold_loss":0,"cards_obtained":["Writhe"]}],"is_beta":false,"boss_relics":[{"not_picked":["Coffee Dripper","Runic Pyramid"],"picked":"Calling Bell"},{"not_picked":["Sozu","Snecko Eye"],"picked":"Empty Cage"}],"items_purged_floors":[],"is_endless":false,"potions_floor_spawned":[1,3,4,5,10,11,12,13,14,16,18,20,21,22,24,27,28,30,33,35,36,37,38,41,44,45,47,48],"ascension_level":0}