{"gold_per_floor":[110,110,127,127,1,1,34,34,34,34,34,51,51,13,13,13],"floor_reached":16,"playtime":393,"items_purged":[],"score":115,"play_id":"733511af-8ae6-4aec-b789-51421e6cdb8d","local_time":"20180825155903","is_ascension_mode":true,"campfire_choices":[{"data":"Hemokinesis","floor":6,"key":"SMITH"},{"floor":10,"key":"REST"},{"data":"1","floor":15,"key":"LIFT"}],"neow_cost":"NONE","seed_source_timestamp":27230091735389,"circlet_count":0,"master_deck":["Strike_R","Strike_R","Strike_R","Strike_R","Strike_R","Defend_R","Defend_R","Defend_R","Defend_R","Pommel Strike","Flex","Hemokinesis+1","Perfected Strike","Armaments","Infernal Blade"],"relics":["Burning Blood","Girya","Shuriken","Mango"],"potions_floor_usage":[12,16],"damage_taken":[{"damage":9,"enemies":"2 Louse","floor":1,"turns":4},{"damage":12,"enemies":"Jaw Worm","floor":3,"turns":4},{"damage":44,"enemies":"3 Sentries","floor":7,"turns":9},{"damage":4,"enemies":"Small Slimes","floor":12,"turns":3},{"damage":70,"enemies":"The Guardian","floor":16,"turns":9}],"seed_played":"-5189234746049387985","potions_obtained":[{"floor":7,"key":"Dexterity Potion"},{"floor":12,"key":"Block Potion"}],"is_trial":false,"path_per_floor":["M","?","M","?","$","R","E","$","T","R","$","M","T","$","R"],"character_chosen":"IRONCLAD","items_purchased":["Flex","Hemokinesis","Infernal Blade"],"campfire_rested":1,"item_purchase_floors":[5,5,14],"current_hp_per_floor":[77,70,64,64,64,64,26,26,26,50,50,52,66,66,66,0],"gold":13,"neow_bonus":"ONE_RANDOM_RARE_CARD","is_prod":false,"is_daily":false,"chose_seed":false,"campfire_upgraded":1,"win_rate":0,"timestamp":1535205543,"path_taken":["M","?","?","?","?","R","E","$","T","R","$","M","?","?","R","BOSS"],"build_version":"2018-08-23v2","purchased_purges":0,"victory":false,"max_hp_per_floor":[80,80,80,80,80,80,80,80,80,80,80,80,94,94,94,94],"card_choices":[{"not_picked":["Anger","Flame Barrier","True Grit"],"picked":"SKIP","floor":1},{"not_picked":["Heavy Blade","Sword Boomerang"],"picked":"Pommel Strike","floor":3},{"not_picked":["Twin Strike","Combust"],"picked":"Perfected Strike","floor":7},{"not_picked":["Power Through","Heavy Blade"],"picked":"Armaments","floor":12}],"player_experience":56225,"relics_obtained":[{"floor":7,"key":"Girya"},{"floor":9,"key":"Shuriken"},{"floor":13,"key":"Mango"}],"event_choices":[{"event_name":"Golden Wing","player_choice":"Card Removal","floor":2,"damage_taken":0},{"event_name":"Bonfire Elementals","player_choice":"BASIC","floor":4,"damage_taken":0}],"is_beta":true,"boss_relics":[],"items_purged_floors":[],"is_endless":false,"potions_floor_spawned":[7,12],"killed_by":"The Guardian","ascension_level":4}