{"gold_per_floor":[115,135,26,101,29,29,45,45,70,84,84,103,123,133,133,230,230,242,142,159,169,182,182,193,193,193,118,118,218,218,237,237,336,336,355,355,355,371,371],"floor_reached":39,"playtime":3551,"items_purged":["Strike_G","Strike_G"],"score":425,"play_id":"90b73266-6b21-4d0a-a349-593af048175b","local_time":"20180921130609","is_ascension_mode":false,"campfire_choices":[{"data":"Noxious Fumes","floor":6,"key":"SMITH"},{"data":"Dodge and Roll","floor":8,"key":"SMITH"},{"floor":15,"key":"REST"},{"data":"Prepared","floor":23,"key":"SMITH"},{"floor":28,"key":"REST"},{"floor":30,"key":"REST"},{"floor":32,"key":"REST"}],"neow_cost":"","seed_source_timestamp":433941890251646,"circlet_count":0,"master_deck":["Defend_G","Defend_G+1","Defend_G+1","Defend_G","Defend_G","Strike_G+1","Survivor","Neutralize+1","Acrobatics","Noxious Fumes","Noxious Fumes+1","Dodge and Roll+1","After Image","Catalyst","Deadly Poison","Prepared+1","After Image","Well Laid Plans+1","Blur","Footwork","Malaise","Writhe","Backflip+1"],"relics":["Ring of the Snake","Whetstone","Lizard Tail","War Paint","Eternal Feather"],"potions_floor_usage":[16,18,20,22,31],"damage_taken":[{"damage":0,"enemies":"Cultist","floor":1,"turns":3},{"damage":0,"enemies":"2 Louse","floor":2,"turns":4},{"damage":3,"enemies":"Jaw Worm","floor":7,"turns":4},{"damage":3,"enemies":"Large Slime","floor":10,"turns":6},{"damage":20,"enemies":"Gremlin Gang","floor":12,"turns":4},{"damage":0,"enemies":"Blue Slaver","floor":13,"turns":4},{"damage":4,"enemies":"Exordium Thugs","floor":14,"turns":6},{"damage":0,"enemies":"Hexaghost","floor":16,"turns":7},{"damage":5,"enemies":"Chosen","floor":18,"turns":6},{"damage":6,"enemies":"Spheric Guardian","floor":20,"turns":6},{"damage":17,"enemies":"Chosen and Byrds","floor":21,"turns":8},{"damage":31,"enemies":"3 Cultists","floor":22,"turns":6},{"damage":8,"enemies":"Snake Plant","floor":24,"turns":6},{"damage":8,"enemies":"Centurion and Healer","floor":31,"turns":9},{"damage":42,"enemies":"Collector","floor":33,"turns":12},{"damage":39,"enemies":"3 Darklings","floor":35,"turns":6},{"damage":15,"enemies":"Orb Walker","floor":38,"turns":7},{"damage":112,"enemies":"Transient","floor":39,"turns":5}],"seed_played":"-3931067470445631702","potions_obtained":[{"floor":2,"key":"GamblersBrew"},{"floor":7,"key":"Poison Potion"},{"floor":12,"key":"Dexterity Potion"},{"floor":20,"key":"Energy Potion"},{"floor":21,"key":"PowerPotion"},{"floor":22,"key":"SteroidPotion"},{"floor":33,"key":"Poison Potion"},{"floor":35,"key":"LiquidBronze"}],"is_trial":false,"path_per_floor":["M","M","$","?","$","R","M","R","T","M","?","M","M","M","R","B",null,"M","$","M","M","M","R","M","?","T","?","R","?","R","M","R","B",null,"M","$","?","M"],"character_chosen":"THE_SILENT","items_purchased":["Noxious Fumes","Noxious Fumes"],"campfire_rested":4,"item_purchase_floors":[3,5],"current_hp_per_floor":[70,70,70,59,59,59,56,56,56,53,53,33,33,29,50,50,70,65,65,59,42,11,11,3,3,3,3,24,24,45,37,58,16,70,31,31,49,34,0],"gold":371,"neow_bonus":"","is_prod":false,"is_daily":false,"chose_seed":false,"campfire_upgraded":3,"win_rate":0.0,"timestamp":1537553169,"path_taken":["M","M","$","?","$","R","M","R","T","M","?","M","?","M","R","BOSS","M","$","M","M","M","R","M","?","T","?","R","?","R","M","R","BOSS","M","$","?","M","M"],"build_version":"2018-09-20","purchased_purges":2,"victory":false,"max_hp_per_floor":[70,70,70,70,70,70,70,70,70,70,70,70,70,70,70,70,70,70,70,70,70,70,70,70,70,70,70,70,70,70,70,70,70,70,70,70,70,70,70],"card_choices":[{"not_picked":["Dagger Spray","Slice","Sucker Punch"],"picked":"SKIP","floor":1},{"not_picked":["Dodge and Roll","Dagger Spray"],"picked":"Acrobatics","floor":2},{"not_picked":["Underhanded Strike","Quick Slash"],"picked":"Dodge and Roll","floor":7},{"not_picked":["Prepared","Distraction"],"picked":"After Image","floor":10},{"not_picked":["PiercingWail","Backstab"],"picked":"Catalyst","floor":12},{"not_picked":["Dagger Throw","Dagger Spray"],"picked":"Deadly Poison","floor":13},{"not_picked":["Masterful Stab","Terror"],"picked":"Prepared","floor":14},{"not_picked":["Die Die Die","Glass Knife"],"picked":"After Image","floor":16},{"not_picked":["Finisher","Infinite Blades","Deflect"],"picked":"SKIP","floor":18},{"not_picked":["Blur","Poisoned Stab+1"],"picked":"Well Laid Plans+1","floor":20},{"not_picked":["Infinite Blades+1","Expertise"],"picked":"Blur","floor":21},{"not_picked":["Prepared+1","Underhanded Strike"],"picked":"Footwork","floor":22},{"not_picked":["Prepared+1","Dodge and Roll","Blade Dance+1"],"picked":"SKIP","floor":24},{"not_picked":["Predator","Underhanded Strike","Dagger Throw"],"picked":"SKIP","floor":31},{"not_picked":["Unload","Wraith Form v2"],"picked":"Malaise","floor":33},{"not_picked":["Dodge and Roll","Deflect","Acrobatics+1"],"picked":"SKIP","floor":35},{"not_picked":["Expertise+1","Noxious Fumes"],"picked":"Backflip+1","floor":38}],"player_experience":67484,"relics_obtained":[{"floor":9,"key":"Whetstone"},{"floor":26,"key":"War Paint"}],"event_choices":[{"event_name":"World of Goop","player_choice":"Gather Gold","floor":4,"damage_taken":0},{"event_name":"Purifier","player_choice":"One Purge","floor":11,"damage_taken":0},{"event_name":"Cursed Tome","player_choice":"Ignored","floor":25,"damage_taken":0},{"event_name":"Beggar","player_choice":"Gave Gold","floor":27,"damage_taken":0},{"event_name":"Golden Shrine","player_choice":"Pray","floor":29,"damage_taken":0},{"event_name":"Winding Halls","player_choice":"Writhe","floor":37,"damage_taken":0}],"is_beta":false,"boss_relics":[{"not_picked":["Calling Bell","Runic Pyramid"],"picked":"Lizard Tail"},{"not_picked":["Empty Cage","Snecko Eye"],"picked":"Eternal Feather"}],"items_purged_floors":[3,19],"is_endless":false,"potions_floor_spawned":[2,7,12,13,14,20,21,22,33,35],"killed_by":"Transient","ascension_level":0}