{"gold_per_floor":[114,114,129,154,169,184,214,214,214,244,259,289,304,319,319,419,469,484,484,584,0,15,15,45,60,60,60,60,75,105,120,120,220,220,235,250,250,472,487,487,517,532,582,597,597,16,60,90,90,90],"floor_reached":51,"playtime":1744,"items_purged":[],"score":1544,"play_id":"88cf1c93-525e-4557-befb-9eed8f6d3ce1","local_time":"20180823084350","daily_mods":["Insanity","Binary","Hoarder"],"is_ascension_mode":false,"campfire_choices":[{"data":"True Grit","floor":8,"key":"SMITH"},{"floor":15,"key":"REST"},{"data":"Mind Blast","floor":23,"key":"SMITH"},{"data":"Mind Blast","floor":27,"key":"SMITH"},{"data":"Mind Blast","floor":32,"key":"SMITH"},{"floor":40,"key":"REST"},{"floor":49,"key":"REST"}],"neow_cost":"","seed_source_timestamp":0,"circlet_count":0,"master_deck":["Reckless Charge","Carnage","Double Tap","Iron Wave","Shrug It Off+1","Wild Strike","Rupture","Metallicize","Anger","Intimidate","Shrug It Off","Exhume","Disarm","Thunderclap","Ghostly Armor","Reaper","Twin Strike","Demon Form","Dark Embrace","Shrug It Off+1","Bludgeon","Juggernaut","Perfected Strike","Seeing Red","Defend_R","Seeing Red","Dual Wield","Bash","Warcry","Inflame","Searing Blow","True Grit+1","Fire Breathing","Dropkick","True Grit","Twin Strike","Dual Wield","Clash","Clothesline","Dual Wield+1","Feel No Pain","Reckless Charge","Dual Wield+1","Entrench","Reaper","Whirlwind","Twin Strike","Armaments","Combust","Entrench","Clash","Clash","Clash","Perfected Strike","Perfected Strike","Perfected Strike","Headbutt","Headbutt","Headbutt","Shrug It Off","Shrug It Off","Shrug It Off","Sword Boomerang","Sword Boomerang","Sword Boomerang","Thunderclap","Thunderclap","Thunderclap","Disarm","Disarm","Disarm","Brutality","Brutality","Brutality","Perfected Strike","Perfected Strike","Perfected Strike","Double Tap","Double Tap","Double Tap","Entrench","Entrench","Entrench","Pummel","Pummel","Pummel","Carnage","Carnage","Carnage","Perfected Strike+1","Perfected Strike+1","Perfected Strike+1","Mind Blast+1","Mind Blast+1","Mind Blast+1","Flex","Flex","Flex","Shrug It Off","Shrug It Off","Shrug It Off","Thunderclap","Thunderclap","Thunderclap","Metallicize","Metallicize","Metallicize","Rampage","Rampage","Rampage","Warcry","Warcry","Warcry","Shrug It Off","Shrug It Off","Shrug It Off","Offering","Offering","Offering","Twin Strike","Twin Strike","Twin Strike","Armaments+1","Armaments+1","Armaments+1","Dropkick+1","Dropkick+1","Dropkick+1","Bludgeon","Bludgeon","Bludgeon","Spot Weakness+1","Spot Weakness+1","Spot Weakness+1","True Grit+1","True Grit+1","True Grit+1","Madness+1","Madness+1","Madness+1","Madness+1","Madness+1","Madness+1","Perfected Strike","Perfected Strike","Perfected Strike","Spot Weakness+1","Spot Weakness+1","Spot Weakness+1","Sword Boomerang","Sword Boomerang","Sword Boomerang","Armaments+1","Armaments+1","Armaments+1","Flex+1","Flex+1","Flex+1","Sword Boomerang","Sword Boomerang","Sword Boomerang","Limit Break+1","Limit Break+1","Limit Break+1","Dual Wield+1","Dual Wield+1","Dual Wield+1","Sword Boomerang+1","Sword Boomerang+1","Sword Boomerang+1"],"special_seed":17766,"relics":["Burning Blood","War Paint","Dodecahedron","Juzu Bracelet","Bottled Tornado","Lantern","Tiny House","Red Mask","Turnip","Darkstone Periapt","Kunai","Question Card","Mummified Hand","Toxic Egg 2","Sundial","Fusion Hammer","Pantograph","Oddly Smooth Stone","Magic Flower","Ornamental Fan","Toolbox","Gambling Chip","Molten Egg 2"],"potions_floor_usage":[7,10,16,18,18,18,19,19,19,50,50,50],"damage_taken":[{"damage":0,"enemies":"Jaw Worm","floor":1,"turns":3},{"damage":6,"enemies":"Cultist","floor":3,"turns":3},{"damage":0,"enemies":"2 Louse","floor":5,"turns":2},{"damage":8,"enemies":"Gremlin Gang","floor":6,"turns":3},{"damage":0,"enemies":"Lagavulin","floor":7,"turns":5},{"damage":0,"enemies":"3 Sentries","floor":10,"turns":5},{"damage":21,"enemies":"Exordium Thugs","floor":11,"turns":4},{"damage":26,"enemies":"Gremlin Nob","floor":12,"turns":5},{"damage":0,"enemies":"Lots of Slimes","floor":13,"turns":1},{"damage":1,"enemies":"2 Fungi Beasts","floor":14,"turns":2},{"damage":43,"enemies":"The Guardian","floor":16,"turns":9},{"damage":22,"enemies":"2 Thieves","floor":18,"turns":3},{"damage":3,"floor":19,"turns":4},{"damage":20,"floor":20,"turns":3},{"damage":33,"floor":20,"turns":4},{"damage":0,"enemies":"Shell Parasite","floor":22,"turns":1},{"damage":5,"enemies":"Slavers","floor":24,"turns":3},{"damage":0,"enemies":"Centurion and Healer","floor":25,"turns":1},{"damage":0,"enemies":"Cultist and Chosen","floor":29,"turns":1},{"damage":0,"enemies":"Gremlin Leader","floor":30,"turns":1},{"damage":0,"enemies":"Snecko","floor":31,"turns":1},{"damage":0,"enemies":"Automaton","floor":33,"turns":1},{"damage":0,"enemies":"Orb Walker","floor":35,"turns":1},{"damage":0,"enemies":"3 Darklings","floor":36,"turns":1},{"damage":0,"enemies":"Flame Bruiser 2 Orb","floor":39,"turns":1},{"damage":0,"enemies":"Giant Head","floor":41,"turns":1},{"damage":0,"enemies":"Spire Growth","floor":42,"turns":1},{"damage":3,"enemies":"Transient","floor":44,"turns":5},{"damage":0,"floor":45,"turns":1},{"damage":0,"floor":47,"turns":1},{"damage":0,"enemies":"Nemesis","floor":48,"turns":1},{"damage":49,"enemies":"Awakened One","floor":50,"turns":6}],"seed_played":"633193296058416102","potions_obtained":[{"floor":3,"key":"Explosive Potion"},{"floor":6,"key":"Weak Potion"},{"floor":14,"key":"Fire Potion"},{"floor":16,"key":"Ancient Potion"},{"floor":17,"key":"EntropicBrew"},{"floor":18,"key":"BloodPotion"},{"floor":20,"key":"LiquidBronze"},{"floor":29,"key":"Swift Potion"},{"floor":30,"key":"Regen Potion"},{"floor":44,"key":"EssenceOfSteel"},{"floor":48,"key":"SkillPotion"}],"is_trial":false,"path_per_floor":["M","?","M","T","M","M","E","R","T","E","M","E","M","M","R","B",null,"M","?","?","$","M","R","E","M","T","R","?","M","E","M","R","B",null,"M","M","?","?","M","R","E","M","T","M","?","$","?","E","R","B"],"character_chosen":"IRONCLAD","items_purchased":["Kunai","Mind Blast","Flex","Shrug It Off","Thunderclap","Metallicize","Rampage","Ornamental Fan","Toolbox","Sword Boomerang","Limit Break+1"],"campfire_rested":3,"item_purchase_floors":[21,21,21,21,21,21,21,46,46,46,46],"current_hp_per_floor":[80,80,80,80,80,78,80,80,80,80,71,51,57,74,80,43,85,69,80,60,60,66,66,67,73,73,73,73,79,85,85,85,85,85,85,85,74,74,80,85,85,85,85,85,85,85,85,85,85,45],"gold":90,"neow_bonus":"","is_prod":false,"is_daily":true,"chose_seed":false,"campfire_upgraded":4,"win_rate":0,"timestamp":1535006630,"path_taken":["M","?","?","?","?","M","E","R","T","E","M","E","M","M","R","BOSS","M","?","?","$","M","R","E","M","T","R","?","M","E","M","R","BOSS","M","M","?","?","M","R","E","M","T","M","?","$","?","E","R","BOSS"],"build_version":"2018-08-21","purchased_purges":0,"victory":true,"max_hp_per_floor":[80,80,80,80,80,80,80,80,80,80,80,80,80,80,80,80,85,85,85,85,85,85,85,85,85,85,85,85,85,85,85,85,85,85,85,85,85,85,85,85,85,85,85,85,85,85,85,85,85,85],"card_choices":[{"not_picked":["Flex"],"picked":"Clash","floor":1},{"not_picked":["Fire Breathing"],"picked":"Perfected Strike","floor":3},{"not_picked":["Combust"],"picked":"Headbutt","floor":5},{"not_picked":["Sword Boomerang"],"picked":"Shrug It Off","floor":6},{"not_picked":["Hemokinesis"],"picked":"Sword Boomerang","floor":7},{"not_picked":["Headbutt"],"picked":"Thunderclap","floor":10},{"not_picked":["Blood for Blood"],"picked":"Disarm","floor":11},{"not_picked":["Anger"],"picked":"Brutality","floor":12},{"not_picked":["Twin Strike"],"picked":"Perfected Strike","floor":13},{"not_picked":["Anger","Searing Blow"],"picked":"SKIP","floor":14},{"not_picked":["Dark Embrace"],"picked":"Double Tap","floor":16},{"not_picked":["Havoc"],"picked":"Entrench","floor":17},{"not_picked":["Body Slam"],"picked":"Pummel","floor":18},{"not_picked":["Wild Strike"],"picked":"Carnage","floor":19},{"not_picked":["Sword Boomerang"],"picked":"Perfected Strike+1","floor":20},{"not_picked":["Havoc"],"picked":"Warcry","floor":22},{"not_picked":["Clothesline"],"picked":"Shrug It Off","floor":24},{"not_picked":["Pommel Strike","Body Slam"],"picked":"Offering","floor":25},{"not_picked":["Wild Strike","Heavy Blade"],"picked":"Twin Strike","floor":29},{"not_picked":["Sever Soul","Combust"],"picked":"Armaments+1","floor":30},{"not_picked":["Burning Pact+1","Sever Soul"],"picked":"Dropkick+1","floor":31},{"not_picked":["Dark Embrace","Fiend Fire"],"picked":"Bludgeon","floor":33},{"not_picked":["True Grit+1","Wild Strike+1"],"picked":"Spot Weakness+1","floor":35},{"not_picked":["Whirlwind","Headbutt+1"],"picked":"True Grit+1","floor":36},{"not_picked":["Heavy Blade","Cleave"],"picked":"Perfected Strike","floor":39},{"not_picked":["Limit Break+1","Uppercut+1"],"picked":"Spot Weakness+1","floor":41},{"not_picked":["Cleave+1","Body Slam+1"],"picked":"Sword Boomerang","floor":42},{"not_picked":["Anger","Cleave"],"picked":"Armaments+1","floor":44},{"not_picked":["True Grit+1","Headbutt"],"picked":"Flex+1","floor":45},{"not_picked":["Havoc+1","Body Slam"],"picked":"Dual Wield+1","floor":47},{"not_picked":["Reaper","True Grit+1"],"picked":"Sword Boomerang","floor":48}],"player_experience":36132,"relics_obtained":[{"floor":4,"key":"War Paint"},{"floor":7,"key":"Dodecahedron"},{"floor":9,"key":"Juzu Bracelet"},{"floor":10,"key":"Bottled Tornado"},{"floor":12,"key":"Lantern"},{"floor":19,"key":"Red Mask"},{"floor":20,"key":"Turnip"},{"floor":20,"key":"Darkstone Periapt"},{"floor":24,"key":"Question Card"},{"floor":26,"key":"Mummified Hand"},{"floor":30,"key":"Sundial"},{"floor":41,"key":"Pantograph"},{"floor":43,"key":"Oddly Smooth Stone"},{"floor":45,"key":"Magic Flower"},{"floor":47,"key":"Gambling Chip"},{"floor":48,"key":"Molten Egg 2"}],"event_choices":[{"event_name":"Upgrade Shrine","player_choice":"Upgraded","floor":2,"damage_taken":0},{"event_name":"Masked Bandits","player_choice":"Fought Bandits","floor":19,"damage_taken":0},{"event_name":"Colosseum","player_choice":"Fight","floor":20,"damage_taken":0},{"event_name":"Colosseum","player_choice":"Fight","floor":20,"damage_taken":0},{"event_name":"The Mausoleum","player_choice":"Yes","floor":28,"damage_taken":0},{"event_name":"Winding Halls","player_choice":"Embrace Madness","floor":37,"damage_taken":0},{"event_name":"Tomb of Lord Red Mask","player_choice":"Wore Mask","floor":38,"damage_taken":0},{"event_name":"MindBloom","player_choice":"Fight","floor":45,"damage_taken":0},{"event_name":"Mysterious Sphere","player_choice":"Fight","floor":47,"damage_taken":0}],"is_beta":true,"boss_relics":[{"not_picked":["Velvet Choker","Pandora\u0027s Box"],"picked":"Tiny House"},{"not_picked":["Coffee Dripper","Sozu"],"picked":"Fusion Hammer"}],"items_purged_floors":[],"is_endless":false,"potions_floor_spawned":[3,6,14,16,18,20,29,30,33,41,44,48],"ascension_level":0}