{"gold_per_floor":[112,62,62,80,80,105,115,132,132,132,159,174,205,205,205,308,308,324,324,2,2,15,15,48,48,101,119,119,153,184,184,184,285,285,298,348,348,348,570,605,605,615,665,515,543,543,543,1,1,1,1,1,1,28,28],"floor_reached":56,"playtime":3548,"items_purged":["Strike_R"],"score":1792,"play_id":"ce7c8317-2c7b-4b36-8548-2dcccfaffedf","local_time":"20190108023652","is_ascension_mode":true,"campfire_choices":[{"data":"Cleave","floor":10,"key":"SMITH"},{"floor":15,"key":"REST"},{"data":"Corruption","floor":23,"key":"SMITH"},{"floor":25,"key":"RECALL"},{"floor":28,"key":"REST"},{"floor":32,"key":"REST"},{"floor":41,"key":"REST"},{"data":"Juggernaut","floor":46,"key":"SMITH"},{"data":"Blind","floor":49,"key":"SMITH"},{"floor":52,"key":"REST"}],"neow_cost":"NONE","seed_source_timestamp":1749045851366481,"circlet_count":0,"master_deck":["Defend_R","Defend_R","Defend_R","Defend_R","Bash","Flex","Cleave+1","Inflame","Havoc","Anger","Corruption+1","Dark Embrace","Flex","Flex+1","Ghostly Armor+1","Cleave+1","True Grit","Juggernaut+1","Infernal Blade+1","Blind+1","Seeing Red+1","Metallicize"],"relics":["Burning Blood","NeowsBlessing","GremlinMask","Juzu Bracelet","Mercury Hourglass","Dead Branch","WingedGreaves","Snecko Eye","Letter Opener","Peace Pipe","Orichalcum","Red Mask","Darkstone Periapt","Sozu","War Paint","Red Skull","Oddly Smooth Stone","Strawberry","Nunchaku","Kunai","Mango","Mummified Hand","Bottled Lightning"],"potions_floor_usage":[16,18,24,24,24,33,33,50,50],"damage_taken":[{"damage":0,"enemies":"Small Slimes","floor":1,"turns":1},{"damage":0,"enemies":"Jaw Worm","floor":4,"turns":1},{"damage":0,"enemies":"Lagavulin","floor":6,"turns":1},{"damage":6,"enemies":"Cultist","floor":7,"turns":3},{"damage":13,"enemies":"Red Slaver","floor":8,"turns":6},{"damage":31,"enemies":"Gremlin Nob","floor":11,"turns":4},{"damage":19,"enemies":"Exordium Thugs","floor":12,"turns":3},{"damage":20,"enemies":"3 Sentries","floor":13,"turns":4},{"damage":35,"enemies":"Hexaghost","floor":16,"turns":6},{"damage":14,"enemies":"2 Thieves","floor":18,"turns":2},{"damage":0,"enemies":"Spheric Guardian","floor":22,"turns":3},{"damage":14,"enemies":"Book of Stabbing","floor":24,"turns":3},{"damage":0,"enemies":"Snake Plant","floor":27,"turns":2},{"damage":0,"enemies":"Masked Bandits","floor":29,"turns":2},{"damage":13,"enemies":"Gremlin Leader","floor":30,"turns":4},{"damage":19,"enemies":"Champ","floor":33,"turns":7},{"damage":18,"enemies":"3 Shapes","floor":35,"turns":3},{"damage":2,"enemies":"Giant Head","floor":40,"turns":3},{"damage":0,"enemies":"3 Darklings","floor":42,"turns":1},{"damage":0,"enemies":"Reptomancer","floor":45,"turns":2},{"damage":38,"enemies":"Time Eater","floor":50,"turns":7},{"damage":14,"enemies":"Shield and Spear","floor":54,"turns":3},{"damage":45,"enemies":"The Heart","floor":55,"turns":4}],"seed_played":"4805663559618542117","potions_obtained":[{"floor":11,"key":"GamblersBrew"},{"floor":13,"key":"PowerPotion"},{"floor":16,"key":"BloodPotion"},{"floor":22,"key":"EntropicBrew"},{"floor":29,"key":"Dexterity Potion"},{"floor":33,"key":"Weak Potion"}],"is_trial":false,"path_per_floor":["M","?","?","M","?","E","M","M","T","R","E","M","E","?","R","B",null,"M","T","$","?","M","R","E","R","T","M","R","?","E","?","R","B",null,"M","T","?","?","?","E","R","M","T","$","E","R","T","$","R","B",null,"R","$","E","B",null],"character_chosen":"IRONCLAD","items_purchased":["Letter Opener","Strawberry","Mango","Mummified Hand"],"campfire_rested":5,"item_purchase_floors":[20,44,48,48],"current_hp_per_floor":[78,78,71,77,77,80,80,73,73,73,48,35,21,21,45,16,64,56,56,56,56,62,62,62,62,62,68,80,80,73,65,80,67,77,65,65,65,65,65,69,80,80,80,87,87,87,87,101,101,69,93,101,101,93,54],"gold":28,"neow_bonus":"THREE_ENEMY_KILL","is_prod":false,"is_daily":false,"chose_seed":false,"campfire_upgraded":4,"win_rate":0,"timestamp":1546933012,"path_taken":["M","?","?","M","?","E","M","M","T","R","E","M","E","?","R","BOSS","M","?","?","?","M","R","E","R","T","M","R","?","E","?","R","BOSS","M","?","?","?","?","E","R","M","T","?","E","R","?","$","R","BOSS","R","$","E","BOSS"],"build_version":"2019-01-03v4","purchased_purges":1,"victory":true,"max_hp_per_floor":[80,80,80,80,80,80,80,80,80,80,80,80,80,80,80,80,80,80,80,80,80,80,80,80,80,80,80,80,80,80,80,80,80,80,80,80,80,80,80,80,80,80,80,87,87,87,87,101,101,101,101,101,101,101,101],"card_choices":[{"not_picked":["Perfected Strike","Warcry"],"picked":"Flex","floor":1},{"not_picked":["Heavy Blade","True Grit"],"picked":"Cleave","floor":4},{"not_picked":["Cleave","Disarm"],"picked":"Inflame","floor":6},{"not_picked":["Entrench","Warcry","Clash"],"picked":"SKIP","floor":7},{"not_picked":["Perfected Strike","Clash"],"picked":"Havoc","floor":8},{"not_picked":["Flex","Whirlwind"],"picked":"Anger","floor":11},{"not_picked":["Dropkick","Cleave"],"picked":"Corruption","floor":12},{"not_picked":["Sword Boomerang","Corruption"],"picked":"Iron Wave","floor":13},{"not_picked":["Brutality","Exhume"],"picked":"Dark Embrace","floor":16},{"not_picked":["Power Through+1","Corruption"],"picked":"Flex","floor":18},{"not_picked":["Sword Boomerang","Wild Strike"],"picked":"Flex","floor":22},{"not_picked":["Fiend Fire","Sever Soul+1"],"picked":"Ghostly Armor","floor":24},{"not_picked":["Clash","Fire Breathing+1","Second Wind"],"picked":"SKIP","floor":27},{"not_picked":["Sword Boomerang","Intimidate"],"picked":"Cleave+1","floor":29},{"not_picked":["Sword Boomerang","Bloodletting"],"picked":"True Grit","floor":30},{"not_picked":["Exhume","Offering"],"picked":"Juggernaut","floor":33},{"not_picked":["Cleave+1","Wild Strike"],"picked":"Infernal Blade+1","floor":35},{"not_picked":["Enlightenment","HandOfGreed"],"picked":"Blind","floor":37},{"not_picked":["Cleave+1","Spot Weakness","Blood for Blood"],"picked":"SKIP","floor":40},{"not_picked":["Headbutt+1","Uppercut+1"],"picked":"Seeing Red+1","floor":42},{"not_picked":["Twin Strike","Carnage","Cleave"],"picked":"SKIP","floor":45},{"not_picked":["Perfected Strike+1","Warcry+1"],"picked":"Metallicize","floor":54}],"player_experience":434962,"relics_obtained":[{"floor":6,"key":"Juzu Bracelet"},{"floor":9,"key":"Mercury Hourglass"},{"floor":11,"key":"Dead Branch"},{"floor":13,"key":"WingedGreaves"},{"floor":24,"key":"Peace Pipe"},{"floor":26,"key":"Orichalcum"},{"floor":29,"key":"Red Mask"},{"floor":30,"key":"Darkstone Periapt"},{"floor":36,"key":"War Paint"},{"floor":40,"key":"Red Skull"},{"floor":43,"key":"Oddly Smooth Stone"},{"floor":45,"key":"Nunchaku"},{"floor":47,"key":"Kunai"},{"floor":54,"key":"Bottled Lightning"}],"event_choices":[{"cards_removed":["Strike_R"],"damage_healed":0,"gold_gain":0,"player_choice":"Card Removal","damage_taken":0,"max_hp_gain":0,"max_hp_loss":0,"event_name":"The Cleric","floor":2,"gold_loss":50},{"cards_removed":["Strike_R"],"damage_healed":0,"gold_gain":0,"player_choice":"Card Removal","damage_taken":7,"max_hp_gain":0,"max_hp_loss":0,"event_name":"Golden Wing","floor":3,"gold_loss":0},{"damage_healed":0,"gold_gain":0,"player_choice":"Trade","damage_taken":0,"relics_obtained":["GremlinMask"],"max_hp_gain":0,"max_hp_loss":0,"event_name":"FaceTrader","floor":5,"gold_loss":0},{"cards_removed":["Strike_R"],"damage_healed":0,"gold_gain":0,"player_choice":"Purged","damage_taken":0,"max_hp_gain":0,"max_hp_loss":0,"event_name":"Purifier","floor":14,"gold_loss":0},{"cards_removed":["Strike_R"],"damage_healed":0,"gold_gain":0,"player_choice":"Purged","damage_taken":0,"max_hp_gain":0,"max_hp_loss":0,"event_name":"Purifier","floor":21,"gold_loss":0},{"damage_healed":0,"gold_gain":0,"player_choice":"Fought Bandits","damage_taken":0,"max_hp_gain":0,"max_hp_loss":0,"event_name":"Masked Bandits","floor":29,"gold_loss":0},{"damage_healed":0,"gold_gain":0,"player_choice":"Damaged","damage_taken":8,"max_hp_gain":0,"max_hp_loss":0,"event_name":"Wheel of Change","floor":31,"gold_loss":0},{"damage_healed":0,"gold_gain":0,"player_choice":"Memory 1","damage_taken":0,"max_hp_gain":0,"max_hp_loss":0,"event_name":"SensoryStone","floor":37,"gold_loss":0},{"cards_removed":["Iron Wave"],"damage_healed":0,"gold_gain":0,"player_choice":"Removed Attack","damage_taken":0,"max_hp_gain":0,"max_hp_loss":0,"event_name":"Falling","floor":38,"gold_loss":0},{"damage_healed":0,"gold_gain":222,"player_choice":"Wore Mask","damage_taken":0,"max_hp_gain":0,"max_hp_loss":0,"event_name":"Tomb of Lord Red Mask","floor":39,"gold_loss":0}],"is_beta":false,"boss_relics":[{"not_picked":["Fusion Hammer","Mark of Pain"],"picked":"Snecko Eye"},{"not_picked":["Tiny House","White Beast Statue"],"picked":"Sozu"}],"items_purged_floors":[20],"is_endless":false,"potions_floor_spawned":[11,13,16,22,29,33,35,40],"ascension_level":8}