{"path_per_floor":["M","?","$","M","?","R","E","M","T","R","M","E","M","M","R","B",null,"M","M","M","$","M","R","M","$","T","?","R","M","R","M","R","B",null,"M","?","$"],"character_chosen":"IRONCLAD","items_purchased":["Searing Blow","Double Tap","Apotheosis"],"gold_per_floor":[116,116,34,52,2,2,33,54,129,129,148,189,210,223,223,344,344,359,384,408,176,191,191,216,19,19,19,19,42,42,60,60,190,190,215,215,115],"floor_reached":38,"campfire_rested":2,"playtime":1831,"current_hp_per_floor":[80,60,60,66,66,66,64,57,57,57,54,15,17,15,39,10,80,66,56,43,43,45,45,34,34,34,34,34,36,36,27,51,33,80,28,18,18],"items_purged":["Strike_R","Strike_R"],"gold":115,"play_id":"a02d535d-2f09-4b16-b485-49c4864893ec","is_prod":false,"is_daily":false,"campfire_rituals":0,"campfire_upgraded":4,"is_hardmode":false,"path_taken":["M","?","$","M","?","R","E","M","T","R","M","E","M","M","R","BOSS","M","M","M","$","M","R","M","$","T","?","R","M","R","M","R","BOSS","M","?","$","M"],"build_version":"2018-01-18-PROD4","purchased_purges":2,"victory":false,"master_deck":["Strike_R","Strike_R","Defend_R","Defend_R","Defend_R","Defend_R","Bash","Metallicize","Searing Blow","Pommel Strike","Whirlwind","Flame Barrier","Headbutt","Impervious","Armaments","Offering","Double Tap","Entrench","Battle Trance","Apotheosis","Inflame","Exhume","Madness","Madness"],"max_hp_per_floor":[80,80,80,80,80,80,80,80,80,80,80,80,80,80,80,80,80,80,80,80,80,80,80,80,80,80,80,80,80,80,80,80,80,80,80,80,80],"relics":["Burning Blood","NeowsBlessing","Golden Idol","Omamori","Bottled Lightning","Happy Flower","Cursed Key","Girya","Philosopher\u0027s Stone"],"campfire_meditates":0,"card_choices":[{"not_picked":["Iron Wave","Armaments"],"picked":"Metallicize"},{"not_picked":["Anger","Intimidate"],"picked":"Pommel Strike"},{"not_picked":["Uppercut","Anger"],"picked":"Whirlwind"},{"not_picked":["Warcry","Carnage"],"picked":"Flame Barrier"},{"not_picked":["Dropkick","Iron Wave"],"picked":"Headbutt"},{"not_picked":["Infernal Blade","Headbutt"],"picked":"Impervious"},{"not_picked":["Clash","Clothesline"],"picked":"Armaments"},{"not_picked":["Fiend Fire","Reaper"],"picked":"Offering"},{"not_picked":["Anger","Body Slam"],"picked":"Entrench"},{"not_picked":["Pommel Strike","Cleave"],"picked":"Battle Trance"},{"not_picked":["Evolve","Disarm"],"picked":"Inflame"},{"not_picked":["Juggernaut","Dark Embrace"],"picked":"Exhume"}],"player_experience":163195,"potions_floor_usage":[22,33,33],"damage_taken":[{"damage":0.0,"enemies":"Small Slimes","floor":1.0,"turns":1.0},{"damage":0.0,"enemies":"2 Louse","floor":4.0,"turns":1.0},{"damage":8.0,"enemies":"3 Sentries","floor":7.0,"turns":2.0},{"damage":13.0,"enemies":"Jaw Worm","floor":8.0,"turns":4.0},{"damage":9.0,"enemies":"2 Fungi Beasts","floor":11.0,"turns":3.0},{"damage":45.0,"enemies":"Lagavulin","floor":12.0,"turns":7.0},{"damage":4.0,"enemies":"Looter","floor":13.0,"turns":4.0},{"damage":8.0,"enemies":"Large Slime","floor":14.0,"turns":5.0},{"damage":50.0,"enemies":"Hexaghost","floor":16.0,"turns":13.0},{"damage":20.0,"enemies":"Spheric Guardian","floor":18.0,"turns":4.0},{"damage":16,"enemies":"Shell Parasite","floor":19,"turns":4},{"damage":19,"enemies":"Snecko","floor":20,"turns":5},{"damage":4,"enemies":"Centurion and Healer","floor":22,"turns":4},{"damage":17,"enemies":"3 Cultists","floor":24,"turns":5},{"damage":4,"enemies":"Snake Plant","floor":29,"turns":4},{"damage":15,"enemies":"Chosen and Byrds","floor":31,"turns":4},{"damage":24,"enemies":"Champ","floor":33,"turns":8},{"damage":58,"enemies":"3 Shapes","floor":35,"turns":2},{"damage":30,"enemies":"Orb Walker","floor":38,"turns":3}],"event_choices":[{"event_name":"Golden Idol","player_choice":"Take Damage","floor":2.0,"damage_taken":0.0},{"event_name":"The Cleric","player_choice":"Card Removal","floor":5.0,"damage_taken":0.0},{"event_name":"Drug Dealer","player_choice":"Ignored","floor":27,"damage_taken":0},{"event_name":"Winding Halls","player_choice":"Embrace Madness","floor":36,"damage_taken":0}],"boss_relics":[{"not_picked":["Eternal Feather","Black Blood"],"picked":"Philosopher\u0027s Stone"}],"potions_floor_spawned":[4,7,11,12,14,18,19,24,35],"seed_played":"323604494964970935","killed_by":"Orb Walker","is_trial":false}