{"gold_per_floor":[111,111,131,141,316,316,332,332,332,364,384,349,368,396,396,499,549,565,579,494,494,507,507,542,542,566,594,16,16,26,0,0,0],"floor_reached":33,"playtime":2270,"items_purged":["Doubt"],"score":468,"play_id":"5610e9a6-8657-4b52-85e9-561a3b47b1f6","local_time":"20190119002548","is_ascension_mode":true,"campfire_choices":[{"data":"Consume","floor":6,"key":"SMITH"},{"data":"Zap","floor":8,"key":"SMITH"},{"floor":15,"key":"REST"},{"data":"Sunder","floor":23,"key":"SMITH"},{"floor":25,"key":"REST"},{"data":"Defragment","floor":29,"key":"SMITH"},{"data":"Defragment","floor":32,"key":"SMITH"}],"neow_cost":"NONE","seed_source_timestamp":89346826168080,"circlet_count":0,"master_deck":["AscendersBane","Strike_B","Strike_B","Strike_B","Defend_B","Defend_B","Defend_B","Defend_B+1","Zap+1","Dualcast","Conserve Battery","Coolheaded","Consume+1","Glacier","Auto Shields","Static Discharge","Sunder+1","Leap","Thunder Strike","Defragment+1","Rebound+1","Defragment+1","Ghostly","Ghostly","Ghostly","Ghostly","Ghostly","Lockon+1","Glacier+1","Capacitor","Loop","Go for the Eyes"],"relics":["Cracked Core","Omamori","Pantograph","Smiling Mask","Tiny House","Meat on the Bone","Centennial Puzzle","Anchor","Blood Vial","Lee\u0027s Waffle","Mercury Hourglass"],"potions_floor_usage":[10,14,14,24,33],"damage_taken":[{"damage":0,"enemies":"Small Slimes","floor":1,"turns":4},{"damage":0,"enemies":"Jaw Worm","floor":3,"turns":5},{"damage":7,"enemies":"2 Louse","floor":4,"turns":3},{"damage":11,"enemies":"Exordium Wildlife","floor":7,"turns":6},{"damage":10,"enemies":"Lagavulin","floor":10,"turns":11},{"damage":16,"enemies":"Lots of Slimes","floor":11,"turns":5},{"damage":6,"enemies":"Large Slime","floor":13,"turns":8},{"damage":9,"enemies":"Gremlin Nob","floor":14,"turns":4},{"damage":27,"enemies":"The Guardian","floor":16,"turns":20},{"damage":19,"enemies":"Spheric Guardian","floor":18,"turns":6},{"damage":29,"enemies":"3 Byrds","floor":19,"turns":9},{"damage":3,"enemies":"Centurion and Healer","floor":22,"turns":17},{"damage":27,"enemies":"Gremlin Leader","floor":24,"turns":11},{"damage":28,"enemies":"Slavers","floor":27,"turns":10},{"damage":0,"enemies":"Snecko","floor":30,"turns":5},{"damage":56,"enemies":"Automaton","floor":33,"turns":6}],"seed_played":"-176589871234442284","potions_obtained":[{"floor":3,"key":"FearPotion"},{"floor":4,"key":"SteroidPotion"},{"floor":10,"key":"Fire Potion"},{"floor":17,"key":"FearPotion"},{"floor":19,"key":"Energy Potion"},{"floor":22,"key":"FearPotion"},{"floor":27,"key":"Swift Potion"}],"is_trial":false,"path_per_floor":["M","?","M","M","?","R","M","R","T","E","M","?","M","E","R","B",null,"M","M","?","?","M","R","E","R","T","E","$","R","M","?","R","B"],"character_chosen":"DEFECT","items_purchased":["Lee\u0027s Waffle","Loop","Mercury Hourglass"],"campfire_rested":2,"item_purchase_floors":[28,28,28],"current_hp_per_floor":[68,61,61,54,54,54,43,43,43,33,17,35,29,20,42,40,71,52,23,23,23,32,32,17,29,29,13,47,47,47,47,47,0],"gold":0,"neow_bonus":"THREE_CARDS","is_prod":false,"is_daily":false,"chose_seed":false,"campfire_upgraded":5,"win_rate":0,"timestamp":1547875548,"path_taken":["M","?","M","M","?","R","M","R","T","E","M","?","?","E","R","BOSS","M","?","?","?","M","R","E","R","T","E","?","R","M","?","R","BOSS"],"build_version":"2019-01-17v2","purchased_purges":1,"victory":false,"max_hp_per_floor":[75,75,75,75,75,75,75,75,75,75,75,75,75,75,75,75,80,80,80,80,40,40,40,40,40,40,40,47,47,47,47,47,47],"card_choices":[{"not_picked":["Sweeping Beam","Leap"],"picked":"Conserve Battery","floor":0},{"not_picked":["Storm","Scrape"],"picked":"Coolheaded","floor":1},{"not_picked":["Steam Power","Coolheaded"],"picked":"Consume","floor":3},{"not_picked":["Leap","Conserve Battery"],"picked":"Glacier","floor":4},{"not_picked":["Gash","Coolheaded"],"picked":"Auto Shields","floor":7},{"not_picked":["Redo","Hologram"],"picked":"Static Discharge","floor":10},{"not_picked":["Auto Shields","Coolheaded","Turbo"],"picked":"SKIP","floor":11},{"not_picked":["Heatsinks","Leap"],"picked":"Sunder","floor":13},{"not_picked":["Storm","Chill"],"picked":"Leap","floor":14},{"not_picked":["Amplify","Fission"],"picked":"Thunder Strike","floor":16},{"not_picked":["Beam Cell","Turbo"],"picked":"Defragment","floor":17},{"not_picked":["Leap+1","Barrage+1"],"picked":"Rebound+1","floor":18},{"not_picked":["Amplify","Double Energy"],"picked":"Defragment","floor":19},{"not_picked":["Coolheaded","Sweeping Beam+1"],"picked":"Lockon+1","floor":22},{"not_picked":["Genetic Algorithm+1","Darkness"],"picked":"Glacier+1","floor":24},{"not_picked":["Creative AI","Barrage"],"picked":"Capacitor","floor":27},{"not_picked":["Doom and Gloom","Steam"],"picked":"Go for the Eyes","floor":30}],"player_experience":529556,"relics_obtained":[{"floor":9,"key":"Omamori"},{"floor":10,"key":"Pantograph"},{"floor":14,"key":"Smiling Mask"},{"floor":24,"key":"Centennial Puzzle"},{"floor":26,"key":"Anchor"},{"floor":27,"key":"Blood Vial"}],"event_choices":[{"cards_removed":["Strike_B"],"damage_healed":0,"gold_gain":0,"player_choice":"Card Removal","damage_taken":7,"max_hp_gain":0,"max_hp_loss":0,"event_name":"Golden Wing","floor":2,"gold_loss":0},{"damage_healed":0,"gold_gain":175,"player_choice":"AGREE","damage_taken":0,"max_hp_gain":0,"max_hp_loss":0,"event_name":"Liars Game","floor":5,"gold_loss":0,"cards_obtained":["Doubt"]},{"damage_healed":18,"gold_gain":0,"player_choice":"Healed","damage_taken":0,"max_hp_gain":0,"max_hp_loss":0,"event_name":"The Cleric","floor":12,"gold_loss":35},{"damage_healed":0,"gold_gain":0,"player_choice":"Obtained Relic","damage_taken":0,"relics_obtained":["Meat on the Bone"],"max_hp_gain":0,"max_hp_loss":0,"event_name":"Addict","floor":20,"gold_loss":85},{"damage_healed":0,"gold_gain":0,"player_choice":"Became a Ghost","damage_taken":0,"max_hp_gain":0,"max_hp_loss":40,"event_name":"Ghosts","floor":21,"gold_loss":0,"cards_obtained":["Ghostly","Ghostly","Ghostly","Ghostly","Ghostly"]},{"damage_healed":0,"gold_gain":0,"player_choice":"Paid Fearfully","damage_taken":0,"max_hp_gain":0,"max_hp_loss":0,"event_name":"Masked Bandits","floor":31,"gold_loss":26}],"is_beta":false,"boss_relics":[{"not_picked":["Fusion Hammer","Lizard Tail"],"picked":"Tiny House"}],"items_purged_floors":[28],"is_endless":false,"potions_floor_spawned":[3,4,10,19,22,27],"killed_by":"Automaton","ascension_level":10}