{"gold_per_floor":[115,135,15,31,31,57,68,68,68,68,84,114,125,125],"floor_reached":14,"playtime":589,"items_purged":["Strike_B"],"score":143,"play_id":"4003f6f0-cbfd-40b9-8fc1-64474f52a184","local_time":"20190109033500","is_ascension_mode":true,"campfire_choices":[{"floor":8,"key":"REST"},{"data":"Sunder","floor":10,"key":"SMITH"}],"neow_cost":"NONE","seed_source_timestamp":1841902485423005,"circlet_count":0,"master_deck":["Strike_B","Strike_B","Strike_B","Defend_B","Defend_B","Defend_B","Defend_B","Zap","Dualcast","Redo","Sunder+1","Go for the Eyes","Gash","Go for the Eyes","Ball Lightning","Redo","Doom and Gloom","Storm+1","Loop+1"],"relics":["Cracked Core","Gambling Chip","Frozen Egg 2"],"potions_floor_usage":[6,6,12],"damage_taken":[{"damage":1,"enemies":"Cultist","floor":1,"turns":3},{"damage":4,"enemies":"Jaw Worm","floor":2,"turns":3},{"damage":4,"enemies":"Small Slimes","floor":4,"turns":3},{"damage":45,"enemies":"Lagavulin","floor":6,"turns":7},{"damage":0,"enemies":"2 Fungi Beasts","floor":7,"turns":1},{"damage":3,"enemies":"Looter","floor":11,"turns":2},{"damage":16,"enemies":"Gremlin Nob","floor":12,"turns":3},{"damage":0,"enemies":"Exordium Thugs","floor":13,"turns":3},{"damage":20,"enemies":"Lagavulin","floor":14,"turns":4}],"seed_played":"-8105372830398206219","potions_obtained":[{"floor":1,"key":"Energy Potion"},{"floor":2,"key":"PowerPotion"},{"floor":7,"key":"Energy Potion"},{"floor":11,"key":"Energy Potion"}],"is_trial":false,"path_per_floor":["M","M","$","M","$","E","M","R","T","R","M","E","M","E"],"character_chosen":"DEFECT","items_purchased":["Gash"],"campfire_rested":1,"item_purchase_floors":[3],"current_hp_per_floor":[67,63,63,59,59,14,14,36,36,36,33,17,17,0],"gold":125,"neow_bonus":"THREE_CARDS","is_prod":false,"is_daily":false,"chose_seed":false,"campfire_upgraded":1,"win_rate":0,"timestamp":1547022900,"path_taken":["M","M","$","M","?","E","M","R","T","R","M","E","M","E"],"build_version":"2019-01-03v4","purchased_purges":1,"victory":false,"max_hp_per_floor":[75,75,75,75,75,75,75,75,75,75,75,75,75,75],"card_choices":[{"not_picked":["Stack","Fusion"],"picked":"Redo","floor":0},{"not_picked":["Double Energy","Scrape"],"picked":"Sunder","floor":1},{"not_picked":["FTL","Cold Snap"],"picked":"Go for the Eyes","floor":2},{"not_picked":["Defragment","Auto Shields"],"picked":"Go for the Eyes","floor":4},{"not_picked":["Hello World","Skim"],"picked":"Ball Lightning","floor":6},{"not_picked":["Storm","Barrage"],"picked":"Redo","floor":7},{"not_picked":["Darkness","Conserve Battery"],"picked":"Doom and Gloom","floor":11},{"not_picked":["Ball Lightning","Meteor Strike"],"picked":"Storm","floor":12},{"not_picked":["Ball Lightning","Undo"],"picked":"Loop+1","floor":13}],"player_experience":442279,"relics_obtained":[{"floor":6,"key":"Gambling Chip"},{"floor":12,"key":"Frozen Egg 2"}],"event_choices":[],"is_beta":false,"boss_relics":[],"items_purged_floors":[3],"is_endless":false,"potions_floor_spawned":[1,2,7,11],"killed_by":"Lagavulin","ascension_level":8}