{"gold_per_floor":[112,112,287,10,35,35,68,84,84,84],"floor_reached":10,"playtime":244,"items_purged":[],"score":86,"play_id":"c74bcdf5-6bb0-4768-9f3a-c0d34d982947","local_time":"20190206094042","is_ascension_mode":true,"campfire_choices":[{"data":"Perfected Strike","floor":6,"key":"SMITH"}],"neow_cost":"NONE","seed_source_timestamp":73299398130829,"circlet_count":0,"master_deck":["Strike_R","Strike_R","Strike_R","Strike_R","Defend_R","Defend_R","Defend_R","Bash","Perfected Strike+1","Regret","Doubt","Flex","Anger"],"relics":["Empty Cage","Bag of Marbles","Membership Card","Boot","Oddly Smooth Stone","Bronze Scales","Strawberry"],"potions_floor_usage":[10],"damage_taken":[{"damage":4,"enemies":"Jaw Worm","floor":1,"turns":4},{"damage":64,"enemies":"Lagavulin","floor":7,"turns":7},{"damage":3,"enemies":"Cultist","floor":8,"turns":2},{"damage":11,"enemies":"Gremlin Nob","floor":10,"turns":2}],"seed_played":"8002062050323057609","potions_obtained":[{"floor":7,"key":"Fire Potion"},{"floor":8,"key":"SpeedPotion"}],"is_trial":false,"path_per_floor":["M","?","?","$","T","R","E","M","T","E"],"character_chosen":"IRONCLAD","items_purchased":["Membership Card","Boot"],"campfire_rested":0,"item_purchase_floors":[4,4],"current_hp_per_floor":[68,68,68,68,68,68,4,1,8,0],"gold":84,"neow_bonus":"BOSS_RELIC","is_prod":false,"is_daily":false,"chose_seed":false,"campfire_upgraded":1,"win_rate":0,"timestamp":1549417242,"path_taken":["M","?","?","$","?","R","E","M","T","E"],"build_version":"2019-01-23","purchased_purges":0,"victory":false,"max_hp_per_floor":[80,80,80,80,80,80,80,80,87,87],"card_choices":[{"not_picked":["Body Slam","Metallicize"],"picked":"Perfected Strike","floor":1},{"not_picked":["Pummel","Headbutt"],"picked":"Flex","floor":7},{"not_picked":["Dual Wield","Perfected Strike"],"picked":"Anger","floor":8}],"player_experience":81241,"relics_obtained":[{"floor":5,"key":"Oddly Smooth Stone"},{"floor":7,"key":"Bronze Scales"},{"floor":9,"key":"Strawberry"}],"event_choices":[{"damage_healed":0,"gold_gain":0,"player_choice":"Box","damage_taken":0,"relics_obtained":["Bag of Marbles"],"max_hp_gain":0,"max_hp_loss":0,"event_name":"Big Fish","floor":2,"gold_loss":0,"cards_obtained":["Regret"]},{"damage_healed":0,"gold_gain":175,"player_choice":"AGREE","damage_taken":0,"max_hp_gain":0,"max_hp_loss":0,"event_name":"Liars Game","floor":3,"gold_loss":0,"cards_obtained":["Doubt"]}],"is_beta":false,"boss_relics":[],"items_purged_floors":[],"is_endless":false,"potions_floor_spawned":[7,8],"killed_by":"Gremlin Nob","ascension_level":7}