{"path_per_floor":["M","M","?","M","?","R","M","$","T","R","M","M","M","M","R","B",null,"M","M","?","?","M","R","M"],"character_chosen":"IRONCLAD","items_purchased":["Mind Blast"],"gold_per_floor":[117,131,306,324,324,324,340,172,172,172,188,207,231,252,252,372,372,391,416,416,416,431,431,445],"floor_reached":25,"campfire_rested":1,"playtime":1784,"current_hp_per_floor":[72,72,72,64,64,64,63,63,63,63,59,46,52,53,53,14,72,72,72,72,72,21,42,18],"items_purged":["Doubt"],"gold":445,"play_id":"25b46e1d-4984-4397-bef3-daeda97a53c1","is_prod":false,"is_daily":false,"campfire_rituals":0,"campfire_upgraded":3,"is_hardmode":false,"path_taken":["M","M","?","M","?","R","M","$","T","R","M","?","?","?","R","BOSS","M","M","?","?","M","R","M","?"],"build_version":"2017-12-21-PROD1","purchased_purges":1,"victory":false,"master_deck":["Strike_R","Strike_R","Strike_R","Strike_R","Strike_R","Defend_R","Defend_R","Defend_R","Defend_R","Bash","Bludgeon","Shrug It Off","Shrug It Off","Flex","Injury","Rampage","Mind Blast","Bludgeon","Battle Trance","Offering","Pommel Strike","Clothesline","Rampage","Clash","Flex","Headbutt","Pommel Strike","Decay","Writhe","Clash","Cleave"],"max_hp_per_floor":[72,72,72,72,72,72,72,72,72,72,72,72,72,72,72,72,72,72,72,72,72,72,72,72],"relics":["Burning Blood","Golden Idol","Charon\u0027s Ashes","Orrery","Mummified Hand"],"campfire_meditates":0,"card_choices":[{"not_picked":["Dark Embrace","Impervious"],"picked":"Bludgeon"},{"not_picked":["Warcry","Bloodletting"],"picked":"Shrug It Off"},{"not_picked":["Corruption","Spot Weakness"],"picked":"Shrug It Off"},{"not_picked":["Cleave","Corruption"],"picked":"Flex"},{"not_picked":["Corruption","Uppercut"],"picked":"Rampage"},{"not_picked":["Thunderclap","Cleave"],"picked":"Bludgeon"},{"not_picked":["Perfected Strike","Iron Wave"],"picked":"Battle Trance"},{"not_picked":["Juggernaut","Impervious"],"picked":"Offering"},{"not_picked":["Headbutt","Iron Wave"],"picked":"Pommel Strike"},{"not_picked":["Body Slam","Perfected Strike"],"picked":"Clothesline"},{"not_picked":["Heavy Blade","Shrug It Off"],"picked":"Rampage"},{"not_picked":["Flex","Inflame"],"picked":"Clash"},{"not_picked":["True Grit","Thunderclap"],"picked":"Flex"},{"not_picked":["Metallicize","Bloodletting"],"picked":"Headbutt"},{"not_picked":["Iron Wave","Headbutt"],"picked":"Pommel Strike"},{"not_picked":["Warcry","Searing Blow"],"picked":"Clash"},{"not_picked":["Brutality","Shrug It Off"],"picked":"Cleave"}],"player_experience":16634,"potions_floor_usage":[],"damage_taken":[{"damage":5,"enemies":"Looter","floor":1,"turns":3},{"damage":0,"enemies":"Cultist","floor":2,"turns":3},{"damage":14,"enemies":"Blue Slaver","floor":4,"turns":5},{"damage":7,"enemies":"2 Fungi Beasts","floor":7,"turns":6},{"damage":10,"enemies":"3 Louse","floor":11,"turns":4},{"damage":19,"enemies":"Exordium Thugs","floor":12,"turns":5},{"damage":0,"enemies":"Red Slaver","floor":13,"turns":4},{"damage":5,"enemies":"Lots of Slimes","floor":14,"turns":4},{"damage":45,"enemies":"The Guardian","floor":16,"turns":10},{"damage":5,"enemies":"Spheric Guardian","floor":18,"turns":3},{"damage":2,"enemies":"Chosen","floor":19,"turns":3},{"damage":57,"enemies":"Centurion and Healer","floor":22,"turns":6},{"damage":30,"enemies":"Snake Plant","floor":24,"turns":4},{"damage":22,"enemies":"3 Cultists","floor":25,"turns":3}],"event_choices":[{"event_name":"Liars Game","player_choice":"agreed","floor":3,"damage_taken":0},{"event_name":"Golden Idol","player_choice":"Take Wound","floor":5,"damage_taken":0},{"event_name":"Wheel of Change","player_choice":"Curse","floor":20,"damage_taken":0},{"event_name":"The Mausoleum","player_choice":"Yes","floor":21,"damage_taken":0}],"boss_relics":[{"not_picked":["Runic Cube","Ectoplasm"],"picked":"Orrery"}],"potions_floor_spawned":[7,11,16,19],"seed_played":"4310921898984851976","killed_by":"3 Cultists","is_trial":false}