{"gold_per_floor":[366,366,379,392,144,177,177,177,177,177,197,197],"floor_reached":12,"playtime":706,"items_purged":["Strike_B"],"score":144,"play_id":"7aa67905-a28f-452b-b2f1-7811c8703363","local_time":"20181128091956","is_ascension_mode":true,"campfire_choices":[{"floor":7,"key":"REST"},{"floor":10,"key":"REST"}],"neow_cost":"TEN_PERCENT_HP_LOSS","seed_source_timestamp":1092679570518950,"circlet_count":0,"master_deck":["AscendersBane","Strike_B","Strike_B","Strike_B","Defend_B","Defend_B","Defend_B","Defend_B","Zap","Dualcast","Ball Lightning","Coolheaded","Auto Shields","Fission","Compile Driver","Hologram"],"relics":["Cracked Core","Juzu Bracelet","Oddly Smooth Stone","Darkstone Periapt"],"potions_floor_usage":[],"damage_taken":[{"damage":4,"enemies":"Small Slimes","floor":1,"turns":3},{"damage":2,"enemies":"Jaw Worm","floor":3,"turns":3},{"damage":6,"enemies":"2 Louse","floor":4,"turns":2},{"damage":38,"enemies":"Gremlin Nob","floor":6,"turns":5},{"damage":14,"enemies":"Large Slime","floor":11,"turns":8},{"damage":22,"enemies":"3 Sentries","floor":12,"turns":6}],"seed_played":"-6150498447111964685","potions_obtained":[{"floor":3,"key":"EssenceOfSteel"},{"floor":6,"key":"EssenceOfSteel"}],"is_trial":false,"path_per_floor":["M","?","M","M","$","E","R","?","T","R","M","E"],"character_chosen":"DEFECT","items_purchased":["Fission"],"campfire_rested":2,"item_purchase_floors":[5],"current_hp_per_floor":[60,60,58,52,52,14,33,15,15,34,20,0],"gold":197,"neow_bonus":"TWO_FIFTY_GOLD","is_prod":false,"is_daily":false,"chose_seed":false,"campfire_upgraded":0,"win_rate":0,"timestamp":1543425596,"path_taken":["M","?","M","M","$","E","R","?","T","R","M","E"],"build_version":"2018-11-15","purchased_purges":1,"victory":false,"max_hp_per_floor":[64,64,64,64,64,64,64,64,64,64,64,64],"card_choices":[{"not_picked":["Turbo","Leap"],"picked":"Ball Lightning","floor":1},{"not_picked":["Gash","Steam"],"picked":"Coolheaded","floor":3},{"not_picked":["Go for the Eyes","Steam"],"picked":"Auto Shields","floor":4},{"not_picked":["Scrape","Cold Snap"],"picked":"Compile Driver","floor":6},{"not_picked":["Cold Snap","Static Discharge"],"picked":"Hologram","floor":11}],"player_experience":1515446,"relics_obtained":[{"floor":6,"key":"Juzu Bracelet"},{"floor":9,"key":"Darkstone Periapt"}],"event_choices":[{"damage_healed":0,"gold_gain":0,"player_choice":"Leave","damage_taken":0,"max_hp_gain":0,"max_hp_loss":0,"event_name":"The Cleric","floor":2,"gold_loss":0},{"damage_healed":0,"gold_gain":0,"player_choice":"Success","damage_taken":18,"relics_obtained":["Oddly Smooth Stone"],"max_hp_gain":0,"max_hp_loss":0,"event_name":"Scrap Ooze","floor":8,"gold_loss":0}],"is_beta":false,"boss_relics":[],"items_purged_floors":[5],"is_endless":false,"potions_floor_spawned":[3,6,11],"killed_by":"3 Sentries","ascension_level":17}