{"gold_per_floor":[112,112,112,131,6,6,41,41,41,74,74,108,127,103,103,176,176,186,201,228,228,7,35,35,35,35,48,59,74,94,125,125,125],"floor_reached":33,"playtime":1252,"items_purged":["Injury"],"score":606,"play_id":"6f718637-d42d-4b59-a415-5b303d846a26","local_time":"20181211174131","is_ascension_mode":true,"campfire_choices":[{"data":"Armaments","floor":6,"key":"SMITH"},{"floor":8,"key":"REST"},{"floor":11,"key":"REST"},{"data":"Whirlwind","floor":15,"key":"SMITH"},{"data":"Havoc","floor":24,"key":"SMITH"},{"floor":32,"key":"REST"}],"neow_cost":"CURSE","seed_source_timestamp":78037491107174,"circlet_count":0,"master_deck":["AscendersBane","Strike_R","Strike_R","Strike_R","Strike_R","Defend_R","Defend_R","Defend_R","Defend_R","Bash","Clothesline+1","Flame Barrier","Armaments+1","Whirlwind+1","Metallicize","Feel No Pain","Havoc+1","Immolate","Spot Weakness","Body Slam","Shrug It Off+1","Warcry+1","True Grit+1","Bloodletting+1"],"relics":["Burning Blood","Magic Flower","Strawberry","Lantern","Torii","Ancient Tea Set","Bronze Scales","White Beast Statue","Lee\u0027s Waffle","Toxic Egg 2","Gambling Chip","Potion Belt"],"potions_floor_usage":[7,7,16,16,19,21,23,28,31,33],"damage_taken":[{"damage":15,"enemies":"Small Slimes","floor":1,"turns":4},{"damage":8,"enemies":"2 Louse","floor":4,"turns":3},{"damage":35,"enemies":"Lagavulin","floor":7,"turns":10},{"damage":43,"enemies":"Gremlin Nob","floor":10,"turns":5},{"damage":3,"enemies":"3 Sentries","floor":12,"turns":5},{"damage":1,"enemies":"Cultist","floor":13,"turns":3},{"damage":22,"enemies":"The Guardian","floor":16,"turns":14},{"damage":44,"enemies":"Shell Parasite","floor":18,"turns":6},{"damage":21,"enemies":"3 Byrds","floor":19,"turns":3},{"damage":9,"enemies":"Colosseum Slavers","floor":21,"turns":4},{"damage":25,"enemies":"Book of Stabbing","floor":23,"turns":5},{"damage":14,"enemies":"Snake Plant","floor":27,"turns":4},{"damage":18,"enemies":"Shelled Parasite and Fungi","floor":28,"turns":5},{"damage":9,"enemies":"Sentry and Sphere","floor":29,"turns":6},{"damage":18,"enemies":"Cultist and Chosen","floor":30,"turns":7},{"damage":48,"enemies":"Gremlin Leader","floor":31,"turns":8},{"damage":67,"enemies":"Automaton","floor":33,"turns":6}],"seed_played":"-85427223857962786","potions_obtained":[{"floor":1,"key":"BloodPotion"},{"floor":4,"key":"Fire Potion"},{"floor":12,"key":"Energy Potion"},{"floor":13,"key":"Weak Potion"},{"floor":16,"key":"BloodPotion"},{"floor":18,"key":"FearPotion"},{"floor":19,"key":"SkillPotion"},{"floor":23,"key":"SkillPotion"},{"floor":27,"key":"LiquidBronze"},{"floor":28,"key":"SmokeBomb"},{"floor":30,"key":"Strength Potion"},{"floor":31,"key":"SpeedPotion"}],"is_trial":false,"path_per_floor":["M","?","?","M","$","R","E","R","T","E","R","E","M","$","R","B",null,"M","M","T","?","$","E","R","?","T","M","M","M","M","E","R","B"],"character_chosen":"IRONCLAD","items_purchased":["Armaments","Havoc","Lee\u0027s Waffle"],"campfire_rested":3,"item_purchase_floors":[5,14,22],"current_hp_per_floor":[62,51,51,52,52,52,38,62,62,28,52,58,66,66,66,53,75,40,40,40,40,89,73,73,73,73,68,59,59,50,11,37,0],"gold":125,"neow_bonus":"ONE_RARE_RELIC","is_prod":false,"is_daily":false,"chose_seed":false,"campfire_upgraded":3,"win_rate":0,"timestamp":1544575291,"path_taken":["M","?","?","?","?","R","E","R","T","E","R","E","M","$","R","BOSS","M","?","?","?","?","E","R","?","T","M","?","M","M","E","R","BOSS"],"build_version":"2018-12-06","purchased_purges":1,"victory":false,"max_hp_per_floor":[75,82,82,82,82,82,82,82,82,82,82,82,82,82,82,82,82,82,82,82,82,89,89,89,89,89,89,89,89,89,89,89,89],"card_choices":[{"not_picked":["Perfected Strike","Metallicize"],"picked":"Clothesline","floor":1},{"not_picked":["Warcry","Pommel Strike"],"picked":"Flame Barrier","floor":4},{"not_picked":["Juggernaut","Flex"],"picked":"Whirlwind","floor":7},{"not_picked":["Clothesline","Searing Blow"],"picked":"Metallicize","floor":10},{"not_picked":["Carnage","Sword Boomerang"],"picked":"Feel No Pain","floor":12},{"not_picked":["Whirlwind","Metallicize","Rage"],"picked":"SKIP","floor":13},{"not_picked":["Exhume","Barricade"],"picked":"Immolate","floor":16},{"not_picked":["Sword Boomerang","Combust"],"picked":"Spot Weakness","floor":18},{"not_picked":["Havoc","Twin Strike"],"picked":"Body Slam","floor":19},{"not_picked":["Perfected Strike","Thunderclap","Body Slam"],"picked":"SKIP","floor":23},{"not_picked":["Feel No Pain","Infernal Blade+1"],"picked":"Shrug It Off+1","floor":27},{"not_picked":["Combust","Perfected Strike"],"picked":"Warcry+1","floor":28},{"not_picked":["Body Slam","Warcry+1"],"picked":"True Grit+1","floor":29},{"not_picked":["Bludgeon","Dual Wield+1"],"picked":"Bloodletting+1","floor":30},{"not_picked":["Wild Strike","Fire Breathing","Whirlwind"],"picked":"SKIP","floor":31}],"player_experience":603568,"relics_obtained":[{"floor":7,"key":"Lantern"},{"floor":9,"key":"Torii"},{"floor":10,"key":"Ancient Tea Set"},{"floor":12,"key":"Bronze Scales"},{"floor":23,"key":"Toxic Egg 2"},{"floor":26,"key":"Gambling Chip"},{"floor":31,"key":"Potion Belt"}],"event_choices":[{"damage_healed":0,"gold_gain":0,"player_choice":"Success","damage_taken":18,"relics_obtained":["Strawberry"],"max_hp_gain":0,"max_hp_loss":0,"event_name":"Scrap Ooze","floor":2,"gold_loss":0},{"damage_healed":0,"gold_gain":0,"player_choice":"Forge","damage_taken":0,"max_hp_gain":0,"max_hp_loss":0,"event_name":"Accursed Blacksmith","floor":3,"gold_loss":0,"cards_upgraded":["Clothesline"]},{"damage_healed":0,"gold_gain":0,"player_choice":"Fight","damage_taken":0,"max_hp_gain":0,"max_hp_loss":0,"event_name":"Colosseum","floor":21,"gold_loss":0},{"damage_healed":0,"gold_gain":0,"player_choice":"Fled From Nobs","damage_taken":0,"max_hp_gain":0,"max_hp_loss":0,"event_name":"Colosseum","floor":21,"gold_loss":0},{"cards_removed":["Strike_R"],"damage_healed":0,"gold_gain":0,"player_choice":"Offered Basic","damage_taken":0,"max_hp_gain":0,"max_hp_loss":0,"event_name":"Bonfire Elementals","floor":25,"gold_loss":0}],"is_beta":false,"boss_relics":[{"not_picked":["Eternal Feather","Velvet Choker"],"picked":"White Beast Statue"}],"items_purged_floors":[5],"is_endless":false,"potions_floor_spawned":[1,4,12,13,16,18,19,21,23,27,28,29,30,31],"killed_by":"Automaton","ascension_level":20}