{"gold_per_floor":[111,111,61,61,84,84,115,115,115,115,156,180,29,42,42,163,163,183,183,199,199,114,149,167,203,252,252],"floor_reached":27,"playtime":1147,"items_purged":["Strike_B"],"score":298,"play_id":"3b8b81d3-2004-4b66-a407-58df0c435fee","local_time":"20190109135846","is_ascension_mode":true,"campfire_choices":[{"data":"Zap","floor":6,"key":"SMITH"},{"data":"Coolheaded","floor":8,"key":"SMITH"},{"data":"Dualcast","floor":10,"key":"SMITH"},{"data":"Tempest","floor":15,"key":"SMITH"}],"neow_cost":"NONE","seed_source_timestamp":109321121136074,"circlet_count":0,"master_deck":["Defend_B","Defend_B","Defend_B","Defend_B","Zap+1","Dualcast+1","Coolheaded+1","Chill","Capacitor","Tempest+1","Cold Snap","Multi-Cast","Loop","Loop","Capacitor","Storm","Amplify","Storm+1","Electrodynamics","Cold Snap+1"],"relics":["Cracked Core","DataDisk","Golden Idol","Prayer Wheel","Darkstone Periapt","Happy Flower","Runic Pyramid","Gremlin Horn","Thread and Needle","Bottled Tornado","Omamori"],"potions_floor_usage":[11,16,16,20],"damage_taken":[{"damage":2,"enemies":"Small Slimes","floor":1,"turns":3},{"damage":0,"enemies":"2 Louse","floor":5,"turns":3},{"damage":36,"enemies":"Gremlin Nob","floor":7,"turns":5},{"damage":0,"enemies":"Lagavulin","floor":11,"turns":7},{"damage":0,"enemies":"Jaw Worm","floor":12,"turns":2},{"damage":0,"enemies":"Looter","floor":14,"turns":2},{"damage":9,"enemies":"The Guardian","floor":16,"turns":8},{"damage":4,"enemies":"Spheric Guardian","floor":18,"turns":3},{"damage":15,"enemies":"3 Byrds","floor":20,"turns":2},{"damage":26,"enemies":"Book of Stabbing","floor":23,"turns":5},{"damage":4,"enemies":"Cultist and Chosen","floor":24,"turns":4},{"damage":7,"enemies":"Gremlin Leader","floor":25,"turns":4},{"damage":26,"enemies":"Slavers","floor":27,"turns":1}],"seed_played":"-5035806684872443440","potions_obtained":[{"floor":7,"key":"LiquidBronze"},{"floor":12,"key":"Block Potion"},{"floor":14,"key":"AttackPotion"},{"floor":16,"key":"Strength Potion"},{"floor":18,"key":"LiquidBronze"},{"floor":23,"key":"LiquidBronze"},{"floor":25,"key":"Fire Potion"}],"is_trial":false,"path_per_floor":["M","?","?","$","M","R","E","R","T","R","E","M","$","M","R","B",null,"M","?","M","?","?","E","M","E","T","E"],"character_chosen":"DEFECT","items_purchased":["Capacitor"],"campfire_rested":0,"item_purchase_floors":[13],"current_hp_per_floor":[73,55,55,55,55,55,19,19,19,19,19,19,19,19,19,10,75,71,71,56,56,56,30,26,19,19,0],"gold":252,"neow_bonus":"RANDOM_COMMON_RELIC","is_prod":false,"is_daily":false,"chose_seed":false,"campfire_upgraded":4,"win_rate":0,"timestamp":1547002726,"path_taken":["M","?","?","$","?","R","E","R","T","R","E","M","$","M","R","BOSS","M","?","M","?","?","E","M","E","T","E"],"build_version":"2018-11-15","purchased_purges":1,"victory":false,"max_hp_per_floor":[75,75,75,75,75,75,75,75,75,75,75,75,75,75,75,75,75,75,75,75,75,75,75,75,75,75,75],"card_choices":[{"not_picked":["Conserve Battery","Go for the Eyes"],"picked":"Coolheaded","floor":1},{"not_picked":["Stack","Skim","Force Field"],"picked":"SKIP","floor":5},{"not_picked":["Go for the Eyes","Recycle","Compile Driver"],"picked":"SKIP","floor":7},{"not_picked":["Steam Power","Scrape","Fusion"],"picked":"SKIP","floor":11},{"not_picked":["Redo","Amplify"],"picked":"Chill","floor":12},{"not_picked":["Steam Power","Go for the Eyes","Compile Driver"],"picked":"SKIP","floor":12},{"not_picked":["Coolheaded","Compile Driver"],"picked":"Tempest","floor":14},{"not_picked":["Redo","Seek"],"picked":"Cold Snap","floor":14},{"not_picked":["Machine Learning","Thunder Strike"],"picked":"Multi-Cast","floor":16},{"not_picked":["Rebound","Redo"],"picked":"Loop","floor":18},{"not_picked":["Redo","Fusion+1"],"picked":"Loop","floor":18},{"not_picked":["Ball Lightning","Blizzard","Go for the Eyes"],"picked":"SKIP","floor":20},{"not_picked":["Conserve Battery","Recycle","Turbo+1"],"picked":"SKIP","floor":20},{"not_picked":["Compile Driver+1","Coolheaded+1"],"picked":"Storm+1","floor":23},{"not_picked":["Heatsinks","BootSequence"],"picked":"Electrodynamics","floor":24},{"not_picked":["Conserve Battery","Compile Driver+1"],"picked":"Cold Snap+1","floor":24},{"not_picked":["Sweeping Beam","Rebound","Gash+1"],"picked":"SKIP","floor":25}],"player_experience":1060915,"relics_obtained":[{"floor":7,"key":"Prayer Wheel"},{"floor":9,"key":"Darkstone Periapt"},{"floor":11,"key":"Happy Flower"},{"floor":23,"key":"Thread and Needle"},{"floor":25,"key":"Bottled Tornado"},{"floor":26,"key":"Omamori"}],"event_choices":[{"damage_healed":0,"gold_gain":0,"player_choice":"Take Damage","damage_taken":18,"relics_obtained":["Golden Idol"],"max_hp_gain":0,"max_hp_loss":0,"event_name":"Golden Idol","floor":2,"gold_loss":0},{"cards_removed":["Strike_B"],"damage_healed":0,"gold_gain":0,"player_choice":"Card Removal","damage_taken":0,"max_hp_gain":0,"max_hp_loss":0,"event_name":"The Cleric","floor":3,"gold_loss":50},{"damage_healed":0,"gold_gain":0,"player_choice":"Read","damage_taken":0,"max_hp_gain":0,"max_hp_loss":0,"event_name":"The Library","floor":19,"gold_loss":0,"cards_obtained":["Capacitor"]},{"damage_healed":0,"gold_gain":0,"cards_transformed":["Strike_B","Strike_B"],"player_choice":"Became Test Subject","damage_taken":0,"max_hp_gain":0,"max_hp_loss":0,"event_name":"Drug Dealer","floor":21,"gold_loss":0,"cards_obtained":["Storm","Amplify"]},{"damage_healed":0,"gold_gain":0,"player_choice":"Obtained Relic","damage_taken":0,"relics_obtained":["Gremlin Horn"],"max_hp_gain":0,"max_hp_loss":0,"event_name":"Addict","floor":22,"gold_loss":85}],"is_beta":true,"boss_relics":[{"not_picked":["Calling Bell","Runic Dome"],"picked":"Runic Pyramid"}],"items_purged_floors":[13],"is_endless":false,"potions_floor_spawned":[7,12,14,16,18,23,25],"killed_by":"Slavers","ascension_level":1}