{"gold_per_floor":[117,292,292,307,382,382,382,413,413,429,429,460,476,514,514,639,639,658,658,658,658,692,732,732,770,770,809,827,841,866,891,891,1015,1015,1036,434,534,116,134,165,189,228,228,263,288,288,79,79,79,79],"floor_reached":51,"playtime":2882,"items_purged":["Impatience","Doubt"],"score":1312,"play_id":"1a7362ae-efd5-429a-9f87-2644cc87e695","local_time":"20190108212042","is_ascension_mode":true,"campfire_choices":[{"data":"Cleave","floor":6,"key":"SMITH"},{"data":"Demon Form","floor":11,"key":"SMITH"},{"data":"True Grit","floor":15,"key":"SMITH"},{"data":"Heavy Blade","floor":24,"key":"SMITH"},{"data":"Ghostly Armor","floor":32,"key":"SMITH"},{"data":"Iron Wave","floor":46,"key":"SMITH"},{"data":"Exhume","floor":49,"key":"SMITH"}],"neow_cost":"NONE","seed_source_timestamp":1606784905119940,"circlet_count":0,"master_deck":["Strike_R","Defend_R","Defend_R","Defend_R","Defend_R","Bash","Pommel Strike+1","Cleave+1","Demon Form+1","Spot Weakness","Iron Wave+1","True Grit+1","Ghostly Armor+1","Reaper","Shockwave+1","Warcry+1","Offering+1","True Grit+1","Shrug It Off+1","Heavy Blade+1","Brutality+1","Heavy Blade+1","Demon Form+1","Exhume+1","Feel No Pain+1","Warcry+1","Rupture+1","Rupture+1","Power Through"],"relics":["Burning Blood","NeowsBlessing","Golden Idol","Thread and Needle","Frozen Egg 2","Strawberry","Juzu Bracelet","Astrolabe","MutagenicStrength","Red Mask","Centennial Puzzle","Bag of Preparation","Singing Bowl","Bottled Tornado","Velvet Choker","Oddly Smooth Stone","Magic Flower","Bottled Flame","The Courier","Incense Burner","Pear","Self Forming Clay"],"potions_floor_usage":[14,14,16,22,27,50],"damage_taken":[{"damage":0,"enemies":"Jaw Worm","floor":1,"turns":1},{"damage":0,"enemies":"Small Slimes","floor":4,"turns":1},{"damage":0,"enemies":"Gremlin Nob","floor":8,"turns":1},{"damage":0,"enemies":"Cultist","floor":10,"turns":4},{"damage":25,"enemies":"3 Sentries","floor":12,"turns":5},{"damage":14,"enemies":"Blue Slaver","floor":13,"turns":4},{"damage":6,"enemies":"Lagavulin","floor":14,"turns":7},{"damage":19,"enemies":"Slime Boss","floor":16,"turns":7},{"damage":29,"enemies":"2 Thieves","floor":18,"turns":5},{"damage":6,"enemies":"Masked Bandits","floor":22,"turns":4},{"damage":71,"enemies":"Slavers","floor":23,"turns":9},{"damage":7,"enemies":"Gremlin Leader","floor":25,"turns":6},{"damage":17,"enemies":"Book of Stabbing","floor":27,"turns":3},{"damage":21,"enemies":"Spheric Guardian","floor":28,"turns":6},{"damage":31,"enemies":"Shelled Parasite and Fungi","floor":29,"turns":5},{"damage":64,"enemies":"Snake Plant","floor":30,"turns":8},{"damage":11,"enemies":"Centurion and Healer","floor":31,"turns":4},{"damage":94,"enemies":"Automaton","floor":33,"turns":8},{"damage":36,"enemies":"3 Darklings","floor":35,"turns":4},{"damage":21,"enemies":"3 Shapes","floor":39,"turns":6},{"damage":91,"enemies":"Reptomancer","floor":40,"turns":6},{"damage":11,"enemies":"3 Darklings","floor":41,"turns":6},{"damage":17,"enemies":"Nemesis","floor":42,"turns":7},{"damage":11,"enemies":"Giant Head","floor":44,"turns":6},{"damage":30,"enemies":"Spire Growth","floor":45,"turns":6},{"damage":46,"enemies":"Time Eater","floor":50,"turns":6}],"seed_played":"3530500503648224020","potions_obtained":[{"floor":4,"key":"Regen Potion"},{"floor":12,"key":"AttackPotion"},{"floor":13,"key":"PowerPotion"},{"floor":16,"key":"PowerPotion"},{"floor":18,"key":"FearPotion"},{"floor":25,"key":"AttackPotion"},{"floor":28,"key":"BloodPotion"},{"floor":31,"key":"FearPotion"}],"is_trial":false,"path_per_floor":["M","?","?","M","?","R","?","E","T","M","R","E","M","E","R","B",null,"M","?","?","?","?","E","R","E","T","E","M","M","M","M","R","B",null,"M","$","?","$","M","E","M","E","T","E","M","R","$","?","R","B",null],"character_chosen":"IRONCLAD","items_purchased":["Exhume","Oddly Smooth Stone","Magic Flower","Feel No Pain+1","Bottled Flame","Self Forming Clay"],"campfire_rested":0,"item_purchase_floors":[36,36,36,38,38,47],"current_hp_per_floor":[78,78,58,64,53,53,53,59,59,65,65,53,45,60,60,47,77,66,50,50,50,80,52,52,87,87,78,76,91,66,89,89,14,75,97,97,97,97,99,88,101,101,101,109,113,113,113,113,113,113],"gold":79,"neow_bonus":"THREE_ENEMY_KILL","is_prod":false,"is_daily":false,"chose_seed":false,"campfire_upgraded":7,"win_rate":0,"timestamp":1547004042,"path_taken":["M","?","?","M","?","R","?","E","T","M","R","E","?","E","R","BOSS","M","?","?","?","?","E","R","E","T","E","M","M","M","M","R","BOSS","M","$","?","$","M","E","M","E","T","E","M","R","$","?","R","BOSS"],"build_version":"2019-01-03v4","purchased_purges":2,"victory":true,"max_hp_per_floor":[80,80,80,80,80,80,80,80,80,80,80,87,87,87,87,87,87,87,87,87,87,87,87,87,87,87,89,91,91,93,95,95,95,95,97,97,97,97,99,101,101,101,101,111,113,113,113,113,113,113],"card_choices":[{"not_picked":["Headbutt","Warcry"],"picked":"Pommel Strike","floor":1},{"not_picked":["Warcry","Twin Strike"],"picked":"Cleave","floor":4},{"not_picked":["Thunderclap","Metallicize"],"picked":"Demon Form","floor":8},{"not_picked":["Bloodletting","Cleave"],"picked":"Spot Weakness","floor":10},{"not_picked":["Sever Soul","Flex"],"picked":"Iron Wave","floor":12},{"not_picked":["Perfected Strike","Havoc"],"picked":"True Grit","floor":13},{"not_picked":["Bloodletting","Twin Strike"],"picked":"Ghostly Armor","floor":14},{"not_picked":["Berserk+1","Barricade+1"],"picked":"Reaper","floor":16},{"not_picked":["Armaments","Flex"],"picked":"True Grit+1","floor":18},{"not_picked":["Second Wind","Perfected Strike"],"picked":"Shrug It Off+1","floor":22},{"not_picked":["Combust+1","Dual Wield"],"picked":"Heavy Blade","floor":23},{"not_picked":["Headbutt","Carnage+1"],"picked":"Brutality+1","floor":25},{"not_picked":["Headbutt+1","Twin Strike","Spot Weakness"],"picked":"Singing Bowl","floor":27},{"not_picked":["Armaments","Anger","True Grit+1"],"picked":"Singing Bowl","floor":28},{"not_picked":["Perfected Strike","Sever Soul"],"picked":"Heavy Blade+1","floor":29},{"not_picked":["Double Tap","Clash","Flex"],"picked":"Singing Bowl","floor":30},{"not_picked":["Evolve+1","Cleave","Wild Strike+1"],"picked":"Singing Bowl","floor":31},{"not_picked":["Fiend Fire","Exhume"],"picked":"Demon Form+1","floor":33},{"not_picked":["Armaments","Clothesline+1","Whirlwind"],"picked":"Singing Bowl","floor":35},{"not_picked":["Cleave+1","Clash","Havoc"],"picked":"Singing Bowl","floor":39},{"not_picked":["Whirlwind+1","Perfected Strike+1","Blood for Blood"],"picked":"Singing Bowl","floor":40},{"not_picked":["Brutality+1","Heavy Blade+1"],"picked":"Warcry+1","floor":41},{"not_picked":["Intimidate","Sever Soul"],"picked":"Rupture+1","floor":42},{"not_picked":["Heavy Blade+1","Anger"],"picked":"Rupture+1","floor":44},{"not_picked":["Headbutt","Twin Strike+1","Disarm+1"],"picked":"Singing Bowl","floor":45}],"player_experience":416774,"relics_obtained":[{"floor":8,"key":"Thread and Needle"},{"floor":9,"key":"Frozen Egg 2"},{"floor":12,"key":"Strawberry"},{"floor":14,"key":"Juzu Bracelet"},{"floor":22,"key":"Red Mask"},{"floor":23,"key":"Centennial Puzzle"},{"floor":25,"key":"Bag of Preparation"},{"floor":26,"key":"Singing Bowl"},{"floor":27,"key":"Bottled Tornado"},{"floor":40,"key":"The Courier"},{"floor":42,"key":"Incense Burner"},{"floor":44,"key":"Pear"}],"event_choices":[{"damage_healed":0,"gold_gain":175,"player_choice":"AGREE","damage_taken":0,"max_hp_gain":0,"max_hp_loss":0,"event_name":"Liars Game","floor":2,"gold_loss":0,"cards_obtained":["Doubt"]},{"damage_healed":0,"gold_gain":0,"player_choice":"Take Damage","damage_taken":20,"relics_obtained":["Golden Idol"],"max_hp_gain":0,"max_hp_loss":0,"event_name":"Golden Idol","floor":3,"gold_loss":0},{"damage_healed":0,"gold_gain":75,"player_choice":"Gather Gold","damage_taken":11,"max_hp_gain":0,"max_hp_loss":0,"event_name":"World of Goop","floor":5,"gold_loss":0},{"damage_healed":0,"gold_gain":0,"player_choice":"Upgraded","damage_taken":0,"max_hp_gain":0,"max_hp_loss":0,"event_name":"Upgrade Shrine","floor":7,"gold_loss":0,"cards_upgraded":["Pommel Strike"]},{"damage_healed":0,"gold_gain":0,"player_choice":"CARD ","damage_taken":16,"max_hp_gain":0,"max_hp_loss":0,"event_name":"Knowing Skull","floor":19,"potions_obtained":[],"gold_loss":0,"cards_obtained":["Impatience"]},{"damage_healed":0,"gold_gain":0,"player_choice":"Ignored","damage_taken":0,"max_hp_gain":0,"max_hp_loss":0,"event_name":"Vampires","floor":20,"gold_loss":0},{"damage_healed":0,"gold_gain":0,"player_choice":"Inject Mutagens","damage_taken":0,"relics_obtained":["MutagenicStrength"],"max_hp_gain":0,"max_hp_loss":0,"event_name":"Drug Dealer","floor":21,"gold_loss":0},{"damage_healed":0,"gold_gain":0,"player_choice":"Fought Bandits","damage_taken":0,"max_hp_gain":0,"max_hp_loss":0,"event_name":"Masked Bandits","floor":22,"gold_loss":0},{"damage_healed":0,"gold_gain":100,"player_choice":"Pray","damage_taken":0,"max_hp_gain":0,"max_hp_loss":0,"event_name":"Golden Shrine","floor":37,"gold_loss":0},{"damage_healed":0,"gold_gain":0,"cards_transformed":["Strike_R"],"player_choice":"Transformed","damage_taken":0,"max_hp_gain":0,"max_hp_loss":0,"event_name":"Transmorgrifier","floor":48,"gold_loss":0,"cards_obtained":["Power Through"]}],"is_beta":false,"boss_relics":[{"not_picked":["Lizard Tail","Cursed Key"],"picked":"Astrolabe"},{"not_picked":["Sozu","Orrery"],"picked":"Velvet Choker"}],"items_purged_floors":[36,38],"is_endless":false,"potions_floor_spawned":[4,12,13,16,18,25,28,31,33,35,42,44],"ascension_level":9}