{"gold_per_floor":[111,111,135,135,135,135,166,166,220,220,220,40,60,94,94,220,220,241,166,166,166],"floor_reached":21,"playtime":1328,"items_purged":["Strike_B"],"score":291,"play_id":"4a2bffed-a627-4f06-88e1-d186520bd0c2","local_time":"20181012133509","is_ascension_mode":true,"campfire_choices":[{"data":"Zap","floor":6,"key":"SMITH"},{"data":"Dualcast","floor":8,"key":"SMITH"},{"data":"FTL","floor":11,"key":"SMITH"},{"data":"Good Instincts","floor":15,"key":"SMITH"}],"neow_cost":"PERCENT_DAMAGE","seed_source_timestamp":82414862348671,"circlet_count":0,"master_deck":["Strike_B","Defend_B","Defend_B","Defend_B","Defend_B","Zap+1","Dualcast+1","FTL+1","BootSequence","All For One","Good Instincts+1","Gash","Gash","Echo Form","Hologram"],"relics":["Cracked Core","Golden Idol","Shuriken","Regal Pillow","Bag of Marbles","Lizard Tail","Gremlin Horn"],"potions_floor_usage":[7,7,14,14,16],"damage_taken":[{"damage":7,"enemies":"Jaw Worm","floor":1,"turns":3},{"damage":2,"enemies":"2 Louse","floor":3,"turns":2},{"damage":17,"enemies":"Lagavulin","floor":7,"turns":6},{"damage":0,"enemies":"Small Slimes","floor":13,"turns":2},{"damage":0,"enemies":"3 Sentries","floor":14,"turns":3},{"damage":18,"enemies":"Slime Boss","floor":16,"turns":9},{"damage":15,"enemies":"Spheric Guardian","floor":18,"turns":4},{"damage":18,"enemies":"Colosseum Slavers","floor":21,"turns":4},{"damage":123,"enemies":"Colosseum Nobs","floor":21,"turns":4}],"seed_played":"2680870574054989557","potions_obtained":[{"floor":1,"key":"Weak Potion"},{"floor":4,"key":"Fire Potion"},{"floor":4,"key":"Dexterity Potion"},{"floor":13,"key":"Explosive Potion"},{"floor":14,"key":"Block Potion"}],"is_trial":false,"path_per_floor":["M","?","M","?","?","R","E","R","T","?","R","$","M","E","R","B",null,"M","?","?"],"character_chosen":"DEFECT","items_purchased":["Good Instincts"],"campfire_rested":0,"item_purchase_floors":[12],"current_hp_per_floor":[57,57,55,55,60,60,43,43,43,43,43,43,43,43,43,25,72,57,57,57,0],"gold":166,"neow_bonus":"TWENTY_PERCENT_HP_BONUS","is_prod":false,"is_daily":false,"chose_seed":false,"campfire_upgraded":4,"win_rate":0,"timestamp":1539311709,"path_taken":["M","?","M","?","?","R","E","R","T","?","R","$","?","E","R","BOSS","M","?","?","?"],"build_version":"2018-10-11","purchased_purges":1,"victory":false,"max_hp_per_floor":[89,82,82,82,87,87,87,87,87,87,87,87,87,87,87,87,87,87,87,87,87],"card_choices":[{"not_picked":["Barrage","Sweeping Beam"],"picked":"FTL","floor":1},{"not_picked":["Redo","Beam Cell"],"picked":"BootSequence","floor":3},{"not_picked":["Thunder Strike","Rebound","Rip and Tear"],"picked":"SKIP","floor":7},{"not_picked":["Leap","Barrage"],"picked":"Gash","floor":13},{"not_picked":["Darkness","Hologram"],"picked":"Gash","floor":14},{"not_picked":["Creative AI","Amplify"],"picked":"Echo Form","floor":16},{"not_picked":["Sunder","Rebound"],"picked":"Hologram","floor":18}],"player_experience":664801,"relics_obtained":[{"floor":7,"key":"Shuriken"},{"floor":9,"key":"Regal Pillow"},{"floor":14,"key":"Bag of Marbles"}],"event_choices":[{"event_name":"Golden Idol","player_choice":"Lose Max HP","floor":2,"damage_taken":0},{"event_name":"The Lab","player_choice":"Got Potions","floor":4,"damage_taken":0},{"event_name":"Big Fish","player_choice":"Donut","floor":5,"damage_taken":0},{"event_name":"Transmorgrifier","player_choice":"Transform","floor":10,"damage_taken":0},{"event_name":"Beggar","player_choice":"Gave Gold","floor":19,"damage_taken":0},{"event_name":"The Mausoleum","player_choice":"Yes","floor":20,"damage_taken":0},{"event_name":"Colosseum","player_choice":"Fight","floor":21,"damage_taken":0},{"event_name":"Colosseum","player_choice":"Fought Nobs","floor":21,"damage_taken":0}],"is_beta":false,"boss_relics":[{"not_picked":["Astrolabe","Pandora\u0027s Box"],"picked":"Lizard Tail"}],"items_purged_floors":[12],"is_endless":false,"potions_floor_spawned":[1,13,14,21],"killed_by":"Colosseum Nobs","ascension_level":8}