{"gold_per_floor":[110,110,123,123,48,48,67,80,107,122,141,159,159,203,203,203],"floor_reached":16,"playtime":715,"items_purged":["Strike_R"],"score":161,"play_id":"1f460589-e988-4853-88da-16943b023f8f","local_time":"20190113113900","is_ascension_mode":true,"campfire_choices":[{"data":"Anger","floor":6,"key":"SMITH"},{"data":"Flame Barrier","floor":13,"key":"SMITH"},{"data":"Power Through","floor":15,"key":"SMITH"}],"neow_cost":"NONE","seed_source_timestamp":228685257884751,"circlet_count":0,"master_deck":["AscendersBane","Strike_R","Strike_R","Strike_R+1","Strike_R+1","Defend_R","Defend_R","Defend_R","Defend_R","Bash","Anger+1","Flame Barrier+1","Iron Wave","Heavy Blade","Immolate","Reckless Charge","Iron Wave","Power Through+1"],"relics":["Burning Blood","Lantern","Golden Idol","Whetstone","Bag of Marbles"],"potions_floor_usage":[14,14],"damage_taken":[{"damage":0,"enemies":"2 Louse","floor":1,"turns":3},{"damage":0,"enemies":"Small Slimes","floor":3,"turns":3},{"damage":8,"enemies":"Jaw Worm","floor":7,"turns":4},{"damage":19,"enemies":"Exordium Thugs","floor":8,"turns":5},{"damage":15,"enemies":"Lots of Slimes","floor":10,"turns":5},{"damage":2,"enemies":"2 Fungi Beasts","floor":11,"turns":2},{"damage":9,"enemies":"Large Slime","floor":12,"turns":4},{"damage":24,"enemies":"Gremlin Nob","floor":14,"turns":4},{"damage":29,"enemies":"The Guardian","floor":16,"turns":8}],"seed_played":"-4292995129205229551","potions_obtained":[{"floor":7,"key":"FearPotion"},{"floor":8,"key":"Weak Potion"}],"is_trial":false,"path_per_floor":["M","?","M","?","$","R","M","M","T","M","M","M","R","E","R","B"],"character_chosen":"IRONCLAD","items_purchased":[],"campfire_rested":0,"item_purchase_floors":[],"current_hp_per_floor":[78,58,64,69,69,69,67,54,54,45,49,46,46,28,28,0],"gold":203,"neow_bonus":"RANDOM_COMMON_RELIC","is_prod":false,"is_daily":false,"chose_seed":false,"campfire_upgraded":3,"win_rate":0,"timestamp":1547401140,"path_taken":["M","?","M","?","?","R","M","?","T","?","?","M","R","E","R","BOSS"],"build_version":"2019-01-10","purchased_purges":1,"victory":false,"max_hp_per_floor":[80,80,80,85,85,85,85,85,85,85,85,85,85,85,85,85],"card_choices":[{"not_picked":["Twin Strike","Shockwave"],"picked":"Anger","floor":1},{"not_picked":["Fire Breathing","Flex"],"picked":"Flame Barrier","floor":3},{"not_picked":["Inflame","Heavy Blade"],"picked":"Iron Wave","floor":7},{"not_picked":["Wild Strike","Infernal Blade"],"picked":"Heavy Blade","floor":8},{"not_picked":["Thunderclap","Entrench"],"picked":"Immolate","floor":10},{"not_picked":["Cleave","Pommel Strike"],"picked":"Reckless Charge","floor":11},{"not_picked":["Corruption","Entrench"],"picked":"Iron Wave","floor":12},{"not_picked":["Wild Strike","Burning Pact"],"picked":"Power Through","floor":14}],"player_experience":455124,"relics_obtained":[{"floor":9,"key":"Whetstone"},{"floor":14,"key":"Bag of Marbles"}],"event_choices":[{"damage_healed":0,"gold_gain":0,"player_choice":"Take Damage","damage_taken":20,"relics_obtained":["Golden Idol"],"max_hp_gain":0,"max_hp_loss":0,"event_name":"Golden Idol","floor":2,"gold_loss":0},{"damage_healed":0,"gold_gain":0,"player_choice":"Donut","damage_taken":0,"max_hp_gain":5,"max_hp_loss":0,"event_name":"Big Fish","floor":4,"gold_loss":0}],"is_beta":false,"boss_relics":[],"items_purged_floors":[5],"is_endless":false,"potions_floor_spawned":[7,8],"killed_by":"The Guardian","ascension_level":11}