{"gold_per_floor":[111,111,134,309,76,117,117,130,130,149,173,216,196,210,210,340,340,365,365,365,380,396,421,421,187,213,257,257,257,357,400,400,531,531,552,566,582,582],"floor_reached":38,"playtime":2754,"items_purged":["Doubt","Strike_B"],"score":451,"play_id":"593f1c3a-1c53-413b-b71b-8d88d5d4e402","local_time":"20181122221450","is_ascension_mode":false,"campfire_choices":[{"data":"Defragment","floor":7,"key":"SMITH"},{"floor":15,"key":"RECALL"},{"data":"Loop","floor":24,"key":"SMITH"},{"data":"Mayhem","floor":29,"key":"SMITH"},{"data":"Defragment","floor":32,"key":"SMITH"}],"neow_cost":"NONE","seed_source_timestamp":85593516412383,"circlet_count":0,"master_deck":["Strike_B","Strike_B","Strike_B","Defend_B","Defend_B","Defend_B","Defend_B","Zap","Dualcast","Capacitor","Defragment+1","Echo Form","Self Repair","Defragment+1","Conserve Battery","Machine Learning+1","Undo","Ball Lightning","Electrodynamics","Cold Snap","Loop+1","Mayhem+1","Glacier","Defragment","Undo","Buffer","Force Field","Loop"],"relics":["Cracked Core","NeowsBlessing","Golden Idol","Blood Vial","The Courier","Dead Branch","Nuclear Battery","Regal Pillow","Mercury Hourglass","Fusion Hammer"],"potions_floor_usage":[12,16,16,16,22,33,35,38,38],"damage_taken":[{"damage":0,"enemies":"Cultist","floor":1,"turns":1},{"damage":0,"enemies":"Small Slimes","floor":3,"turns":1},{"damage":0,"enemies":"3 Sentries","floor":6,"turns":1},{"damage":1,"enemies":"2 Louse","floor":8,"turns":2},{"damage":21,"enemies":"Lots of Slimes","floor":10,"turns":5},{"damage":0,"enemies":"Large Slime","floor":11,"turns":5},{"damage":21,"enemies":"Lagavulin","floor":12,"turns":5},{"damage":12,"enemies":"Exordium Wildlife","floor":14,"turns":5},{"damage":31,"enemies":"The Guardian","floor":16,"turns":8},{"damage":5,"enemies":"Chosen","floor":18,"turns":4},{"damage":10,"enemies":"Spheric Guardian","floor":21,"turns":4},{"damage":9,"enemies":"Cultist and Chosen","floor":22,"turns":5},{"damage":18,"enemies":"3 Cultists","floor":23,"turns":5},{"damage":13,"enemies":"Gremlin Leader","floor":27,"turns":6},{"damage":18,"enemies":"Book of Stabbing","floor":31,"turns":7},{"damage":7,"enemies":"Automaton","floor":33,"turns":7},{"damage":17,"enemies":"3 Darklings","floor":35,"turns":3},{"damage":23,"enemies":"3 Shapes","floor":36,"turns":3},{"damage":14,"enemies":"Transient","floor":37,"turns":5},{"damage":43,"enemies":"2 Orb Walkers","floor":38,"turns":3}],"seed_played":"2307561080377656226","potions_obtained":[{"floor":1,"key":"LiquidBronze"},{"floor":8,"key":"Poison Potion"},{"floor":12,"key":"AttackPotion"},{"floor":13,"key":"SkillPotion"},{"floor":16,"key":"SkillPotion"},{"floor":18,"key":"FocusPotion"},{"floor":23,"key":"FearPotion"},{"floor":33,"key":"Block Potion"},{"floor":37,"key":"Strength Potion"}],"is_trial":false,"path_per_floor":["M","?","M","?","$","E","R","M","T","M","M","E","?","M","R","B",null,"M","?","?","M","M","M","R","$","T","E","?","R","?","E","R","B",null,"M","M","M","?"],"character_chosen":"DEFECT","items_purchased":["Echo Form","Mayhem"],"campfire_rested":0,"item_purchase_floors":[5,25],"current_hp_per_floor":[75,57,57,57,57,57,57,65,65,53,62,57,57,61,61,39,75,70,70,70,62,62,60,60,60,60,56,56,56,56,47,47,49,75,58,44,39,0],"gold":582,"neow_bonus":"THREE_ENEMY_KILL","is_prod":false,"is_daily":false,"chose_seed":false,"campfire_upgraded":4,"win_rate":0,"timestamp":1542885290,"path_taken":["M","?","M","?","$","E","R","M","T","M","M","E","?","M","R","BOSS","M","?","?","?","M","M","R","$","T","E","?","R","?","E","R","BOSS","M","M","?","?"],"build_version":"2018-11-15","purchased_purges":2,"victory":false,"max_hp_per_floor":[75,75,75,75,75,75,75,75,75,75,75,75,75,75,75,75,75,75,75,75,75,75,75,75,75,75,75,75,75,75,75,75,75,75,75,75,75,75],"card_choices":[{"not_picked":["Go for the Eyes","Steam"],"picked":"Capacitor","floor":1},{"not_picked":["Consume","Turbo"],"picked":"Defragment","floor":3},{"not_picked":["Reprogram","Blizzard"],"picked":"Self Repair","floor":6},{"not_picked":["Barrage","Compile Driver"],"picked":"Defragment","floor":8},{"not_picked":["Barrage","Blizzard"],"picked":"Conserve Battery","floor":10},{"not_picked":["Conserve Battery","Reprogram"],"picked":"Machine Learning","floor":11},{"not_picked":["Chaos","Streamline"],"picked":"Undo","floor":12},{"not_picked":["Redo","Sweeping Beam"],"picked":"Ball Lightning","floor":14},{"not_picked":["All For One","Creative AI"],"picked":"Electrodynamics","floor":16},{"not_picked":["Go for the Eyes","Gash"],"picked":"Cold Snap","floor":18},{"not_picked":["Beam Cell","Sweeping Beam+1","Ball Lightning"],"picked":"SKIP","floor":21},{"not_picked":["Cold Snap+1","Streamline"],"picked":"Loop","floor":22},{"not_picked":["Reprogram","Recycle","Tempest"],"picked":"SKIP","floor":23},{"not_picked":["Auto Shields","Compile Driver+1"],"picked":"Glacier","floor":27},{"not_picked":["Genetic Algorithm","Coolheaded"],"picked":"Undo","floor":31},{"not_picked":["Thunder Strike","Reboot"],"picked":"Buffer","floor":33},{"not_picked":["Cold Snap","Turbo"],"picked":"Force Field","floor":35},{"not_picked":["Chaos","Auto Shields"],"picked":"Loop","floor":36},{"not_picked":["Beam Cell","Rebound","Auto Shields+1"],"picked":"SKIP","floor":37}],"player_experience":934116,"relics_obtained":[{"floor":6,"key":"Blood Vial"},{"floor":9,"key":"The Courier"},{"floor":12,"key":"Dead Branch"},{"floor":27,"key":"Regal Pillow"},{"floor":31,"key":"Mercury Hourglass"}],"event_choices":[{"damage_healed":0,"gold_gain":0,"player_choice":"Take Damage","damage_taken":18,"relics_obtained":["Golden Idol"],"max_hp_gain":0,"max_hp_loss":0,"event_name":"Golden Idol","floor":2,"gold_loss":0},{"damage_healed":0,"gold_gain":175,"player_choice":"AGREE","damage_taken":0,"max_hp_gain":0,"max_hp_loss":0,"event_name":"Liars Game","floor":4,"gold_loss":0,"cards_obtained":["Doubt"]},{"damage_healed":0,"gold_gain":0,"player_choice":"Bought 1 Potion","damage_taken":0,"max_hp_gain":0,"max_hp_loss":0,"event_name":"The Woman in Blue","floor":13,"gold_loss":0},{"damage_healed":0,"gold_gain":0,"player_choice":"Ignored","damage_taken":0,"max_hp_gain":0,"max_hp_loss":0,"event_name":"Ghosts","floor":19,"gold_loss":0},{"damage_healed":0,"gold_gain":0,"player_choice":"Upgraded","damage_taken":0,"max_hp_gain":0,"max_hp_loss":0,"event_name":"Upgrade Shrine","floor":20,"gold_loss":0,"cards_upgraded":["Machine Learning"]},{"damage_healed":0,"gold_gain":0,"player_choice":"Read","damage_taken":0,"max_hp_gain":0,"max_hp_loss":0,"event_name":"The Library","floor":28,"gold_loss":0,"cards_obtained":["Defragment"]},{"damage_healed":0,"gold_gain":100,"player_choice":"Pray","damage_taken":0,"max_hp_gain":0,"max_hp_loss":0,"event_name":"Golden Shrine","floor":30,"gold_loss":0},{"damage_healed":0,"gold_gain":0,"player_choice":"Fight","damage_taken":0,"max_hp_gain":0,"max_hp_loss":0,"event_name":"Mysterious Sphere","floor":38,"gold_loss":0}],"is_beta":true,"boss_relics":[{"not_picked":["Astrolabe","Pandora\u0027s Box"],"picked":"Nuclear Battery"},{"not_picked":["Snecko Eye","Tiny House"],"picked":"Fusion Hammer"}],"items_purged_floors":[5,25],"is_endless":false,"potions_floor_spawned":[1,8,12,16,18,23,33,37],"killed_by":"2 Orb Walkers","ascension_level":0}