{"gold_per_floor":[114,129,144,114,129,159,159,174,174,189,189,219,234,234,234,334,334,349,364,14,29,44,44,44,44,44,74,89,104,104,134,134,234,234,249,249,1,16,16,16,46,61,61,61,76,91,91,106,106,106],"floor_reached":51,"playtime":1998,"items_purged":[],"score":1208,"play_id":"e244a86b-b1e4-44d3-ae84-db91102fdb67","local_time":"20190121232658","daily_mods":["Shiny","Hoarder","Binary"],"is_ascension_mode":false,"campfire_choices":[{"floor":7,"key":"DIG"},{"floor":11,"key":"DIG"},{"floor":15,"key":"DIG"},{"floor":23,"key":"REST"},{"floor":25,"key":"DIG"},{"floor":30,"key":"DIG"},{"floor":32,"key":"REST"},{"floor":40,"key":"DIG"},{"floor":44,"key":"DIG"},{"floor":47,"key":"DIG"},{"floor":49,"key":"DIG"}],"neow_cost":"","seed_source_timestamp":0,"circlet_count":0,"master_deck":["Double Tap","Demon Form","Bludgeon","Feed","Limit Break","Fiend Fire","Dark Embrace","Berserk","Impervious","Juggernaut","Brutality","Reaper","Exhume","Offering","Immolate","Sword Boomerang","Sword Boomerang","Sword Boomerang","Cleave","Cleave","Cleave","Sword Boomerang","Sword Boomerang","Sword Boomerang","Havoc","Havoc","Havoc","Bludgeon","Bludgeon","Bludgeon","Cleave","Cleave","Cleave","Thunderclap","Thunderclap","Thunderclap","Second Wind+1","Second Wind+1","Second Wind+1","Perfected Strike","Perfected Strike","Perfected Strike","Demon Form","Demon Form","Demon Form","Shrug It Off+1","Shrug It Off+1","Shrug It Off+1","Spot Weakness+1","Spot Weakness+1","Spot Weakness+1","Offering+1","Offering+1","Offering+1","Immolate","Immolate","Immolate","Headbutt","Headbutt","Headbutt","Corruption+1","Corruption+1","Corruption+1","Battle Trance+1","Battle Trance+1","Battle Trance+1","Clash","Clash","Clash","Flame Barrier+1","Flame Barrier+1","Flame Barrier+1","Offering+1","Offering+1","Offering+1","Havoc+1","Havoc+1","Havoc+1","Secret Technique+1","Secret Technique+1","Secret Technique+1","Discovery+1","Discovery+1","Discovery+1","Trip+1","Trip+1","Trip+1","Warcry+1","Warcry+1","Warcry+1","Heavy Blade","Heavy Blade","Heavy Blade","Pain","Pain","Pain","Uppercut+1","Uppercut+1","Uppercut+1","Bloodletting+1","Bloodletting+1","Bloodletting+1","Shrug It Off+1","Shrug It Off+1","Shrug It Off+1","Rupture+1","Rupture+1","Rupture+1","Twin Strike","Twin Strike","Twin Strike"],"special_seed":17917,"relics":["Black Blood","Shovel","Kunai","Toxic Egg 2","Turnip","Sundial","Potion Belt","Fusion Hammer","DollysMirror","Regal Pillow","Frozen Egg 2","Mango","Bronze Scales","Calipers","Red Skull","Brimstone","WarpedTongs","PreservedInsect","Blue Candle","Torii","Blood Vial","Paper Frog","Pear"],"potions_floor_usage":[6,12,16,22,29,31,46,50,50],"damage_taken":[{"damage":14,"enemies":"Small Slimes","floor":1,"turns":4},{"damage":0,"enemies":"Cultist","floor":2,"turns":2},{"damage":6,"enemies":"2 Louse","floor":3,"turns":1},{"damage":10,"enemies":"Gremlin Gang","floor":5,"turns":3},{"damage":18,"enemies":"3 Sentries","floor":6,"turns":4},{"damage":6,"enemies":"Looter","floor":8,"turns":2},{"damage":15,"enemies":"3 Louse","floor":10,"turns":4},{"damage":0,"enemies":"Gremlin Nob","floor":12,"turns":2},{"damage":0,"enemies":"Red Slaver","floor":13,"turns":4},{"damage":6,"enemies":"Slime Boss","floor":16,"turns":4},{"damage":27,"enemies":"3 Byrds","floor":18,"turns":4},{"damage":2,"enemies":"Chosen","floor":19,"turns":3},{"damage":15,"enemies":"Centurion and Healer","floor":21,"turns":2},{"damage":36,"enemies":"Snake Plant","floor":22,"turns":3},{"damage":12,"enemies":"Gremlin Leader","floor":27,"turns":2},{"damage":17,"enemies":"Cultist and Chosen","floor":28,"turns":2},{"damage":7,"enemies":"Shelled Parasite and Fungi","floor":29,"turns":3},{"damage":23,"enemies":"Book of Stabbing","floor":31,"turns":4},{"damage":37,"enemies":"Champ","floor":33,"turns":5},{"damage":6,"enemies":"Orb Walker","floor":35,"turns":2},{"damage":4,"enemies":"3 Shapes","floor":38,"turns":2},{"damage":12,"enemies":"Reptomancer","floor":41,"turns":2},{"damage":14,"enemies":"Transient","floor":42,"turns":5},{"damage":19,"enemies":"Sphere and 2 Shapes","floor":45,"turns":2},{"damage":2,"enemies":"Jaw Worm Horde","floor":46,"turns":2},{"damage":34,"enemies":"Transient","floor":48,"turns":3},{"damage":63,"enemies":"Time Eater","floor":50,"turns":4}],"seed_played":"8847064133434649062","potions_obtained":[{"floor":3,"key":"SneckoOil"},{"floor":4,"key":"FearPotion"},{"floor":4,"key":"SpeedPotion"},{"floor":5,"key":"Fire Potion"},{"floor":10,"key":"Ancient Potion"},{"floor":12,"key":"Dexterity Potion"},{"floor":13,"key":"Energy Potion"},{"floor":19,"key":"Block Potion"},{"floor":22,"key":"Fire Potion"},{"floor":27,"key":"PowerPotion"},{"floor":28,"key":"FearPotion"},{"floor":31,"key":"LiquidBronze"},{"floor":38,"key":"SkillPotion"},{"floor":45,"key":"GamblersBrew"},{"floor":48,"key":"Energy Potion"}],"is_trial":false,"path_per_floor":["?","M","?","$","?","?"],"character_chosen":"IRONCLAD","items_purchased":["DollysMirror","Regal Pillow","Brimstone","Warcry+1"],"campfire_rested":2,"item_purchase_floors":[20,20,37,37],"current_hp_per_floor":[76,83,86,86,82,73,73,73,73,72,72,78,84,84,84,87,92,71,76,76,67,43,85,85,85,99,93,82,81,81,64,106,75,106,106,96,96,105,105,105,103,109,109,109,100,109,109,85,95,44],"gold":106,"neow_bonus":"","is_prod":false,"is_daily":true,"chose_seed":false,"campfire_upgraded":0,"win_rate":0,"timestamp":1548109618,"path_taken":["M","M","M","?","M","E","R","M","T","?","R","E","M","?","R","BOSS","M","M","$","M","M","R","?","R","T","E","M","M","R","E","R","BOSS","M","?","$","M","?","R","E","M","T","R","M","M","R","M","R","BOSS"],"build_version":"2019-01-20","purchased_purges":0,"victory":true,"max_hp_per_floor":[80,83,86,86,86,89,89,89,89,89,89,89,89,89,89,92,92,92,92,92,92,92,92,92,92,106,106,106,106,106,106,106,106,106,106,106,106,109,109,109,109,109,109,109,109,109,109,109,119,119],"card_choices":[{"not_picked":["Armaments"],"picked":"Sword Boomerang","floor":1},{"not_picked":["True Grit"],"picked":"Cleave","floor":2},{"not_picked":["Rupture"],"picked":"Sword Boomerang","floor":3},{"not_picked":["Anger"],"picked":"Havoc","floor":5},{"not_picked":["Clothesline"],"picked":"Bludgeon","floor":6},{"not_picked":["Twin Strike"],"picked":"Cleave","floor":8},{"not_picked":["Sword Boomerang"],"picked":"Thunderclap","floor":10},{"not_picked":["Hemokinesis"],"picked":"Second Wind+1","floor":12},{"not_picked":["Rupture"],"picked":"Perfected Strike","floor":13},{"not_picked":["Reaper"],"picked":"Demon Form","floor":16},{"not_picked":["Whirlwind"],"picked":"Shrug It Off+1","floor":18},{"not_picked":["Iron Wave"],"picked":"Spot Weakness+1","floor":19},{"not_picked":["Heavy Blade"],"picked":"Immolate","floor":21},{"not_picked":["Entrench+1"],"picked":"Headbutt","floor":22},{"not_picked":["Headbutt+1"],"picked":"Corruption+1","floor":27},{"not_picked":["Clash"],"picked":"Battle Trance+1","floor":28},{"not_picked":["Cleave"],"picked":"Clash","floor":29},{"not_picked":["Cleave"],"picked":"Flame Barrier+1","floor":31},{"not_picked":["Double Tap+1"],"picked":"Offering+1","floor":33},{"not_picked":["Carnage"],"picked":"Havoc+1","floor":35},{"not_picked":["Chrysalis+1"],"picked":"Secret Technique+1","floor":36},{"not_picked":["Dark Shackles+1"],"picked":"Discovery+1","floor":36},{"not_picked":["Madness+1"],"picked":"Trip+1","floor":36},{"not_picked":["True Grit+1"],"picked":"Heavy Blade","floor":38},{"not_picked":["Clash"],"picked":"Uppercut+1","floor":41},{"not_picked":["Searing Blow+1"],"picked":"Bloodletting+1","floor":42},{"not_picked":["Second Wind+1"],"picked":"Shrug It Off+1","floor":45},{"not_picked":["Uppercut"],"picked":"Rupture+1","floor":46},{"not_picked":["Immolate"],"picked":"Twin Strike","floor":48}],"player_experience":192600,"relics_obtained":[{"floor":6,"key":"Shovel"},{"floor":7,"key":"Kunai"},{"floor":9,"key":"Toxic Egg 2"},{"floor":11,"key":"Turnip"},{"floor":12,"key":"Sundial"},{"floor":15,"key":"Potion Belt"},{"floor":25,"key":"Frozen Egg 2"},{"floor":26,"key":"Mango"},{"floor":27,"key":"Bronze Scales"},{"floor":30,"key":"Calipers"},{"floor":31,"key":"Red Skull"},{"floor":40,"key":"PreservedInsect"},{"floor":41,"key":"Blue Candle"},{"floor":43,"key":"Torii"},{"floor":44,"key":"Blood Vial"},{"floor":47,"key":"Paper Frog"},{"floor":49,"key":"Pear"}],"event_choices":[{"damage_healed":0,"gold_gain":0,"player_choice":"Bought 2 Potions","damage_taken":0,"max_hp_gain":0,"max_hp_loss":0,"event_name":"The Woman in Blue","floor":4,"gold_loss":0},{"cards_removed":["Barricade"],"damage_healed":0,"gold_gain":0,"player_choice":"Purged","damage_taken":0,"max_hp_gain":0,"max_hp_loss":0,"event_name":"Purifier","floor":14,"gold_loss":0},{"damage_healed":0,"gold_gain":0,"player_choice":"Memory 3","damage_taken":10,"max_hp_gain":0,"max_hp_loss":0,"event_name":"SensoryStone","floor":36,"gold_loss":0},{"damage_healed":0,"gold_gain":0,"player_choice":"Rummage","damage_taken":0,"relics_obtained":["WarpedTongs"],"max_hp_gain":0,"max_hp_loss":0,"event_name":"Accursed Blacksmith","floor":39,"gold_loss":0,"cards_obtained":["Pain"]}],"is_beta":true,"boss_relics":[{"not_picked":["Cursed Key","Sozu"],"picked":"Fusion Hammer"},{"not_picked":["Runic Dome","White Beast Statue"],"picked":"Black Blood"}],"items_purged_floors":[],"is_endless":false,"potions_floor_spawned":[3,5,10,12,13,19,22,27,28,31,38,45,48],"ascension_level":0}