{"gold_per_floor":[114,124,140,90,105,135,135,152,152,179,194,208,241,251,251,346,346,363,376,407,423,442,442,43,43,43,72,91,126,144,158,158,158],"floor_reached":33,"playtime":1631,"items_purged":["Defend_G"],"score":390,"play_id":"036f2934-a48e-49b9-bc74-f03f6cdac1f9","local_time":"20180821102559","is_ascension_mode":false,"campfire_choices":[{"floor":7,"key":"REST"},{"floor":15,"key":"REST"},{"floor":23,"key":"REST"},{"data":"Choke","floor":25,"key":"SMITH"},{"floor":32,"key":"REST"}],"neow_cost":"CURSE","seed_source_timestamp":4860952724737,"circlet_count":0,"master_deck":["Defend_G","Defend_G","Defend_G","Defend_G","Strike_G","Strike_G","Strike_G","Strike_G","Strike_G","Survivor","Neutralize","Prepared","Slice","Slice","Dagger Throw","Slice","Dagger Throw","Underhanded Strike","Choke+1","Backstab","Backstab","Phantasmal Killer","Prepared","All Out Attack","Deflect+1","Quick Slash","Footwork","Prepared","Prepared+1","Blur+1"],"relics":["Ring of the Snake","Tingsha","Smiling Mask","Regal Pillow","Bag of Preparation","Pantograph","White Beast Statue","Red Mask","HandDrill","Bronze Scales","Bottled Lightning","Kunai","Bird Faced Urn"],"potions_floor_usage":[6,10,13,20,21,22,27,27,29,29,30,30,33],"damage_taken":[{"damage":7,"enemies":"Cultist","floor":1,"turns":6},{"damage":0,"enemies":"Jaw Worm","floor":2,"turns":3},{"damage":0,"enemies":"Small Slimes","floor":3,"turns":3},{"damage":0,"enemies":"Looter","floor":5,"turns":5},{"damage":23,"enemies":"Lagavulin","floor":6,"turns":8},{"damage":0,"enemies":"Exordium Wildlife","floor":8,"turns":2},{"damage":8,"enemies":"Gremlin Nob","floor":10,"turns":3},{"damage":0,"enemies":"Large Slime","floor":11,"turns":3},{"damage":25,"enemies":"Gremlin Gang","floor":12,"turns":4},{"damage":11,"enemies":"Lagavulin","floor":13,"turns":4},{"damage":0,"enemies":"Exordium Thugs","floor":14,"turns":3},{"damage":0,"enemies":"Slime Boss","floor":16,"turns":7},{"damage":10,"enemies":"Spheric Guardian","floor":18,"turns":3},{"damage":1,"enemies":"Chosen","floor":19,"turns":3},{"damage":0,"floor":20,"turns":1},{"damage":18,"enemies":"Snecko","floor":21,"turns":4},{"damage":19,"enemies":"Sentry and Sphere","floor":22,"turns":4},{"damage":16,"enemies":"Slavers","floor":27,"turns":3},{"damage":3,"enemies":"Cultist and Chosen","floor":28,"turns":3},{"damage":20,"enemies":"Gremlin Leader","floor":29,"turns":5},{"damage":6,"enemies":"Snecko","floor":30,"turns":5},{"damage":16,"enemies":"Sentry and Sphere","floor":31,"turns":4},{"damage":71,"enemies":"Automaton","floor":33,"turns":10}],"seed_played":"-5759430584819176942","potions_obtained":[{"floor":3,"key":"Dexterity Potion"},{"floor":6,"key":"AttackPotion"},{"floor":12,"key":"EssenceOfSteel"},{"floor":13,"key":"Dexterity Potion"},{"floor":14,"key":"Strength Potion"},{"floor":18,"key":"SkillPotion"},{"floor":19,"key":"Energy Potion"},{"floor":20,"key":"SteroidPotion"},{"floor":21,"key":"Regen Potion"},{"floor":22,"key":"LiquidBronze"},{"floor":27,"key":"SpeedPotion"},{"floor":28,"key":"PowerPotion"},{"floor":29,"key":"SpeedPotion"},{"floor":30,"key":"Explosive Potion"},{"floor":31,"key":"AttackPotion"}],"is_trial":false,"path_per_floor":["M","M","M","?","M","E","R","M","T","E","M","M","E","M","R","B",null,"M","M","?","M","M","R","$","R","T","E","M","E","M","M","R"],"character_chosen":"THE_SILENT","items_purchased":["HandDrill","Bronze Scales"],"campfire_rested":4,"item_purchase_floors":[24,24],"current_hp_per_floor":[63,63,63,63,63,40,61,61,61,53,53,28,17,17,53,70,70,60,59,59,41,34,70,70,70,70,54,51,31,27,11,47,0],"gold":158,"neow_bonus":"ONE_RARE_RELIC","is_prod":false,"is_daily":false,"chose_seed":false,"campfire_upgraded":1,"win_rate":0.0,"timestamp":1534839959,"path_taken":["M","M","M","?","M","E","R","M","T","E","M","M","E","M","R","BOSS","M","M","?","?","M","R","$","R","T","E","M","E","M","M","R","BOSS"],"build_version":"2018-08-16","purchased_purges":1,"victory":false,"max_hp_per_floor":[70,70,70,70,70,70,70,70,70,70,70,70,70,70,70,70,70,70,70,70,70,70,70,70,70,70,70,70,70,70,70,70,70],"card_choices":[{"not_picked":["Eviscerate","Bouncing Flask"],"picked":"Prepared","floor":1},{"not_picked":["Dagger Spray","Blade Dance"],"picked":"Slice","floor":2},{"not_picked":["Dagger Spray","Caltrops"],"picked":"Slice","floor":3},{"not_picked":["Endless Agony","Deadly Poison","Night Terror"],"picked":"SKIP","floor":5},{"not_picked":["Outmaneuver","Flying Knee"],"picked":"Dagger Throw","floor":6},{"not_picked":["Blade Dance","Leg Sweep"],"picked":"Slice","floor":8},{"not_picked":["Acrobatics","Quick Slash"],"picked":"Dagger Throw","floor":10},{"not_picked":["Sucker Punch","Heel Hook"],"picked":"Underhanded Strike","floor":11},{"not_picked":["Skewer","Poisoned Stab"],"picked":"Choke","floor":12},{"not_picked":["Choke","Venomology"],"picked":"Backstab","floor":13},{"not_picked":["Riddle With Holes","Underhanded Strike"],"picked":"Backstab","floor":14},{"not_picked":["Doppelganger","Wraith Form v2"],"picked":"Phantasmal Killer","floor":16},{"not_picked":["Sucker Punch","Crippling Poison+1"],"picked":"Prepared","floor":18},{"not_picked":["Flying Knee","Underhanded Strike+1"],"picked":"All Out Attack","floor":19},{"not_picked":["Flying Knee","Backflip"],"picked":"Deflect+1","floor":20},{"not_picked":["Blur+1","A Thousand Cuts"],"picked":"Quick Slash","floor":21},{"not_picked":["Noxious Fumes","Caltrops"],"picked":"Footwork","floor":22},{"not_picked":["Doppelganger","Deflect+1"],"picked":"Prepared","floor":27},{"not_picked":["Underhanded Strike","Phantasmal Killer"],"picked":"Prepared+1","floor":28},{"not_picked":["Riddle With Holes+1","PiercingWail"],"picked":"Blur+1","floor":29},{"not_picked":["Eviscerate","Bane","Poisoned Stab+1"],"picked":"SKIP","floor":30},{"not_picked":["Underhanded Strike","Flechettes","Poisoned Stab"],"picked":"SKIP","floor":31}],"player_experience":26073,"relics_obtained":[{"floor":6,"key":"Smiling Mask"},{"floor":9,"key":"Regal Pillow"},{"floor":10,"key":"Bag of Preparation"},{"floor":13,"key":"Pantograph"},{"floor":20,"key":"Red Mask"},{"floor":26,"key":"Bottled Lightning"},{"floor":27,"key":"Kunai"},{"floor":29,"key":"Bird Faced Urn"}],"event_choices":[{"event_name":"The Cleric","player_choice":"Card Removal","floor":4,"damage_taken":0},{"event_name":"Masked Bandits","player_choice":"Fought Bandits","floor":20,"damage_taken":0}],"is_beta":true,"boss_relics":[{"not_picked":["Busted Crown","Runic Pyramid"],"picked":"White Beast Statue"}],"items_purged_floors":[24],"is_endless":false,"potions_floor_spawned":[3,6,12,13,14,18,19,20,21,22,27,28,29,30,31],"killed_by":"Automaton","ascension_level":0}