{"gold_per_floor":[109,109,109,109,123,153,153,180,233,233,233,95,422,440,440,515,515,530,580,22,37,55,55,86,86,134,153,153,203,303,353,353,424,424,434,434,484,48,98,98,118,118,118,268,287,287,26,37,37,37,37],"floor_reached":52,"playtime":4830,"items_purged":["Strike_B","Strike_B"],"score":1939,"play_id":"91276cb3-928b-4483-a0f3-96020a8574bd","local_time":"20190205130631","is_ascension_mode":true,"campfire_choices":[{"data":"White Noise","floor":7.0,"key":"SMITH"},{"floor":10.0,"key":"REST"},{"data":"Rip and Tear","floor":15.0,"key":"SMITH"},{"data":"Biased Cognition","floor":23,"key":"SMITH"},{"floor":25,"key":"REST"},{"data":"Loop","floor":28,"key":"SMITH"},{"data":"Creative AI","floor":32,"key":"SMITH"},{"data":"Hologram","floor":40,"key":"SMITH"},{"floor":42,"key":"REST"},{"data":"Reinforced Body","floor":46,"key":"SMITH"},{"data":"Defragment","floor":49,"key":"SMITH"}],"neow_cost":"NONE","seed_source_timestamp":496797068951699,"circlet_count":0,"master_deck":["AscendersBane","Strike_B","Strike_B","Defend_B","Defend_B","Defend_B","Zap+1","Dualcast","Streamline+1","White Noise+1","Glacier","Go for the Eyes","Rebound","Chill","Rip and Tear+1","Biased Cognition+1","Hologram+1","Ball Lightning","Stack+1","Reinforced Body+1","Creative AI+1","Injury","Loop+1","Echo Form","FTL+1","Undo","Defragment+1","Amplify","Darkness+1"],"special_seed":0,"relics":["Cracked Core","NeowsBlessing","War Paint","Du-Vu Doll","Ornamental Fan","Juzu Bracelet","Happy Flower","SsserpentHead","Cursed Key","ClockworkSouvenir","Pantograph","StoneCalendar","Omamori","Nloth\u0027s Gift","Lizard Tail","Incense Burner","Nunchaku","Torii"],"potions_floor_usage":[18,33],"damage_taken":[{"damage":0.0,"enemies":"Small Slimes","floor":1.0,"turns":1.0},{"damage":0.0,"enemies":"Jaw Worm","floor":5.0,"turns":1.0},{"damage":0.0,"enemies":"Lagavulin","floor":6.0,"turns":1.0},{"damage":9.0,"enemies":"3 Sentries","floor":8.0,"turns":7.0},{"damage":0.0,"enemies":"Gremlin Nob","floor":13.0,"turns":3.0},{"damage":0.0,"enemies":"Cultist","floor":14.0,"turns":3.0},{"damage":12.0,"enemies":"The Guardian","floor":16.0,"turns":11.0},{"damage":0,"enemies":"Chosen","floor":18,"turns":3},{"damage":15,"enemies":"Colosseum Slavers","floor":19,"turns":4},{"damage":10,"enemies":"Shell Parasite","floor":21,"turns":5},{"damage":6,"enemies":"Snake Plant","floor":22,"turns":4},{"damage":11,"enemies":"Book of Stabbing","floor":24,"turns":5},{"damage":6,"enemies":"3 Cultists","floor":27,"turns":5},{"damage":38,"enemies":"Collector","floor":33,"turns":10},{"damage":4,"enemies":"Orb Walker","floor":35,"turns":4},{"damage":31,"enemies":"3 Shapes","floor":41,"turns":6},{"damage":0,"enemies":"Mind Bloom Boss Battle","floor":44,"turns":7},{"damage":24,"enemies":"Writhing Mass","floor":45,"turns":5},{"damage":1,"enemies":"Sphere and 2 Shapes","floor":48,"turns":7},{"damage":42,"enemies":"Awakened One","floor":50,"turns":15},{"damage":28,"enemies":"Donu and Deca","floor":51,"turns":11}],"seed_played":"4169789211193325170","potions_obtained":[{"floor":1.0,"key":"EssenceOfSteel"},{"floor":8.0,"key":"SkillPotion"},{"floor":13.0,"key":"FearPotion"},{"floor":16.0,"key":"FearPotion"},{"floor":21,"key":"Weak Potion"},{"floor":22,"key":"PowerPotion"},{"floor":41,"key":"Poison Potion"}],"is_trial":false,"path_per_floor":["M","?","?","T","M","E","R","E","T","R","?","$","E","M","R","B",null,"M","?","$","M","M","R","E","R","T","M","R","?","?","?","R","B",null,"M","$","?","$","?","R","M","R","T","?","M","R","$","M","R","B","B",null],"character_chosen":"DEFECT","items_purchased":["Poison Potion","Rebound","ClockworkSouvenir","Pantograph","Ball Lightning","Incense Burner","Defragment","Amplify"],"campfire_rested":3,"item_purchase_floors":[12,12,20,20,20,38,47,47],"current_hp_per_floor":[64,29,29,29,29,29,29,20,20,41,41,41,41,41,41,29,61,61,46,46,36,30,30,19,40,40,34,34,34,34,34,34,21,59,55,55,55,55,55,55,24,44,44,67,43,43,43,42,42,25,22],"gold":37,"neow_bonus":"THREE_ENEMY_KILL","is_prod":false,"is_daily":false,"chose_seed":false,"campfire_upgraded":8,"win_rate":0,"timestamp":1549400791,"path_taken":["M","?","?","?","?","E","R","E","T","R","?","?","E","M","R","BOSS","M","?","$","M","M","R","E","R","T","M","R","?","?","?","R","BOSS","M","$","?","$","?","R","M","R","T","?","M","R","$","M","R","BOSS","BOSS"],"build_version":"2019-01-23","purchased_purges":2,"victory":true,"max_hp_per_floor":[71,71,71,71,71,71,71,71,71,71,71,71,71,71,71,71,71,71,71,71,71,71,71,71,71,71,71,71,71,71,71,71,71,71,71,71,67,67,67,67,67,67,67,67,67,67,67,67,67,67,67],"card_choices":[{"not_picked":["Lockon","Stack"],"picked":"Streamline","floor":1.0},{"not_picked":["Turbo","Steam"],"picked":"White Noise","floor":5.0},{"not_picked":["Genetic Algorithm","Barrage"],"picked":"Glacier","floor":6.0},{"not_picked":["Gash","Steam"],"picked":"Go for the Eyes","floor":8.0},{"not_picked":["Tempest","Turbo"],"picked":"Chill","floor":13.0},{"not_picked":["Thunder Strike","Sweeping Beam"],"picked":"Rip and Tear","floor":14.0},{"not_picked":["Reboot","Seek"],"picked":"Biased Cognition","floor":16.0},{"not_picked":["Coolheaded","Turbo"],"picked":"Hologram","floor":18},{"not_picked":["Hologram","Hello World+1"],"picked":"Stack+1","floor":21},{"not_picked":["Coolheaded","Chaos"],"picked":"Reinforced Body","floor":22},{"not_picked":["White Noise","Conserve Battery"],"picked":"Creative AI","floor":24},{"not_picked":["Tempest","Hologram+1"],"picked":"Loop","floor":27},{"not_picked":["Core Surge","Seek"],"picked":"Echo Form","floor":33},{"not_picked":["Sweeping Beam","Reprogram+1","Self Repair"],"picked":"SKIP","floor":35},{"not_picked":["Sweeping Beam+1","Gash+1","Genetic Algorithm"],"picked":"SKIP","floor":41},{"not_picked":["Turbo","Tempest"],"picked":"FTL+1","floor":44},{"not_picked":["Ball Lightning","Sweeping Beam+1"],"picked":"Undo","floor":45},{"not_picked":["Stack","Cold Snap"],"picked":"Darkness+1","floor":48}],"player_experience":1818822,"relics_obtained":[{"floor":4.0,"key":"Du-Vu Doll"},{"floor":6.0,"key":"Ornamental Fan"},{"floor":8.0,"key":"Juzu Bracelet"},{"floor":9.0,"key":"Happy Flower"},{"floor":13.0,"key":"Old Coin"},{"floor":24,"key":"StoneCalendar"},{"floor":26,"key":"Omamori"},{"floor":43,"key":"Nunchaku"},{"floor":44,"key":"Torii"}],"event_choices":[{"damage_healed":0.0,"max_hp_gain":0.0,"max_hp_loss":0.0,"gold_gain":0.0,"event_name":"Scrap Ooze","player_choice":"Success","floor":2.0,"gold_loss":0.0,"damage_taken":35.0,"relics_obtained":["War Paint"]},{"damage_healed":0.0,"max_hp_gain":0.0,"max_hp_loss":0.0,"gold_gain":0.0,"event_name":"Living Wall","player_choice":"Grow","floor":3.0,"gold_loss":0.0,"damage_taken":0.0,"cards_upgraded":["Streamline"]},{"damage_healed":0.0,"max_hp_gain":0.0,"max_hp_loss":0.0,"gold_gain":0.0,"event_name":"FaceTrader","player_choice":"Trade","floor":11.0,"gold_loss":0.0,"damage_taken":0.0,"relics_obtained":["SsserpentHead"]},{"damage_healed":0,"gold_gain":0,"player_choice":"Fight","damage_taken":0,"max_hp_gain":0,"max_hp_loss":0,"event_name":"Colosseum","floor":19,"gold_loss":0},{"damage_healed":0,"gold_gain":0,"player_choice":"Fled From Nobs","damage_taken":0,"max_hp_gain":0,"max_hp_loss":0,"event_name":"Colosseum","floor":19,"gold_loss":0},{"damage_healed":0,"gold_gain":0,"player_choice":"Ignored","damage_taken":0,"max_hp_gain":0,"max_hp_loss":0,"event_name":"Vampires","floor":29,"gold_loss":0},{"damage_healed":0,"gold_gain":50,"player_choice":"Stole From Cult","damage_taken":0,"max_hp_gain":0,"max_hp_loss":0,"event_name":"Nest","floor":30,"gold_loss":0},{"damage_healed":0,"gold_gain":0,"player_choice":"Traded Relic","damage_taken":0,"relics_obtained":["Nloth\u0027s Gift"],"max_hp_gain":0,"max_hp_loss":0,"event_name":"N\u0027loth","floor":31,"relics_lost":["Old Coin"],"gold_loss":0},{"damage_healed":0,"gold_gain":0,"player_choice":"Max HP","damage_taken":0,"max_hp_gain":0,"max_hp_loss":4,"event_name":"Winding Halls","floor":37,"gold_loss":0},{"cards_removed":["Defend_B"],"damage_healed":0,"gold_gain":0,"player_choice":"Removed Skill","damage_taken":0,"max_hp_gain":0,"max_hp_loss":0,"event_name":"Falling","floor":39,"gold_loss":0},{"damage_healed":0,"gold_gain":0,"player_choice":"Fight","damage_taken":0,"max_hp_gain":0,"max_hp_loss":0,"event_name":"MindBloom","floor":44,"gold_loss":0}],"is_beta":false,"boss_relics":[{"not_picked":["Busted Crown","Nuclear Battery"],"picked":"Cursed Key"},{"not_picked":["Black Star","Snecko Eye"],"picked":"Lizard Tail"}],"items_purged_floors":[12,38],"is_endless":false,"potions_floor_spawned":[1,8,13,16,19,21,22,27,41,44],"ascension_level":20}