{"gold_per_floor":[118,118,55,74,74,74,86,63,86,86,86,86,101,121,121,220,220,232,77,87,104,131,190,21,54,104,104,124,124,143,143,143,241,241,253,264,274,274,32,62,62,78,78,78,300,326,346,96,96,96],"floor_reached":51,"playtime":3109,"items_purged":["Defend_R","Strike_R+1"],"score":1211,"play_id":"05c1f20a-f8e4-4115-80b9-830469a2a89f","local_time":"20190202130428","is_ascension_mode":true,"campfire_choices":[{"data":"Corruption","floor":6.0,"key":"SMITH"},{"data":"Shrug It Off","floor":10.0,"key":"SMITH"},{"data":"Shockwave","floor":15.0,"key":"SMITH"},{"floor":32.0,"key":"REST"},{"floor":41.0,"key":"RECALL"},{"floor":44.0,"key":"REST"},{"floor":49,"key":"REST"}],"neow_cost":"NONE","seed_source_timestamp":0,"circlet_count":0,"master_deck":["Strike_R+1","Strike_R+1","Strike_R+1","Defend_R+1","Defend_R+1","Bash+1","Corruption+1","Battle Trance","Havoc","Shrug It Off+1","Shockwave+1","Metallicize","Demon Form","Seeing Red+1","Pummel","Uppercut","Metallicize+1","Feel No Pain","Spot Weakness+1","Intimidate+1","Barricade","Infernal Blade","Pummel","Limit Break","Shrug It Off+1","Blood for Blood+1","Iron Wave+1","Feel No Pain","Infernal Blade","Impervious"],"special_seed":0,"relics":["Burning Blood","Lantern","Omamori","FossilizedHelix","Fusion Hammer","Red Mask","Tiny Chest","Orichalcum","War Paint","MutagenicStrength","Snecko Eye","Lee\u0027s Waffle","Centennial Puzzle","Anchor","Darkstone Periapt","PreservedInsect"],"potions_floor_usage":[50,50,50],"damage_taken":[{"damage":0.0,"enemies":"Small Slimes","floor":1.0,"turns":2.0},{"damage":5.0,"enemies":"Cultist","floor":4.0,"turns":4.0},{"damage":0.0,"enemies":"Jaw Worm","floor":7.0,"turns":3.0},{"damage":0.0,"enemies":"Exordium Wildlife","floor":13.0,"turns":3.0},{"damage":0.0,"enemies":"2 Fungi Beasts","floor":14.0,"turns":2.0},{"damage":41.0,"enemies":"Slime Boss","floor":16.0,"turns":14.0},{"damage":0.0,"enemies":"Chosen","floor":18.0,"turns":4.0},{"damage":8.0,"enemies":"2 Thieves","floor":20.0,"turns":4.0},{"damage":15.0,"enemies":"Snake Plant","floor":21.0,"turns":4.0},{"damage":21.0,"enemies":"Masked Bandits","floor":22.0,"turns":5.0},{"damage":31.0,"enemies":"Slavers","floor":23.0,"turns":7.0},{"damage":0.0,"enemies":"Gremlin Leader","floor":25.0,"turns":7.0},{"damage":8.0,"enemies":"Centurion and Healer","floor":28.0,"turns":6.0},{"damage":0.0,"enemies":"3 Cultists","floor":30.0,"turns":6.0},{"damage":0.0,"enemies":"Champ","floor":33.0,"turns":11.0},{"damage":0.0,"enemies":"Orb Walker","floor":35.0,"turns":2.0},{"damage":0.0,"enemies":"3 Shapes","floor":36.0,"turns":4.0},{"damage":18.0,"enemies":"3 Darklings","floor":37.0,"turns":6.0},{"damage":0.0,"enemies":"Reptomancer","floor":40.0,"turns":5.0},{"damage":0.0,"enemies":"Jaw Worm Horde","floor":42.0,"turns":2.0},{"damage":0.0,"enemies":"Nemesis","floor":46.0,"turns":5.0},{"damage":6.0,"enemies":"4 Shapes","floor":47.0,"turns":3.0},{"damage":0,"enemies":"Donu and Deca","floor":50,"turns":9}],"seed_played":"-7854311309111477176","potions_obtained":[{"floor":0.0,"key":"SteroidPotion"},{"floor":0.0,"key":"Fire Potion"},{"floor":0.0,"key":"Weak Potion"},{"floor":7.0,"key":"Dexterity Potion"},{"floor":14.0,"key":"Strength Potion"},{"floor":20.0,"key":"SkillPotion"},{"floor":25.0,"key":"GamblersBrew"},{"floor":28.0,"key":"Swift Potion"},{"floor":33.0,"key":"Energy Potion"},{"floor":36.0,"key":"Ancient Potion"},{"floor":40.0,"key":"EssenceOfSteel"},{"floor":47.0,"key":"Energy Potion"}],"is_trial":false,"path_per_floor":["M","?","?","M","T","R","M","$","T","R","?","?","M","M","R","B",null,"M","$","M","M","?","E","$","E","T","?","M","?","M","?","R","B",null,"M","M","M","?","$","E","R","M","T","R","?","E","M","$","R","B",null],"character_chosen":"IRONCLAD","items_purchased":["Shrug It Off","Pummel","PowerPotion","Intimidate","Poison Potion","Lee\u0027s Waffle","Feel No Pain","PreservedInsect"],"campfire_rested":3,"item_purchase_floors":[8,19,24,24,24,39,39,48],"current_hp_per_floor":[78,66,66,67,67,67,73,73,73,73,73,73,79,80,80,45,71,77,77,75,66,51,26,26,32,32,32,30,30,36,36,60,66,77,80,80,68,68,87,87,87,87,87,87,87,87,87,87,87,87],"gold":96,"neow_bonus":"THREE_SMALL_POTIONS","is_prod":false,"is_daily":false,"chose_seed":false,"campfire_upgraded":3,"win_rate":0,"timestamp":1549109068,"path_taken":["M","?","?","?","?","R","M","?","T","R","?","?","M","M","R","BOSS","M","$","M","?","?","E","?","E","T","?","M","?","?","?","R","BOSS","M","M","?","?","?","E","R","M","T","R","?","E","M","$","R","BOSS"],"build_version":"2019-01-23","purchased_purges":2,"victory":true,"max_hp_per_floor":[80,80,80,80,80,80,80,80,80,80,80,80,80,80,80,80,80,80,80,80,80,80,80,80,80,80,80,80,80,80,80,80,80,80,80,80,80,80,87,87,87,87,87,87,87,87,87,87,87,87],"card_choices":[{"not_picked":["Battle Trance","Sword Boomerang"],"picked":"Corruption","floor":1.0},{"not_picked":["Sever Soul","Combust"],"picked":"Battle Trance","floor":4.0},{"not_picked":["Thunderclap","Flex"],"picked":"Havoc","floor":7.0},{"not_picked":["Clothesline","Perfected Strike"],"picked":"Shockwave","floor":13.0},{"not_picked":["Twin Strike","Iron Wave"],"picked":"Metallicize","floor":14.0},{"not_picked":["Reaper","Feed"],"picked":"Demon Form","floor":16.0},{"not_picked":["Sword Boomerang+1","Perfected Strike+1"],"picked":"Seeing Red","floor":18.0},{"not_picked":["Cleave","Clothesline"],"picked":"Uppercut","floor":20.0},{"not_picked":["Entrench","Headbutt"],"picked":"Metallicize+1","floor":21.0},{"not_picked":["Disarm+1","Infernal Blade+1"],"picked":"Feel No Pain","floor":22.0},{"not_picked":["Dropkick+1","Sever Soul"],"picked":"Spot Weakness+1","floor":23.0},{"not_picked":["Anger","Cleave"],"picked":"Barricade","floor":25.0},{"not_picked":["Cleave","Rupture"],"picked":"Infernal Blade","floor":28.0},{"not_picked":["Evolve","Second Wind","Flex"],"picked":"SKIP","floor":30.0},{"not_picked":["Impervious","Exhume"],"picked":"Limit Break","floor":33.0},{"not_picked":["Perfected Strike","Headbutt+1"],"picked":"Shrug It Off+1","floor":35.0},{"not_picked":["Burning Pact+1","Sever Soul"],"picked":"Blood for Blood+1","floor":36.0},{"not_picked":["Rage","Barricade"],"picked":"Iron Wave+1","floor":37.0},{"not_picked":["Body Slam","Cleave"],"picked":"Infernal Blade","floor":40.0},{"not_picked":["Iron Wave+1","Warcry","Twin Strike+1"],"picked":"SKIP","floor":42.0},{"not_picked":["Thunderclap","Havoc+1"],"picked":"Impervious","floor":46.0},{"not_picked":["Carnage+1","Hemokinesis","Headbutt"],"picked":"SKIP","floor":47.0}],"player_experience":231189,"relics_obtained":[{"floor":5.0,"key":"FossilizedHelix"},{"floor":22.0,"key":"Red Mask"},{"floor":23.0,"key":"Tiny Chest"},{"floor":25.0,"key":"Orichalcum"},{"floor":26.0,"key":"War Paint"},{"floor":40.0,"key":"Centennial Puzzle"},{"floor":43.0,"key":"Anchor"},{"floor":46.0,"key":"Darkstone Periapt"}],"event_choices":[{"damage_healed":0.0,"max_hp_gain":0.0,"max_hp_loss":0.0,"gold_gain":0.0,"event_name":"Scrap Ooze","player_choice":"Success","floor":2.0,"gold_loss":0.0,"damage_taken":12.0,"relics_obtained":["Lantern"]},{"damage_healed":0.0,"max_hp_gain":0.0,"max_hp_loss":0.0,"gold_gain":0.0,"event_name":"WeMeetAgain","player_choice":"Paid Gold","floor":3.0,"gold_loss":63.0,"damage_taken":0.0,"relics_obtained":["Omamori"]},{"damage_healed":0.0,"max_hp_gain":0.0,"max_hp_loss":0.0,"gold_gain":0.0,"event_name":"Living Wall","player_choice":"Grow","floor":11.0,"gold_loss":0.0,"damage_taken":0.0,"cards_upgraded":["Bash"]},{"cards_removed":["Strike_R"],"damage_healed":0.0,"max_hp_gain":0.0,"max_hp_loss":0.0,"gold_gain":0.0,"event_name":"Wheel of Change","player_choice":"Card Removal","floor":12.0,"gold_loss":0.0,"damage_taken":0.0},{"damage_healed":0.0,"max_hp_gain":0.0,"max_hp_loss":0.0,"gold_gain":0.0,"event_name":"Masked Bandits","player_choice":"Fought Bandits","floor":22.0,"gold_loss":0.0,"damage_taken":0.0},{"damage_healed":0.0,"max_hp_gain":0.0,"max_hp_loss":0.0,"gold_gain":0.0,"event_name":"Back to Basics","player_choice":"Simplicity","floor":27.0,"gold_loss":0.0,"damage_taken":0.0,"cards_upgraded":["Strike_R","Strike_R","Strike_R","Strike_R","Defend_R","Defend_R","Defend_R"]},{"damage_healed":0.0,"max_hp_gain":0.0,"max_hp_loss":0.0,"gold_gain":0.0,"event_name":"Drug Dealer","player_choice":"Inject Mutagens","floor":29.0,"gold_loss":0.0,"damage_taken":0.0,"relics_obtained":["MutagenicStrength"]},{"damage_healed":0.0,"max_hp_gain":0.0,"max_hp_loss":0.0,"gold_gain":0.0,"event_name":"Duplicator","player_choice":"Copied","floor":31.0,"gold_loss":0.0,"damage_taken":0.0,"cards_obtained":["Pummel"]},{"cards_removed":["Defend_R"],"damage_healed":0.0,"max_hp_gain":0.0,"max_hp_loss":0.0,"gold_gain":0.0,"event_name":"Falling","player_choice":"Removed Skill","floor":38.0,"gold_loss":0.0,"damage_taken":0.0},{"damage_healed":0.0,"max_hp_gain":0.0,"max_hp_loss":0.0,"gold_gain":222.0,"event_name":"Tomb of Lord Red Mask","player_choice":"Wore Mask","floor":45.0,"gold_loss":0.0,"damage_taken":0.0}],"is_beta":true,"boss_relics":[{"not_picked":["Philosopher\u0027s Stone","Runic Cube"],"picked":"Fusion Hammer"},{"not_picked":["Coffee Dripper","Black Blood"],"picked":"Snecko Eye"}],"items_purged_floors":[19,48],"is_endless":false,"potions_floor_spawned":[7,14,20,25,28,33,36,40,47],"ascension_level":7}