{"path_per_floor":["M","?","M","M","M","E","R","M","T","M","$","?","?","$","R","B",null,"M","?","?","M","?","E","R"],"character_chosen":"IRONCLAD","items_purchased":[],"gold_per_floor":[11,11,24,34,50,81,81,93,120,132,57,85,85,85,85,190,190,200,200,150,162,162,192,192],"floor_reached":25,"campfire_rested":1,"playtime":1425,"current_hp_per_floor":[80,85,85,85,85,76,76,80,80,75,75,73,73,73,73,50,85,41,41,41,37,37,28,54],"items_purged":["Strike_R"],"gold":192,"play_id":"9730023e-5ef5-428d-b19d-f2cf9c1f9e72","is_prod":false,"is_daily":false,"is_ascension_mode":false,"campfire_upgraded":2,"path_taken":["M","?","M","M","M","E","R","M","T","M","$","?","?","?","R","BOSS","M","?","?","M","?","E","R","E"],"build_version":"2018-01-25-PROD3","purchased_purges":1,"victory":false,"master_deck":["Strike_R","Strike_R","Defend_R","Defend_R","Defend_R","Bash","Reaper","Pommel Strike+1","Spot Weakness+1","Shrug It Off","Entrench","Body Slam","Feed","Impervious+1","Double Tap+1"],"max_hp_per_floor":[80,85,85,85,85,85,85,85,85,85,85,85,85,85,85,85,85,88,88,88,88,88,88,88],"relics":["Burning Blood","Du-Vu Doll","Prayer Wheel","Odd Mushroom","Astrolabe","Vajra"],"card_choices":[{"not_picked":["Immolate","Exhume"],"picked":"Reaper"},{"not_picked":["Dual Wield","Sword Boomerang"],"picked":"Pommel Strike"},{"not_picked":["Body Slam","Cleave"],"picked":"Spot Weakness"},{"not_picked":["Body Slam","Second Wind"],"picked":"Shrug It Off"},{"not_picked":["Perfected Strike","Twin Strike"],"picked":"Entrench"},{"not_picked":["Shrug It Off","Clothesline"],"picked":"Body Slam"},{"not_picked":["Impervious","Exhume"],"picked":"Feed"}],"player_experience":207238,"potions_floor_usage":[12,16,16,16,18,23],"damage_taken":[{"damage":6.0,"enemies":"Cultist","floor":1.0,"turns":3.0},{"damage":5.0,"enemies":"2 Louse","floor":3.0,"turns":2.0},{"damage":6.0,"enemies":"Jaw Worm","floor":4.0,"turns":4.0},{"damage":0.0,"enemies":"3 Louse","floor":5.0,"turns":1.0},{"damage":15.0,"enemies":"Gremlin Nob","floor":6.0,"turns":4.0},{"damage":10.0,"enemies":"Exordium Wildlife","floor":8.0,"turns":4.0},{"damage":21,"enemies":"2 Fungi Beasts","floor":10,"turns":4},{"damage":29,"enemies":"The Mushroom Lair","floor":12,"turns":4},{"damage":29,"enemies":"The Guardian","floor":16,"turns":10},{"damage":53,"enemies":"Shell Parasite","floor":18,"turns":7},{"damage":10,"enemies":"Chosen","floor":21,"turns":4},{"damage":50,"enemies":"Gremlin Leader","floor":23,"turns":9},{"damage":91,"enemies":"Slavers","floor":25,"turns":7}],"event_choices":[{"event_name":"Big Fish","player_choice":"Donut","floor":2.0,"damage_taken":0.0},{"event_name":"Mushrooms","player_choice":"Fought Mushrooms","floor":12,"damage_taken":0},{"event_name":"The Lab","player_choice":"Got Potions","floor":13,"damage_taken":0},{"event_name":"Back to Basics","player_choice":"Elegance","floor":19,"damage_taken":0},{"event_name":"The Joust","player_choice":"Bet on Murderer","floor":20,"damage_taken":0},{"event_name":"Vampires","player_choice":"Ignored","floor":22,"damage_taken":0}],"boss_relics":[{"not_picked":["Runic Dome","Snecko Eye"],"picked":"Astrolabe"}],"potions_floor_spawned":[1,4,6,8,16,18],"seed_played":"86538910496974814","killed_by":"Slavers","ascension_level":0,"is_trial":false}