{"gold_per_floor":[114,125,144,159,221,231,250,250,250,276,292,307,382,396,396,396],"floor_reached":16,"playtime":1181,"items_purged":[],"score":108,"play_id":"763c4fb3-e36a-41b5-b228-e5eca8e6bbe9","local_time":"20181123014640","is_ascension_mode":false,"campfire_choices":[{"floor":8,"key":"REST"},{"floor":15,"key":"REST"}],"neow_cost":"NONE","seed_source_timestamp":102806538164550,"circlet_count":0,"master_deck":["Defend_G","Defend_G","Defend_G","Defend_G","Defend_G","Strike_G","Strike_G","Strike_G","Strike_G","Strike_G","Survivor","Neutralize","Dagger Spray","Poisoned Stab","Endless Agony","Slice","Deadly Poison","Wraith Form v2","Crippling Poison","Leg Sweep","Choke","Poisoned Stab","Slice","Poisoned Stab","Dodge and Roll","Riddle With Holes","Masterful Stab"],"relics":["Orrery","Gambling Chip","Question Card"],"potions_floor_usage":[],"damage_taken":[{"damage":3,"enemies":"Jaw Worm","floor":1,"turns":2},{"damage":0,"enemies":"Small Slimes","floor":2,"turns":3},{"damage":0,"enemies":"2 Louse","floor":3,"turns":3},{"damage":6,"enemies":"Exordium Wildlife","floor":4,"turns":3},{"damage":3,"enemies":"Large Slime","floor":6,"turns":8},{"damage":10,"enemies":"Gremlin Gang","floor":7,"turns":4},{"damage":21,"enemies":"Lagavulin","floor":10,"turns":5},{"damage":8,"enemies":"2 Fungi Beasts","floor":11,"turns":4},{"damage":6,"enemies":"Looter","floor":12,"turns":3},{"damage":2,"enemies":"Exordium Wildlife","floor":14,"turns":3},{"damage":49,"enemies":"Slime Boss","floor":16,"turns":6}],"seed_played":"-5618990394683080412","potions_obtained":[{"floor":4,"key":"AttackPotion"},{"floor":7,"key":"Explosive Potion"},{"floor":10,"key":"EssenceOfSteel"}],"is_trial":false,"path_per_floor":["M","M","M","M","?","M","M","R","T","E","M","M","?","M","R","B"],"character_chosen":"THE_SILENT","items_purchased":[],"campfire_rested":2,"item_purchase_floors":[],"current_hp_per_floor":[67,67,67,61,61,58,48,69,69,48,40,34,23,21,42,0],"gold":396,"neow_bonus":"BOSS_RELIC","is_prod":false,"is_daily":false,"chose_seed":false,"campfire_upgraded":0,"win_rate":0.0,"timestamp":1542955600,"path_taken":["M","M","M","M","?","M","M","R","T","E","M","M","?","M","R","BOSS"],"build_version":"2018-11-15","purchased_purges":0,"victory":false,"max_hp_per_floor":[70,70,70,70,70,70,70,70,70,70,70,70,70,70,70,70],"card_choices":[{"not_picked":["Dagger Throw","Underhanded Strike"],"picked":"Dagger Spray","floor":0},{"not_picked":["Flechettes","Deflect"],"picked":"Poisoned Stab","floor":0},{"not_picked":["Dash","Dodge and Roll"],"picked":"Endless Agony","floor":0},{"not_picked":["Distraction","Dagger Throw"],"picked":"Slice","floor":0},{"not_picked":["Underhanded Strike","Blur"],"picked":"Deadly Poison","floor":0},{"not_picked":["Distraction","Flying Knee"],"picked":"Wraith Form v2","floor":1},{"not_picked":["Slice","Expertise"],"picked":"Crippling Poison","floor":2},{"not_picked":["Dagger Spray","Dagger Throw"],"picked":"Leg Sweep","floor":3},{"not_picked":["Prepared","Calculated Gamble"],"picked":"Choke","floor":4},{"not_picked":["Backflip","Choke"],"picked":"Poisoned Stab","floor":6},{"not_picked":["PiercingWail","Leg Sweep"],"picked":"Slice","floor":7},{"not_picked":["Riddle With Holes","Footwork"],"picked":"Poisoned Stab","floor":10},{"not_picked":["Well Laid Plans","Prepared","Flying Knee"],"picked":"Dodge and Roll","floor":11},{"not_picked":["Terror","Acrobatics","Underhanded Strike"],"picked":"Riddle With Holes","floor":12},{"not_picked":["Acrobatics","Expertise","Outmaneuver"],"picked":"Masterful Stab","floor":14}],"player_experience":24778,"relics_obtained":[{"floor":9,"key":"Gambling Chip"},{"floor":10,"key":"Question Card"}],"event_choices":[{"damage_healed":0,"gold_gain":62,"player_choice":"Gained Gold","damage_taken":0,"max_hp_gain":0,"max_hp_loss":0,"event_name":"Golden Wing","floor":5,"gold_loss":0},{"damage_healed":0,"gold_gain":75,"player_choice":"Gather Gold","damage_taken":11,"max_hp_gain":0,"max_hp_loss":0,"event_name":"World of Goop","floor":13,"gold_loss":0}],"is_beta":false,"boss_relics":[],"items_purged_floors":[],"is_endless":false,"potions_floor_spawned":[4,7,10,11,14],"killed_by":"Slime Boss","ascension_level":0}