{"gold_per_floor":[112,132,148,162,180,180,198,230,230,230,247,247,282,298,298,402,402,422,422,433,433,433,433,461,461,461,476,11,45,45,74,74,173,173,184,284,104,104,120,146,77,102,187,226,338,360,403,431,443,455,467,479,53,85,85],"floor_reached":56,"playtime":14601,"items_purged":["Strike_B","Strike_B"],"score":1492,"play_id":"b6f510f3-2143-4400-ae6d-281a05cb1b9a","local_time":"20190204201313","is_ascension_mode":true,"campfire_choices":[{"data":"Zap","floor":6,"key":"SMITH"},{"data":"Beam Cell","floor":10,"key":"SMITH"},{"data":"Consume","floor":15,"key":"SMITH"},{"floor":23,"key":"RECALL"},{"floor":25,"key":"REST"},{"floor":32,"key":"REST"},{"data":"1","floor":49,"key":"LIFT"},{"data":"2","floor":52,"key":"LIFT"}],"neow_cost":"PERCENT_DAMAGE","seed_source_timestamp":128988686657106,"circlet_count":0,"master_deck":["Strike_B","Strike_B","Defend_B","Defend_B","Defend_B","Defend_B","Zap+1","Dualcast","Conserve Battery","Ball Lightning","Beam Cell+1","Undo","Ball Lightning","FTL","Consume+1","Reboot","FTL","All For One","Coolheaded","Beam Cell","Capacitor","Compile Driver+1","Coolheaded","All For One+1","Beam Cell+1","Echo Form+1","Go for the Eyes+1","Defragment+1","Gash+1","Hologram+1","Capacitor+1","Capacitor+1","Gash+1","Loop+1"],"relics":["FrozenCore","Orichalcum","Bird Faced Urn","Regal Pillow","Fusion Hammer","MutagenicStrength","Bottled Lightning","Molten Egg 2","StoneCalendar","Frozen Egg 2","Torii","MawBank","Mercury Hourglass","Girya","Ginger","Mango","Turnip","Vajra"],"potions_floor_usage":[8,24,29,46,54,55,55,55],"damage_taken":[{"damage":0,"enemies":"Cultist","floor":1,"turns":2},{"damage":0,"enemies":"2 Louse","floor":2,"turns":3},{"damage":0,"enemies":"Small Slimes","floor":3,"turns":3},{"damage":3,"enemies":"2 Fungi Beasts","floor":4,"turns":4},{"damage":0,"enemies":"Large Slime","floor":5,"turns":5},{"damage":8,"enemies":"Exordium Thugs","floor":7,"turns":3},{"damage":0,"enemies":"Gremlin Nob","floor":8,"turns":2},{"damage":4,"enemies":"3 Louse","floor":11,"turns":3},{"damage":12,"enemies":"Lagavulin","floor":13,"turns":5},{"damage":0,"enemies":"Exordium Wildlife","floor":14,"turns":3},{"damage":0,"enemies":"Slime Boss","floor":16,"turns":5},{"damage":5,"enemies":"Shell Parasite","floor":18,"turns":4},{"damage":16,"enemies":"2 Thieves","floor":20,"turns":3},{"damage":14,"enemies":"Gremlin Leader","floor":24,"turns":8},{"damage":8,"enemies":"Centurion and Healer","floor":27,"turns":5},{"damage":33,"enemies":"Slavers","floor":29,"turns":4},{"damage":0,"enemies":"Gremlin Leader","floor":31,"turns":5},{"damage":60,"enemies":"Automaton","floor":33,"turns":7},{"damage":5,"enemies":"3 Shapes","floor":35,"turns":5},{"damage":0,"enemies":"3 Darklings","floor":39,"turns":7},{"damage":31,"enemies":"Reptomancer","floor":40,"turns":6},{"damage":1,"enemies":"Nemesis","floor":42,"turns":7},{"damage":0,"enemies":"Giant Head","floor":44,"turns":7},{"damage":0,"enemies":"Mind Bloom Boss Battle","floor":45,"turns":6},{"damage":1,"enemies":"Spire Growth","floor":46,"turns":3},{"damage":28,"enemies":"Reptomancer","floor":47,"turns":7},{"damage":0,"enemies":"Maw","floor":48,"turns":5},{"damage":24,"enemies":"Awakened One","floor":50,"turns":11},{"damage":25,"enemies":"Shield and Spear","floor":54,"turns":7},{"damage":59,"enemies":"The Heart","floor":55,"turns":9}],"seed_played":"7061323994258185580","potions_obtained":[{"floor":1,"key":"EssenceOfSteel"},{"floor":3,"key":"Strength Potion"},{"floor":7,"key":"LiquidBronze"},{"floor":8,"key":"SmokeBomb"},{"floor":14,"key":"Explosive Potion"},{"floor":24,"key":"SteroidPotion"},{"floor":29,"key":"Ancient Potion"},{"floor":35,"key":"PowerPotion"},{"floor":54,"key":"LiquidBronze"}],"is_trial":false,"path_per_floor":["M","M","M","M","M","R","M","E","T","R","M","?","E","M","R","B",null,"M","?","M","?","?","R","E","R","T","M","$","E","?","E","R","B",null,"M","?","$","$","M","E","$","E","T","E","?","M","E","M","R","B",null,"R","$","E","B",null],"character_chosen":"DEFECT","items_purchased":["Molten Egg 2","All For One+1","Defragment+1","Capacitor+1","Turnip","Loop+1","SkillPotion"],"campfire_rested":2,"item_purchase_floors":[28,28,37,41,53,53,53],"current_hp_per_floor":[68,68,68,65,65,65,57,57,57,57,53,53,41,41,41,41,89,84,84,68,68,68,68,56,89,89,83,83,52,52,54,89,31,89,86,86,86,86,89,60,60,65,65,75,89,88,77,83,83,67,103,103,103,90,53],"gold":85,"neow_bonus":"TWENTY_PERCENT_HP_BONUS","is_prod":false,"is_daily":false,"chose_seed":false,"campfire_upgraded":3,"win_rate":0,"timestamp":1549339993,"path_taken":["M","M","M","M","M","R","M","E","T","R","M","?","E","M","R","BOSS","M","?","M","?","?","R","E","R","T","M","$","E","?","E","R","BOSS","M","?","?","$","M","E","$","E","T","E","?","M","E","M","R","BOSS","R","$","E","BOSS"],"build_version":"2019-01-23","purchased_purges":2,"victory":true,"max_hp_per_floor":[89,89,89,89,89,89,89,89,89,89,89,89,89,89,89,89,89,89,89,89,89,89,89,89,89,89,89,89,89,89,89,89,89,89,89,89,89,89,89,89,89,89,89,89,89,89,103,103,103,103,103,103,103,103,103],"card_choices":[{"not_picked":["Cold Snap","Stack"],"picked":"Conserve Battery","floor":1},{"not_picked":["Hologram","Force Field"],"picked":"Ball Lightning","floor":2},{"not_picked":["Sweeping Beam","Compile Driver"],"picked":"Beam Cell","floor":3},{"not_picked":["Compile Driver","Redo"],"picked":"Undo","floor":4},{"not_picked":["Amplify","Stack"],"picked":"Ball Lightning","floor":5},{"not_picked":["Rebound","Undo"],"picked":"FTL","floor":7},{"not_picked":["Sunder","Loop"],"picked":"Consume","floor":8},{"not_picked":["Hologram","Sweeping Beam"],"picked":"Reboot","floor":11},{"not_picked":["Static Discharge","Coolheaded"],"picked":"FTL","floor":13},{"not_picked":["Blizzard","Barrage","Streamline"],"picked":"SKIP","floor":14},{"not_picked":["Amplify","Multi-Cast"],"picked":"All For One","floor":16},{"not_picked":["Leap+1","Doom and Gloom"],"picked":"Coolheaded","floor":18},{"not_picked":["Sweeping Beam","Stack"],"picked":"Beam Cell","floor":20},{"not_picked":["Rip and Tear","Redo"],"picked":"Compile Driver+1","floor":24},{"not_picked":["Stack","Rainbow"],"picked":"Coolheaded","floor":27},{"not_picked":["Heatsinks","Streamline+1"],"picked":"Beam Cell+1","floor":29},{"not_picked":["Redo","Compile Driver+1","Leap+1"],"picked":"SKIP","floor":31},{"not_picked":["Hyperbeam+1","Multi-Cast"],"picked":"Echo Form+1","floor":33},{"not_picked":["Compile Driver+1","Sweeping Beam+1"],"picked":"Go for the Eyes+1","floor":35},{"not_picked":["Steam+1","Skim+1"],"picked":"Gash+1","floor":39},{"not_picked":["Melter+1","Conserve Battery"],"picked":"Hologram+1","floor":40},{"not_picked":["Redo+1","Conserve Battery+1"],"picked":"Capacitor+1","floor":42},{"not_picked":["Barrage+1","Echo Form+1"],"picked":"Gash+1","floor":44},{"not_picked":["Barrage+1","FTL+1","Cold Snap+1"],"picked":"SKIP","floor":46},{"not_picked":["Redo","Melter+1","Auto Shields"],"picked":"SKIP","floor":47},{"not_picked":["Rip and Tear+1","Go for the Eyes+1","Tempest"],"picked":"SKIP","floor":48},{"not_picked":["Echo Form+1","Self Repair+1","Streamline+1"],"picked":"SKIP","floor":54}],"player_experience":1012937,"relics_obtained":[{"floor":8,"key":"Orichalcum"},{"floor":9,"key":"Bird Faced Urn"},{"floor":13,"key":"Regal Pillow"},{"floor":24,"key":"Bottled Lightning"},{"floor":29,"key":"StoneCalendar"},{"floor":31,"key":"Frozen Egg 2"},{"floor":40,"key":"Torii"},{"floor":42,"key":"MawBank"},{"floor":43,"key":"Mercury Hourglass"},{"floor":44,"key":"Girya"},{"floor":45,"key":"Ginger"},{"floor":47,"key":"Mango"},{"floor":54,"key":"Vajra"}],"event_choices":[{"damage_healed":0,"gold_gain":0,"player_choice":"Ignored","damage_taken":0,"max_hp_gain":0,"max_hp_loss":0,"event_name":"Liars Game","floor":12,"gold_loss":0},{"damage_healed":0,"gold_gain":0,"player_choice":"Ignored","damage_taken":0,"max_hp_gain":0,"max_hp_loss":0,"event_name":"Ghosts","floor":19,"gold_loss":0},{"damage_healed":0,"gold_gain":0,"player_choice":"Inject Mutagens","damage_taken":0,"relics_obtained":["MutagenicStrength"],"max_hp_gain":0,"max_hp_loss":0,"event_name":"Drug Dealer","floor":21,"gold_loss":0},{"damage_healed":0,"gold_gain":0,"player_choice":"Read","damage_taken":0,"max_hp_gain":0,"max_hp_loss":0,"event_name":"The Library","floor":22,"gold_loss":0,"cards_obtained":["Capacitor"]},{"damage_healed":0,"gold_gain":0,"player_choice":"Ignored","damage_taken":0,"max_hp_gain":0,"max_hp_loss":0,"event_name":"Vampires","floor":30,"gold_loss":0},{"damage_healed":0,"gold_gain":100,"player_choice":"Pray","damage_taken":0,"max_hp_gain":0,"max_hp_loss":0,"event_name":"Golden Shrine","floor":36,"gold_loss":0},{"damage_healed":0,"gold_gain":0,"player_choice":"Fight","damage_taken":0,"max_hp_gain":0,"max_hp_loss":0,"event_name":"MindBloom","floor":45,"gold_loss":0}],"is_beta":true,"boss_relics":[{"not_picked":["Nuclear Battery","Empty Cage"],"picked":"Fusion Hammer"},{"not_picked":["Runic Dome","Runic Pyramid"],"picked":"FrozenCore"}],"items_purged_floors":[28,37],"is_endless":false,"potions_floor_spawned":[1,3,7,8,14,16,24,29,33,35,40,42,44,54],"ascension_level":1}