{"gold_per_floor":[118,66,66,114,114,183,196,196,222,241,262,6,6,26,26,149,149,170,170,170,154,174,174,27,27,79,79,95,116,116],"floor_reached":30,"playtime":2374,"items_purged":["Strike_B"],"score":255,"play_id":"9d87ce79-920f-42c9-9d7e-a6ef1332a7fd","local_time":"20180703153345","is_ascension_mode":false,"campfire_choices":[{"data":"Zap","floor":8,"key":"SMITH"},{"data":"Chaos","floor":13,"key":"SMITH"},{"data":"Coolheaded","floor":15,"key":"SMITH"},{"data":"Creative AI","floor":23,"key":"SMITH"},{"data":"Force Field","floor":25,"key":"SMITH"},{"floor":27,"key":"REST"}],"neow_cost":"NONE","seed_source_timestamp":547746656401305,"circlet_count":0,"master_deck":["Strike_B","Strike_B","Defend_B","Defend_B","Defend_B","Defend_B","Zap+1","Dualcast","Lockon","Ball Lightning","Reboot","Chaos+1","Coolheaded+1","Creative AI+1","Static Discharge+1","Static Discharge+1","Tempest","Force Field+1","Decay","Multi-Cast"],"relics":["Cracked Core","NeowsBlessing","Golden Idol","Anchor","Tiny Chest","Pen Nib","Matryoshka","Cursed Key","Bronze Scales","Oddly Smooth Stone"],"potions_floor_usage":[16,18,28,28,30],"damage_taken":[{"damage":0,"enemies":"2 Louse","floor":1,"turns":1},{"damage":0,"enemies":"Lagavulin","floor":6,"turns":1},{"damage":0,"enemies":"Small Slimes","floor":7,"turns":1},{"damage":1,"enemies":"Jaw Worm","floor":10,"turns":2},{"damage":0,"enemies":"Large Slime","floor":11,"turns":4},{"damage":3,"enemies":"Lots of Slimes","floor":14,"turns":3},{"damage":29,"enemies":"Slime Boss","floor":16,"turns":9},{"damage":23,"enemies":"Spheric Guardian","floor":18,"turns":5},{"damage":27,"enemies":"2 Thieves","floor":21,"turns":4},{"damage":13,"enemies":"3 Cultists","floor":22,"turns":3},{"damage":30,"enemies":"Slaver and Parasite","floor":28,"turns":6},{"damage":0,"enemies":"Snake Plant","floor":29,"turns":4},{"damage":0,"enemies":"Book of Stabbing","floor":30,"turns":3}],"seed_played":"-1303362999367464675","potions_obtained":[{"floor":6,"key":"Explosive Potion"},{"floor":10,"key":"Ancient Potion"},{"floor":16,"key":"PowerPotion"},{"floor":18,"key":"Dexterity Potion"},{"floor":28,"key":"Block Potion"}],"is_trial":false,"path_per_floor":["M","$","?","T","?","E","M","R","T","M","M","$","R","M","R","B",null,"M","?","?","M","M","R","$","R","T","R","M","M"],"character_chosen":"DEFECT","items_purchased":["Ball Lightning","Matryoshka","Force Field"],"campfire_rested":1,"item_purchase_floors":[2,12,24],"current_hp_per_floor":[75,75,75,75,75,75,75,75,75,74,74,74,74,71,71,42,75,52,52,52,25,12,12,12,12,12,34,4,4,4],"gold":116,"neow_bonus":"THREE_ENEMY_KILL","is_prod":false,"is_daily":false,"chose_seed":false,"campfire_upgraded":5,"win_rate":0,"timestamp":1530596025,"path_taken":["M","$","?","?","?","E","M","R","T","M","M","$","R","?","R","BOSS","M","?","?","?","M","R","$","R","T","R","M","M","E"],"build_version":"2018-06-28","purchased_purges":1,"victory":false,"max_hp_per_floor":[75,75,75,75,75,75,75,75,75,75,75,75,75,75,75,75,75,75,75,75,75,75,75,75,75,75,75,75,75,75],"card_choices":[{"not_picked":["Coolheaded","Go for the Eyes"],"picked":"Lockon","floor":1},{"not_picked":["Streamline","Hologram"],"picked":"Reboot","floor":6},{"not_picked":["Hologram","Go for the Eyes","Gash"],"picked":"SKIP","floor":7},{"not_picked":["Fusion","Reprogram","Force Field"],"picked":"SKIP","floor":10},{"not_picked":["Stack","Turbo"],"picked":"Chaos","floor":11},{"not_picked":["Ball Lightning","Cold Snap"],"picked":"Coolheaded","floor":14},{"not_picked":["Meteor Strike","Machine Learning"],"picked":"Creative AI","floor":16},{"not_picked":["Turbo","Fusion"],"picked":"Static Discharge+1","floor":18},{"not_picked":["Barrage+1","Steam"],"picked":"Static Discharge+1","floor":21},{"not_picked":["Sweeping Beam","Streamline"],"picked":"Tempest","floor":22},{"not_picked":["Hologram","Stack"],"picked":"Multi-Cast","floor":28},{"not_picked":["Stack+1","Melter","Aggregate"],"picked":"SKIP","floor":29}],"player_experience":450841,"relics_obtained":[{"floor":4,"key":"Anchor"},{"floor":6,"key":"Tiny Chest"},{"floor":9,"key":"Pen Nib"},{"floor":26,"key":"Bronze Scales"},{"floor":26,"key":"Oddly Smooth Stone"}],"event_choices":[{"event_name":"Golden Idol","player_choice":"Take Wound","floor":3,"damage_taken":0},{"event_name":"Fountain of Cleansing","player_choice":"Removed Curse","floor":5,"damage_taken":0},{"event_name":"Ghosts","player_choice":"Ignored","floor":19,"damage_taken":0},{"event_name":"Back to Basics","player_choice":"Elegance","floor":20,"damage_taken":0}],"boss_relics":[{"not_picked":["Eternal Feather","Velvet Choker"],"picked":"Cursed Key"}],"items_purged_floors":[24],"is_endless":false,"potions_floor_spawned":[6,10,16,18,28],"killed_by":"Book of Stabbing","ascension_level":0}