{"gold_per_floor":[116,128,147,157,157,157,5,5,32,65,65,65],"floor_reached":12,"playtime":450,"items_purged":[],"score":156,"play_id":"de0289bc-1398-425e-a30f-04125a3b0093","local_time":"20181118094114","is_ascension_mode":true,"campfire_choices":[{"data":"Echo Form","floor":6,"key":"SMITH"},{"data":"Defragment","floor":8,"key":"SMITH"},{"data":"Echo Form","floor":11,"key":"SMITH"}],"neow_cost":"TEN_PERCENT_HP_LOSS","seed_source_timestamp":777919454178728,"circlet_count":0,"master_deck":["AscendersBane","Strike_B","Strike_B","Strike_B","Strike_B","Defend_B","Defend_B","Defend_B","Defend_B","Zap+1","Dualcast","Echo Form+1","Consume","Defragment+1","Reprogram","BootSequence","Echo Form+1","Machine Learning"],"relics":["Cracked Core","Bronze Scales","Juzu Bracelet"],"potions_floor_usage":[10,12],"damage_taken":[{"damage":4,"enemies":"Small Slimes","floor":1,"turns":3},{"damage":5,"enemies":"2 Louse","floor":2,"turns":3},{"damage":1,"enemies":"Cultist","floor":3,"turns":3},{"damage":12,"enemies":"Looter","floor":4,"turns":3},{"damage":10,"enemies":"Lagavulin","floor":10,"turns":5},{"damage":54,"enemies":"Gremlin Nob","floor":12,"turns":4}],"seed_played":"2369525351061032476","potions_obtained":[{"floor":2,"key":"SteroidPotion"},{"floor":3,"key":"Poison Potion"}],"is_trial":false,"path_per_floor":["M","M","M","M","?","R","$","R","T","E","R","?"],"character_chosen":"DEFECT","items_purchased":["Echo Form"],"campfire_rested":0,"item_purchase_floors":[7],"current_hp_per_floor":[60,55,54,42,42,42,42,42,42,32,32,0],"gold":65,"neow_bonus":"THREE_RARE_CARDS","is_prod":false,"is_daily":false,"chose_seed":false,"campfire_upgraded":3,"win_rate":0,"timestamp":1542562874,"path_taken":["M","M","M","M","?","R","$","R","T","E","R","?"],"build_version":"2018-11-15","purchased_purges":0,"victory":false,"max_hp_per_floor":[64,64,64,64,64,64,64,64,64,64,64,64],"card_choices":[{"not_picked":["Reboot","Fission"],"picked":"Echo Form","floor":0},{"not_picked":["Beam Cell","Streamline"],"picked":"Consume","floor":1},{"not_picked":["Storm","Coolheaded"],"picked":"Defragment","floor":2},{"not_picked":["Streamline","Melter"],"picked":"Reprogram","floor":3},{"not_picked":["Rebound","Coolheaded"],"picked":"BootSequence","floor":4},{"not_picked":["Fusion","Turbo"],"picked":"Machine Learning","floor":10}],"player_experience":946000,"relics_obtained":[{"floor":9,"key":"Bronze Scales"},{"floor":10,"key":"Juzu Bracelet"}],"event_choices":[{"damage_healed":0,"gold_gain":0,"player_choice":"Grow","damage_taken":0,"max_hp_gain":0,"max_hp_loss":0,"event_name":"Living Wall","floor":5,"gold_loss":0,"cards_upgraded":["Zap"]},{"damage_healed":0,"gold_gain":0,"player_choice":"Searched \u00271\u0027 times","damage_taken":0,"max_hp_gain":0,"max_hp_loss":0,"event_name":"Dead Adventurer","floor":12,"gold_loss":0}],"is_beta":true,"boss_relics":[],"items_purged_floors":[],"is_endless":false,"potions_floor_spawned":[2,3],"killed_by":"Gremlin Nob","ascension_level":20}