{"gold_per_floor":[109,109,125,125,144,177,18,48,48,48,48,63,63],"floor_reached":13,"playtime":489,"items_purged":["Strike_B"],"score":98,"play_id":"4f5e0261-d4f4-49e7-9dfc-fb2eeb629294","local_time":"20190115100356","is_ascension_mode":true,"campfire_choices":[{"data":"Creative AI","floor":11,"key":"SMITH"}],"neow_cost":"NONE","seed_source_timestamp":864449086272,"circlet_count":0,"master_deck":["Strike_B+1","Strike_B","Strike_B","Defend_B+1","Defend_B","Defend_B","Defend_B","Zap+1","Dualcast","Coolheaded","Deep Breath","Creative AI+1","Steam","Machine Learning","Swift Strike"],"relics":["Cracked Core","Ornamental Fan","Bottled Tornado","Gremlin Horn","Cables"],"potions_floor_usage":[],"damage_taken":[{"damage":0,"enemies":"2 Louse","floor":1,"turns":3},{"damage":0,"enemies":"Cultist","floor":3,"turns":3},{"damage":6,"enemies":"Small Slimes","floor":5,"turns":3},{"damage":13,"enemies":"3 Sentries","floor":6,"turns":10},{"damage":16,"enemies":"Lagavulin","floor":8,"turns":7},{"damage":0,"enemies":"Blue Slaver","floor":12,"turns":4},{"damage":31,"enemies":"Exordium Thugs","floor":13,"turns":2}],"seed_played":"1746714481812146167","potions_obtained":[{"floor":3,"key":"FocusPotion"},{"floor":12,"key":"EssenceOfSteel"}],"is_trial":false,"path_per_floor":["M","?","M","?","M","E","$","E","T","T","R","M","M"],"character_chosen":"DEFECT","items_purchased":["Swift Strike"],"campfire_rested":0,"item_purchase_floors":[7],"current_hp_per_floor":[75,75,75,60,54,41,41,25,25,25,25,25,0],"gold":63,"neow_bonus":"UPGRADE_CARD","is_prod":false,"is_daily":false,"chose_seed":false,"campfire_upgraded":1,"win_rate":0,"timestamp":1547507036,"path_taken":["M","?","?","?","M","E","$","E","T","?","R","M","M"],"build_version":"2018-11-15","purchased_purges":1,"victory":false,"max_hp_per_floor":[75,75,75,75,75,75,75,75,75,75,75,75,75],"card_choices":[{"not_picked":["Gash","Cold Snap"],"picked":"Coolheaded","floor":1},{"not_picked":["Streamline","Conserve Battery","Darkness"],"picked":"SKIP","floor":3},{"not_picked":["Cold Snap","Ball Lightning"],"picked":"Steam","floor":5},{"not_picked":["Ball Lightning","Go for the Eyes"],"picked":"Machine Learning","floor":6},{"not_picked":["Sweeping Beam","Compile Driver","Aggregate"],"picked":"SKIP","floor":8},{"not_picked":["Stack","Sweeping Beam","Streamline"],"picked":"SKIP","floor":12}],"player_experience":1087040,"relics_obtained":[{"floor":6,"key":"Ornamental Fan"},{"floor":8,"key":"Bottled Tornado"},{"floor":9,"key":"Gremlin Horn"},{"floor":10,"key":"Cables"}],"event_choices":[{"damage_healed":0,"gold_gain":0,"player_choice":"2 cards matched","damage_taken":0,"max_hp_gain":0,"max_hp_loss":0,"event_name":"Match and Keep!","floor":2,"gold_loss":0,"cards_obtained":["Deep Breath","Creative AI"]},{"damage_healed":0,"gold_gain":0,"player_choice":"2 cards matched","damage_taken":0,"max_hp_gain":0,"max_hp_loss":0,"event_name":"Match and Keep!","floor":2,"gold_loss":0,"cards_obtained":["Deep Breath","Creative AI"]},{"damage_healed":0,"gold_gain":0,"player_choice":"Entered Light","damage_taken":15,"max_hp_gain":0,"max_hp_loss":0,"event_name":"Shining Light","floor":4,"gold_loss":0,"cards_upgraded":["Defend_B","Strike_B"]}],"is_beta":true,"boss_relics":[],"items_purged_floors":[7],"is_endless":false,"potions_floor_spawned":[3,12],"killed_by":"Exordium Thugs","ascension_level":1}