{"gold_per_floor":[117,137,152,152,169,169,195,195,195,23,48,48,48],"floor_reached":13,"playtime":418,"items_purged":[],"score":186,"play_id":"346a404d-bb48-4e3f-a989-4a198be4ad35","local_time":"20181110012206","is_ascension_mode":true,"campfire_choices":[{"floor":6,"key":"REST"},{"data":"Bash","floor":8,"key":"SMITH"},{"data":"Havoc","floor":12,"key":"SMITH"}],"neow_cost":"PERCENT_DAMAGE","seed_source_timestamp":688822272191189,"circlet_count":0,"master_deck":["AscendersBane","Strike_R","Strike_R+1","Strike_R+1","Strike_R","Defend_R","Defend_R","Defend_R","Bash+1","Havoc+1","Shrug It Off","Ghostly Armor","Flame Barrier","Limit Break+1"],"relics":["Burning Blood","Charon\u0027s Ashes","Self Forming Clay","Calipers","Whetstone","Toxic Egg 2"],"potions_floor_usage":[7,13],"damage_taken":[{"damage":14,"enemies":"Jaw Worm","floor":1,"turns":4},{"damage":4,"enemies":"Small Slimes","floor":2,"turns":5},{"damage":9,"enemies":"2 Louse","floor":3,"turns":3},{"damage":11,"enemies":"2 Fungi Beasts","floor":5,"turns":4},{"damage":8,"enemies":"Gremlin Nob","floor":7,"turns":3},{"damage":20,"enemies":"3 Sentries","floor":11,"turns":7},{"damage":38,"enemies":"Lagavulin","floor":13,"turns":9}],"seed_played":"-6909697854274145198","potions_obtained":[{"floor":1,"key":"Weak Potion"},{"floor":2,"key":"AttackPotion"},{"floor":7,"key":"SpeedPotion"}],"is_trial":false,"path_per_floor":["M","M","M","?","M","R","E","R","T","$","E","R","E"],"character_chosen":"IRONCLAD","items_purchased":["Whetstone"],"campfire_rested":1,"item_purchase_floors":[10],"current_hp_per_floor":[42,44,41,30,25,47,45,45,45,45,31,31,0],"gold":48,"neow_bonus":"REMOVE_TWO","is_prod":false,"is_daily":false,"chose_seed":false,"campfire_upgraded":2,"win_rate":0,"timestamp":1541841726,"path_taken":["M","M","M","?","M","R","E","R","T","$","E","R","E"],"build_version":"2018-11-08","purchased_purges":0,"victory":false,"max_hp_per_floor":[75,75,75,75,75,75,75,75,75,75,75,75,75],"card_choices":[{"not_picked":["Sever Soul","Perfected Strike","Rage"],"picked":"SKIP","floor":1},{"not_picked":["Pummel","Entrench"],"picked":"Havoc","floor":2},{"not_picked":["Headbutt","Havoc"],"picked":"Shrug It Off","floor":3},{"not_picked":["Warcry","Clash"],"picked":"Ghostly Armor","floor":5},{"not_picked":["Whirlwind","Iron Wave"],"picked":"Flame Barrier","floor":7},{"not_picked":["Headbutt","Carnage"],"picked":"Limit Break","floor":11}],"player_experience":930366,"relics_obtained":[{"floor":7,"key":"Self Forming Clay"},{"floor":9,"key":"Calipers"},{"floor":11,"key":"Toxic Egg 2"}],"event_choices":[{"damage_healed":0,"gold_gain":0,"player_choice":"Success","damage_taken":11,"relics_obtained":["Charon\u0027s Ashes"],"max_hp_gain":0,"max_hp_loss":0,"event_name":"Scrap Ooze","floor":4,"gold_loss":0}],"is_beta":true,"boss_relics":[],"items_purged_floors":[],"is_endless":false,"potions_floor_spawned":[1,2,5,7],"killed_by":"Lagavulin","ascension_level":20}