{"gold_per_floor":[114,129,144,319,319,349,349,409,409,409,409,424,439,88,88,188,188,203,3,3,18,18,48,48,73,73,73,103,118,133,233,233,333,333,348,386,386,86,101,131,131,146,171,201,201,216,216,231,231,231],"floor_reached":51,"playtime":1922,"items_purged":["Defend_G"],"score":1103,"play_id":"412cdc0e-9b8e-4963-b098-02ebe9cfba7f","local_time":"20180904082005","daily_mods":["Specialized","Time Dilation","Night Terrors"],"is_ascension_mode":false,"campfire_choices":[{"data":"Neutralize","floor":7,"key":"SMITH"},{"floor":15,"key":"REST"},{"data":"Prepared","floor":24,"key":"SMITH"},{"data":"Finisher","floor":27,"key":"SMITH"},{"data":"Backstab","floor":32,"key":"SMITH"},{"data":"Backstab","floor":41,"key":"SMITH"},{"data":"Backstab","floor":45,"key":"SMITH"},{"data":"Corpse Explosion","floor":49,"key":"SMITH"}],"neow_cost":"","seed_source_timestamp":0,"circlet_count":0,"master_deck":["Survivor","Neutralize+1","Adrenaline","Adrenaline","Adrenaline","Adrenaline","Adrenaline","Finisher+1","Backstab+1","Prepared+1","Adrenaline","Backstab+1","Die Die Die","Finisher+1","Prepared","Terror+1","Corpse Explosion+1","Accuracy","Deflect","Backstab+1","Deadly Poison","Acrobatics","Deadly Poison","Dodge and Roll","Poisoned Stab","Footwork","Slice","Acrobatics","Quick Slash+1","Slice+1","Flechettes+1"],"special_seed":17778,"relics":["Ring of the Snake","Sundial","Tiny Chest","Ninja Scroll","Strange Spoon","Runic Dome","HandDrill","MutagenicStrength","Lantern","Boot","Meat on the Bone","Bag of Preparation","Tough Bandages","Pear","Pandora\u0027s Box","Ice Cream","Art of War","Toy Ornithopter","Thread and Needle","Strawberry","Molten Egg 2"],"potions_floor_usage":[6,33,33,33,50,50,50],"damage_taken":[{"damage":0,"enemies":"Cultist","floor":1,"turns":2},{"damage":0,"enemies":"2 Louse","floor":2,"turns":2},{"damage":0,"enemies":"Small Slimes","floor":3,"turns":2},{"damage":10,"enemies":"Lagavulin","floor":6,"turns":4},{"damage":0,"enemies":"Gremlin Nob","floor":8,"turns":2},{"damage":0,"enemies":"2 Fungi Beasts","floor":12,"turns":1},{"damage":0,"enemies":"Looter","floor":13,"turns":1},{"damage":0,"enemies":"Slime Boss","floor":16,"turns":1},{"damage":0,"enemies":"Chosen","floor":18,"turns":1},{"damage":0,"enemies":"3 Byrds","floor":21,"turns":1},{"damage":0,"enemies":"Book of Stabbing","floor":23,"turns":1},{"damage":0,"enemies":"Gremlin Leader","floor":28,"turns":1},{"damage":0,"enemies":"Centurion and Healer","floor":29,"turns":1},{"damage":0,"enemies":"Shelled Parasite and Fungi","floor":30,"turns":1},{"damage":0,"enemies":"Colosseum Slavers","floor":31,"turns":1},{"damage":0,"enemies":"Colosseum Nobs","floor":31,"turns":1},{"damage":29,"enemies":"Automaton","floor":33,"turns":6},{"damage":0,"enemies":"3 Shapes","floor":35,"turns":1},{"damage":0,"enemies":"Mysterious Sphere","floor":36,"turns":1},{"damage":0,"enemies":"Orb Walker","floor":39,"turns":1},{"damage":0,"enemies":"Nemesis","floor":40,"turns":1},{"damage":0,"enemies":"Maw","floor":42,"turns":2},{"damage":0,"enemies":"Giant Head","floor":44,"turns":1},{"damage":0,"enemies":"Transient","floor":46,"turns":1},{"damage":0,"enemies":"Spire Growth","floor":48,"turns":1},{"damage":0,"enemies":"Donu and Deca","floor":50,"turns":2}],"seed_played":"899177994719070386","potions_obtained":[{"floor":1,"key":"Regen Potion"},{"floor":2,"key":"FearPotion"},{"floor":3,"key":"Explosive Potion"},{"floor":11,"key":"GhostInAJar"},{"floor":11,"key":"Fire Potion"},{"floor":33,"key":"EssenceOfSteel"},{"floor":35,"key":"Regen Potion"},{"floor":39,"key":"SkillPotion"}],"is_trial":false,"path_per_floor":["M","M","M","?","?","E","R","E","T","?","?","M","M","$","R","B",null,"M","$","?","M","?","E","R","T","T","R","E","M","M","?","R","B",null,"M","?","?","$","M","E","R","M","T","E","R","M","?","M","R","B"],"character_chosen":"THE_SILENT","items_purchased":["Strange Spoon","Die Die Die","HandDrill","AttackPotion","Toy Ornithopter","Acrobatics"],"campfire_rested":1,"item_purchase_floors":[14,14,19,38,38,38],"current_hp_per_floor":[70,70,70,70,70,60,60,60,60,46,46,46,46,46,65,65,65,65,65,65,65,54,54,54,54,54,54,54,54,54,64,64,50,80,80,80,80,80,80,80,80,80,87,87,87,87,87,87,87,87],"gold":231,"neow_bonus":"","is_prod":false,"is_daily":true,"chose_seed":false,"campfire_upgraded":7,"win_rate":0,"timestamp":1536042005,"path_taken":["M","?","M","?","?","E","R","E","T","?","?","?","M","$","R","BOSS","M","$","?","M","?","E","R","?","T","R","E","M","?","?","R","BOSS","M","?","?","$","M","E","R","M","T","E","R","M","?","?","R","BOSS"],"build_version":"2018-08-30","purchased_purges":1,"victory":true,"max_hp_per_floor":[70,70,70,70,70,70,70,70,70,70,70,70,70,70,65,65,65,65,65,65,65,70,70,70,70,70,70,70,70,70,80,80,80,80,80,80,80,80,80,80,80,80,87,87,87,87,87,87,87,87],"card_choices":[{"not_picked":["PiercingWail","Reflex","Dagger Spray"],"picked":"SKIP","floor":1},{"not_picked":["Outmaneuver","Underhanded Strike"],"picked":"Bouncing Flask","floor":2},{"not_picked":["Poisoned Stab","Burst"],"picked":"Finisher","floor":3},{"not_picked":["Prepared","Flying Knee"],"picked":"Backstab","floor":6},{"not_picked":["Setup","Outmaneuver"],"picked":"Prepared","floor":8},{"not_picked":["Riddle With Holes","Outmaneuver"],"picked":"Adrenaline","floor":12},{"not_picked":["Prepared","Riddle With Holes"],"picked":"Backstab","floor":13},{"not_picked":["Deflect","Bane+1","Eviscerate"],"picked":"SKIP","floor":18},{"not_picked":["Caltrops","Distraction+1"],"picked":"Finisher+1","floor":21},{"not_picked":["Blur","Cloak And Dagger","Bane+1"],"picked":"SKIP","floor":23},{"not_picked":["Deflect","Expertise","Dagger Throw+1"],"picked":"SKIP","floor":28},{"not_picked":["Finisher","Underhanded Strike"],"picked":"Prepared","floor":29},{"not_picked":["Blade Dance","Flying Knee+1"],"picked":"Terror+1","floor":30},{"not_picked":["Unload","Grand Finale"],"picked":"Corpse Explosion","floor":33},{"not_picked":["Outmaneuver","Underhanded Strike+1"],"picked":"Slice","floor":35},{"not_picked":["Crippling Poison+1","Reflex+1","Blade Dance"],"picked":"SKIP","floor":39},{"not_picked":["Bane+1","Skewer+1","Quick Slash"],"picked":"SKIP","floor":40},{"not_picked":["All Out Attack+1","Bane","Accuracy"],"picked":"SKIP","floor":42},{"not_picked":["Setup","PiercingWail"],"picked":"Quick Slash+1","floor":44},{"not_picked":["Poisoned Stab+1","PiercingWail+1"],"picked":"Slice+1","floor":46},{"not_picked":["Underhanded Strike+1","Flying Knee+1","Burst"],"picked":"SKIP","floor":48}],"player_experience":102596,"relics_obtained":[{"floor":6,"key":"Sundial"},{"floor":8,"key":"Tiny Chest"},{"floor":9,"key":"Ninja Scroll"},{"floor":23,"key":"Lantern"},{"floor":25,"key":"Boot"},{"floor":26,"key":"Meat on the Bone"},{"floor":28,"key":"Bag of Preparation"},{"floor":31,"key":"Tough Bandages"},{"floor":31,"key":"Pear"},{"floor":36,"key":"Ice Cream"},{"floor":37,"key":"Art of War"},{"floor":40,"key":"Thread and Needle"},{"floor":43,"key":"Strawberry"},{"floor":44,"key":"Molten Egg 2"}],"event_choices":[{"event_name":"Liars Game","player_choice":"agreed","floor":4,"damage_taken":0},{"event_name":"Living Wall","player_choice":"Forget","floor":5,"damage_taken":0},{"event_name":"Shining Light","player_choice":"Entered Light","floor":10,"damage_taken":0},{"event_name":"The Lab","player_choice":"Got Potions","floor":11,"damage_taken":0},{"event_name":"Drug Dealer","player_choice":"Inject Mutagens","floor":20,"damage_taken":0},{"event_name":"Forgotten Altar","player_choice":"Shed Blood","floor":22,"damage_taken":0},{"event_name":"Colosseum","player_choice":"Fight","floor":31,"damage_taken":0},{"event_name":"Colosseum","player_choice":"Fought Nobs","floor":31,"damage_taken":0},{"event_name":"Mysterious Sphere","player_choice":"Fight","floor":36,"damage_taken":0},{"event_name":"Wheel of Change","player_choice":"Relic","floor":37,"damage_taken":0},{"event_name":"Transmorgrifier","player_choice":"Transform","floor":47,"damage_taken":0}],"is_beta":true,"boss_relics":[{"not_picked":["Snecko Eye","Velvet Choker"],"picked":"Runic Dome"},{"not_picked":["Calling Bell","Ring of the Serpent"],"picked":"Pandora\u0027s Box"}],"items_purged_floors":[14],"is_endless":false,"potions_floor_spawned":[1,2,3,13,21,28,29,33,35,39,42],"ascension_level":0}