{"gold_per_floor":[115,129,142,159,159,159,42,76,76,88,105,105,136,152,152,252,252,270,3,23,0,20,20,20,52,52,52,52,52,86,86,86,186,186,197,223,233,246,48,76,76,110,134,145,145,194,194,212,212,212,212,212,40,65,65],"floor_reached":55,"playtime":3619,"items_purged":["Writhe"],"score":1019,"play_id":"fece3486-7a72-486d-9b90-bd102908244e","local_time":"20181224032634","is_ascension_mode":true,"campfire_choices":[{"floor":6.0,"key":"REST"},{"floor":12.0,"key":"REST"},{"floor":15.0,"key":"RECALL"},{"floor":23.0,"key":"REST"},{"floor":27.0,"key":"REST"},{"floor":29.0,"key":"REST"},{"floor":32.0,"key":"REST"},{"floor":45.0,"key":"REST"},{"floor":47.0,"key":"REST"},{"data":"Biased Cognition","floor":49.0,"key":"SMITH"},{"data":"Biased Cognition","floor":52.0,"key":"SMITH"}],"neow_cost":"NONE","seed_source_timestamp":455771689154537,"circlet_count":0,"master_deck":["Strike_B","Strike_B","Strike_B","Defend_B","Defend_B","Defend_B","Zap","Dualcast","Defragment+1","Ball Lightning","Capacitor","Cold Snap","Leap","Trip","Biased Cognition+1","Undo","Cold Snap","Cold Snap","Biased Cognition+1","Hologram+1","Capacitor","Turbo+1","Cold Snap+1","Go for the Eyes","Turbo","Conserve Battery","Static Discharge","Echo Form","Steam+1","BootSequence+1","Ball Lightning+1","Self Repair","Self Repair+1","Seek","Force Field+1","Redo+1"],"special_seed":0,"relics":["Cracked Core","Bronze Scales","Vajra","Du-Vu Doll","Black Star","ClockworkSouvenir","Letter Opener","Strawberry","Emotion Chip","Ornamental Fan","Pear","Bottled Tornado","Lantern","Eternal Feather","Regal Pillow","Lee\u0027s Waffle","Mummified Hand","Shuriken","Pantograph","Sundial","Omamori","Torii","Cables","Ice Cream"],"potions_floor_usage":[55,55],"damage_taken":[{"damage":1.0,"enemies":"Cultist","floor":1.0,"turns":3.0},{"damage":1.0,"enemies":"2 Louse","floor":2.0,"turns":2.0},{"damage":5.0,"enemies":"Small Slimes","floor":3.0,"turns":3.0},{"damage":8.0,"enemies":"Blue Slaver","floor":4.0,"turns":3.0},{"damage":24.0,"enemies":"Gremlin Nob","floor":8.0,"turns":4.0},{"damage":6.0,"enemies":"Looter","floor":10.0,"turns":2.0},{"damage":9.0,"enemies":"Red Slaver","floor":11.0,"turns":3.0},{"damage":1.0,"enemies":"3 Sentries","floor":13.0,"turns":5.0},{"damage":16.0,"enemies":"3 Louse","floor":14.0,"turns":2.0},{"damage":7.0,"enemies":"The Guardian","floor":16.0,"turns":9.0},{"damage":3.0,"enemies":"Chosen","floor":18.0,"turns":4.0},{"damage":3.0,"enemies":"Spheric Guardian","floor":20.0,"turns":4.0},{"damage":28.0,"enemies":"3 Cultists","floor":22.0,"turns":6.0},{"damage":25.0,"enemies":"Slavers","floor":25.0,"turns":5.0},{"damage":31.0,"enemies":"Gremlin Leader","floor":30.0,"turns":9.0},{"damage":4.0,"enemies":"Automaton","floor":33.0,"turns":9.0},{"damage":3.0,"enemies":"Orb Walker","floor":35.0,"turns":4.0},{"damage":39.0,"enemies":"3 Shapes","floor":37.0,"turns":4.0},{"damage":12.0,"enemies":"Transient","floor":38.0,"turns":5.0},{"damage":28.0,"enemies":"Nemesis","floor":40.0,"turns":9.0},{"damage":34.0,"enemies":"Giant Head","floor":42.0,"turns":9.0},{"damage":8.0,"enemies":"Writhing Mass","floor":44.0,"turns":5.0},{"damage":64.0,"enemies":"2 Orb Walkers","floor":46.0,"turns":5.0},{"damage":25.0,"enemies":"Jaw Worm Horde","floor":48.0,"turns":4.0},{"damage":30.0,"enemies":"Donu and Deca","floor":50.0,"turns":10.0},{"damage":71.0,"enemies":"Shield and Spear","floor":54.0,"turns":7.0},{"damage":70,"enemies":"The Heart","floor":55,"turns":3}],"seed_played":"-6991014696906647969","potions_obtained":[{"floor":1.0,"key":"Fruit Juice"},{"floor":10.0,"key":"SpeedPotion"},{"floor":11.0,"key":"Block Potion"},{"floor":13.0,"key":"Strength Potion"},{"floor":16.0,"key":"Swift Potion"},{"floor":20.0,"key":"GamblersBrew"},{"floor":22.0,"key":"PowerPotion"},{"floor":30.0,"key":"EssenceOfSteel"},{"floor":37.0,"key":"SmokeBomb"},{"floor":40.0,"key":"EssenceOfSteel"},{"floor":46.0,"key":"Fire Potion"}],"is_trial":false,"path_per_floor":["M","M","M","M","?","R","$","E","T","M","M","R","E","M","R","B",null,"M","$","M","?","M","R","?","E","T","R","?","R","E","T","R","B",null,"M","T","M","M","$","E","?","E","T","M","R","?","R","M","R","B",null,"R","$","E","B"],"character_chosen":"DEFECT","items_purchased":["Leap","Trip","ClockworkSouvenir","Capacitor","Lee\u0027s Waffle","Dexterity Potion","SteroidPotion"],"campfire_rested":8,"item_purchase_floors":[7,7,19,19,39,53,53],"current_hp_per_floor":[79,78,73,65,65,80,80,56,56,50,41,65,64,48,48,41,70,67,67,64,64,36,60,60,42,42,68,68,87,66,66,95,91,96,93,93,54,42,104,76,76,42,42,41,99,45,99,84,99,93,98,99,99,45,0],"gold":65,"neow_bonus":"RANDOM_COMMON_RELIC","is_prod":false,"is_daily":false,"chose_seed":false,"campfire_upgraded":2,"win_rate":0,"timestamp":1545639994,"path_taken":["M","M","M","M","?","R","?","E","T","M","M","R","E","M","R","BOSS","M","$","M","?","M","R","?","E","T","R","?","R","E","?","R","BOSS","M","?","M","M","$","E","?","E","T","M","R","?","R","M","R","BOSS","R","$","E","BOSS"],"build_version":"2018-12-20","purchased_purges":1,"victory":false,"max_hp_per_floor":[80,80,80,80,80,80,80,80,80,80,80,80,80,80,80,80,80,80,80,80,80,80,80,80,87,87,87,87,87,97,97,97,97,97,97,97,97,97,104,104,99,99,99,99,99,99,99,99,99,99,99,99,99,99,99],"card_choices":[{"not_picked":["Aggregate","Rip and Tear"],"picked":"Defragment","floor":1.0},{"not_picked":["Compile Driver","Redo"],"picked":"Ball Lightning","floor":2.0},{"not_picked":["Compile Driver","Hologram"],"picked":"Capacitor","floor":3.0},{"not_picked":["Skim","Scrape"],"picked":"Cold Snap","floor":4.0},{"not_picked":["Compile Driver","Sunder"],"picked":"Biased Cognition","floor":8.0},{"not_picked":["Recycle","Sweeping Beam","Reprogram"],"picked":"SKIP","floor":10.0},{"not_picked":["Fusion","Compile Driver"],"picked":"Undo","floor":11.0},{"not_picked":["Rip and Tear","Heatsinks"],"picked":"Cold Snap","floor":13.0},{"not_picked":["Rebound","Scrape"],"picked":"Cold Snap","floor":14.0},{"not_picked":["Thunder Strike","Hyperbeam"],"picked":"Biased Cognition","floor":16.0},{"not_picked":["Gash","Sweeping Beam+1"],"picked":"Hologram+1","floor":18.0},{"not_picked":["Lockon","Capacitor"],"picked":"Turbo+1","floor":20.0},{"not_picked":["Compile Driver","Leap"],"picked":"Cold Snap+1","floor":22.0},{"not_picked":["Fusion","Compile Driver"],"picked":"Go for the Eyes","floor":25.0},{"not_picked":["Rip and Tear","Undo"],"picked":"Static Discharge","floor":30.0},{"not_picked":["Rainbow","Machine Learning"],"picked":"Echo Form","floor":33.0},{"not_picked":["Hologram","Rebound+1"],"picked":"Steam+1","floor":35.0},{"not_picked":["Barrage","Sweeping Beam+1"],"picked":"BootSequence+1","floor":37.0},{"not_picked":["Barrage+1","Reprogram"],"picked":"Ball Lightning+1","floor":38.0},{"not_picked":["Static Discharge+1","FTL"],"picked":"Self Repair","floor":40.0},{"not_picked":["Go for the Eyes+1","Hello World+1"],"picked":"Self Repair+1","floor":42.0},{"not_picked":["Leap","Barrage+1"],"picked":"Seek","floor":44.0},{"not_picked":["Storm","Stack"],"picked":"Force Field+1","floor":46.0},{"not_picked":["Barrage+1","Heatsinks","Stack+1"],"picked":"SKIP","floor":48.0},{"not_picked":["Aggregate+1","Rip and Tear"],"picked":"Redo+1","floor":54.0}],"player_experience":247094,"relics_obtained":[{"floor":8.0,"key":"Vajra"},{"floor":13.0,"key":"Du-Vu Doll"},{"floor":25.0,"key":"Strawberry"},{"floor":25.0,"key":"Emotion Chip"},{"floor":26.0,"key":"Ornamental Fan"},{"floor":30.0,"key":"Pear"},{"floor":30.0,"key":"Bottled Tornado"},{"floor":31.0,"key":"Lantern"},{"floor":36.0,"key":"Regal Pillow"},{"floor":40.0,"key":"Mummified Hand"},{"floor":40.0,"key":"Shuriken"},{"floor":42.0,"key":"Pantograph"},{"floor":42.0,"key":"Sundial"},{"floor":43.0,"key":"Omamori"},{"floor":46.0,"key":"Torii"},{"floor":54.0,"key":"Cables"},{"floor":54.0,"key":"Ice Cream"}],"event_choices":[{"damage_healed":0.0,"max_hp_gain":0.0,"max_hp_loss":0.0,"gold_gain":0.0,"event_name":"Upgrade Shrine","player_choice":"Upgraded","floor":5.0,"gold_loss":0.0,"damage_taken":0.0,"cards_upgraded":["Defragment"]},{"damage_healed":0.0,"max_hp_gain":0.0,"max_hp_loss":0.0,"gold_gain":0.0,"event_name":"Masked Bandits","player_choice":"Paid Fearfully","floor":21.0,"gold_loss":23.0,"damage_taken":0.0},{"damage_healed":0.0,"max_hp_gain":0.0,"max_hp_loss":0.0,"gold_gain":0.0,"event_name":"The Mausoleum","player_choice":"Opened","floor":24.0,"gold_loss":0.0,"damage_taken":0.0,"relics_obtained":["Letter Opener"],"cards_obtained":["Writhe"]},{"damage_healed":0.0,"max_hp_gain":0.0,"max_hp_loss":0.0,"gold_gain":0.0,"cards_transformed":["Defend_B","Strike_B"],"event_name":"Drug Dealer","player_choice":"Became Test Subject","floor":28.0,"gold_loss":0.0,"damage_taken":0.0,"cards_obtained":["Turbo","Conserve Battery"]},{"damage_healed":0.0,"max_hp_gain":0.0,"max_hp_loss":5.0,"gold_gain":0.0,"event_name":"Winding Halls","player_choice":"Max HP","floor":41.0,"gold_loss":0.0,"damage_taken":0.0},{"damage_healed":0.0,"max_hp_gain":0.0,"max_hp_loss":0.0,"gold_gain":0.0,"event_name":"Mysterious Sphere","player_choice":"Fight","floor":46.0,"gold_loss":0.0,"damage_taken":0.0}],"is_beta":false,"boss_relics":[{"not_picked":["Tiny House","Pandora\u0027s Box"],"picked":"Black Star"},{"not_picked":["Runic Pyramid","Busted Crown"],"picked":"Eternal Feather"}],"items_purged_floors":[53],"is_endless":false,"potions_floor_spawned":[1,10,11,13,16,20,22,30,37,40,46],"killed_by":"The Heart","ascension_level":5}