{"gold_per_floor":[109,123,198,7,7,7,27,27,52,81,81,96,107,130,130,207,207,219,269,281,39,39,39,39,39],"floor_reached":25,"playtime":1762,"items_purged":["Strike_G","Strike_G"],"score":388,"play_id":"d1b74d84-0b11-4c6a-9c62-b4472d1cc56f","local_time":"20190131075315","is_ascension_mode":true,"campfire_choices":[{"data":"Neutralize","floor":6.0,"key":"SMITH"},{"data":"Dagger Spray","floor":8.0,"key":"SMITH"},{"floor":15.0,"key":"REST"},{"floor":23,"key":"REST"}],"neow_cost":"NONE","seed_source_timestamp":0,"circlet_count":0,"master_deck":["AscendersBane","Defend_G","Defend_G","Defend_G","Defend_G","Defend_G","Strike_G","Strike_G","Strike_G","Survivor","Neutralize+1","Well Laid Plans","Dodge and Roll","Noxious Fumes+1","Dagger Spray+1","Poisoned Stab","Caltrops","Glass Knife","Cloak And Dagger","Noxious Fumes","Corpse Explosion","Backflip","Dagger Throw+1","Cloak And Dagger","Shame"],"special_seed":0,"relics":["Ring of the Snake","Smiling Mask","Bronze Scales","Boot","Odd Mushroom","Runic Pyramid","Blood Vial","Letter Opener"],"potions_floor_usage":[18,18,25],"damage_taken":[{"damage":8.0,"enemies":"Jaw Worm","floor":1.0,"turns":5.0},{"damage":0.0,"enemies":"2 Louse","floor":2.0,"turns":5.0},{"damage":4.0,"enemies":"Small Slimes","floor":7.0,"turns":5.0},{"damage":18.0,"enemies":"Gremlin Nob","floor":10.0,"turns":4.0},{"damage":0.0,"enemies":"3 Louse","floor":12.0,"turns":2.0},{"damage":1.0,"enemies":"Blue Slaver","floor":13.0,"turns":3.0},{"damage":23.0,"enemies":"The Mushroom Lair","floor":14.0,"turns":3.0},{"damage":24.0,"enemies":"Slime Boss","floor":16.0,"turns":8.0},{"damage":7,"enemies":"Spheric Guardian","floor":18,"turns":5},{"damage":31,"enemies":"2 Thieves","floor":20,"turns":3},{"damage":36,"enemies":"Book of Stabbing","floor":25,"turns":4}],"seed_played":"-2826193888080965065","potions_obtained":[{"floor":1.0,"key":"Regen Potion"},{"floor":10.0,"key":"Poison Potion"},{"floor":12.0,"key":"Energy Potion"},{"floor":16.0,"key":"Weak Potion"},{"floor":18,"key":"PowerPotion"},{"floor":20,"key":"Strength Potion"}],"is_trial":false,"path_per_floor":["M","M","?","$","?","R","M","R","T","E","?","M","M","?","R","B",null,"M","?","M","$","?","R","?","E"],"character_chosen":"THE_SILENT","items_purchased":["Noxious Fumes","Dagger Spray","Blood Vial","Cloak And Dagger"],"campfire_rested":2,"item_purchase_floors":[4,4,21,21],"current_hp_per_floor":[51,51,40,40,40,40,36,36,36,32,32,32,31,8,27,3,50,43,43,12,12,12,31,31,0],"gold":39,"neow_bonus":"RANDOM_COMMON_RELIC","is_prod":false,"is_daily":false,"chose_seed":false,"campfire_upgraded":2,"win_rate":0,"timestamp":1548949995,"path_taken":["M","M","?","$","?","R","M","R","T","E","?","M","M","?","R","BOSS","M","?","M","$","?","R","?","E"],"build_version":"2019-01-23","purchased_purges":2,"victory":false,"max_hp_per_floor":[66,66,66,66,66,66,66,66,66,66,66,66,66,66,66,66,66,66,66,66,66,66,66,66,66],"card_choices":[{"not_picked":["Outmaneuver","Expertise"],"picked":"Well Laid Plans","floor":1.0},{"not_picked":["Backflip","Underhanded Strike"],"picked":"Dodge and Roll","floor":2.0},{"not_picked":["Quick Slash","Well Laid Plans"],"picked":"Poisoned Stab","floor":7.0},{"not_picked":["Backflip","Well Laid Plans"],"picked":"Caltrops","floor":10.0},{"not_picked":["Deadly Poison","Backflip"],"picked":"Glass Knife","floor":12.0},{"not_picked":["Quick Slash","Well Laid Plans"],"picked":"Cloak And Dagger","floor":13.0},{"not_picked":["Heel Hook","Poisoned Stab"],"picked":"Noxious Fumes","floor":14.0},{"not_picked":["Venomology","Envenom"],"picked":"Corpse Explosion","floor":16.0},{"not_picked":["Cloak And Dagger","Underhanded Strike+1"],"picked":"Backflip","floor":18},{"not_picked":["Concentrate","Backflip"],"picked":"Dagger Throw+1","floor":20}],"player_experience":1786945,"relics_obtained":[{"floor":9.0,"key":"Bronze Scales"},{"floor":10.0,"key":"Boot"},{"floor":14.0,"key":"Odd Mushroom"}],"event_choices":[{"damage_healed":0.0,"max_hp_gain":0.0,"max_hp_loss":0.0,"gold_gain":75.0,"event_name":"World of Goop","player_choice":"Gather Gold","floor":3.0,"gold_loss":0.0,"damage_taken":11.0},{"damage_healed":0.0,"max_hp_gain":0.0,"max_hp_loss":0.0,"gold_gain":0.0,"event_name":"Living Wall","player_choice":"Grow","floor":5.0,"gold_loss":0.0,"damage_taken":0.0,"cards_upgraded":["Noxious Fumes"]},{"damage_healed":0.0,"max_hp_gain":0.0,"max_hp_loss":0.0,"gold_gain":0.0,"event_name":"Shining Light","player_choice":"Ignored","floor":11.0,"gold_loss":0.0,"damage_taken":0.0},{"damage_healed":0.0,"max_hp_gain":0.0,"max_hp_loss":0.0,"gold_gain":0.0,"event_name":"Mushrooms","player_choice":"Fought Mushrooms","floor":14.0,"gold_loss":0.0,"damage_taken":0.0},{"damage_healed":0,"gold_gain":50,"player_choice":"Stole From Cult","damage_taken":0,"max_hp_gain":0,"max_hp_loss":0,"event_name":"Nest","floor":19,"gold_loss":0},{"damage_healed":0,"gold_gain":0,"player_choice":"Stole Relic","damage_taken":0,"relics_obtained":["Letter Opener"],"max_hp_gain":0,"max_hp_loss":0,"event_name":"Addict","floor":22,"gold_loss":0,"cards_obtained":["Shame"]},{"damage_healed":0,"gold_gain":0,"player_choice":"Ignored","damage_taken":0,"max_hp_gain":0,"max_hp_loss":0,"event_name":"Beggar","floor":24,"gold_loss":0}],"is_beta":false,"boss_relics":[{"not_picked":["HoveringKite","Black Star"],"picked":"Runic Pyramid"}],"items_purged_floors":[4,21],"is_endless":false,"potions_floor_spawned":[1,10,12,16,18,20],"killed_by":"Book of Stabbing","ascension_level":19}