{"gold_per_floor":[116,135,54,67,78,78,113,113,164,190,190,209,209,223,223,300,300,311,236,236,246,246,246,246,275,275,275,289,41,41,51,51,51],"floor_reached":33,"playtime":5169,"items_purged":["Strike_B"],"score":534,"play_id":"bb95bace-290a-4da4-8caf-221afb278749","local_time":"20181121113819","is_ascension_mode":true,"campfire_choices":[{"data":"Defragment","floor":6.0,"key":"SMITH"},{"data":"Zap","floor":8.0,"key":"SMITH"},{"data":"Loop","floor":11.0,"key":"SMITH"},{"data":"Reinforced Body","floor":13.0,"key":"SMITH"},{"data":"Hologram","floor":15.0,"key":"SMITH"},{"floor":23.0,"key":"REST"},{"data":"Capacitor","floor":30,"key":"SMITH"},{"floor":32,"key":"REST"}],"neow_cost":"NONE","seed_source_timestamp":491663911100030,"circlet_count":0,"master_deck":["AscendersBane","Strike_B","Strike_B+1","Strike_B+1","Defend_B","Defend_B","Defend_B","Defend_B","Zap+1","Dualcast","Conserve Battery","Glacier","Reinforced Body+1","Hologram+1","Defragment+1","Echo Form","Loop+1","FTL","Biased Cognition","Go for the Eyes+1","Capacitor+1","Beam Cell","BootSequence","Ball Lightning"],"special_seed":0,"relics":["Cracked Core","Whetstone","Singing Bowl","Boot","Art of War","Sozu","Blood Vial","Pear"],"potions_floor_usage":[],"damage_taken":[{"damage":2.0,"enemies":"2 Louse","floor":1.0,"turns":3.0},{"damage":5.0,"enemies":"Jaw Worm","floor":2.0,"turns":4.0},{"damage":0.0,"enemies":"Cultist","floor":4.0,"turns":4.0},{"damage":14.0,"enemies":"Lots of Slimes","floor":5.0,"turns":4.0},{"damage":3.0,"enemies":"3 Sentries","floor":7.0,"turns":10.0},{"damage":10.0,"enemies":"Lagavulin","floor":10.0,"turns":7.0},{"damage":0.0,"enemies":"3 Louse","floor":12.0,"turns":4.0},{"damage":1.0,"enemies":"Looter","floor":14.0,"turns":4.0},{"damage":17.0,"enemies":"The Guardian","floor":16.0,"turns":14.0},{"damage":0.0,"enemies":"Chosen","floor":18.0,"turns":6.0},{"damage":11.0,"enemies":"Shell Parasite","floor":21.0,"turns":5.0},{"damage":30.0,"enemies":"Book of Stabbing","floor":25.0,"turns":8.0},{"damage":9,"enemies":"Snake Plant","floor":28,"turns":3},{"damage":19,"enemies":"Cultist and Chosen","floor":31,"turns":4},{"damage":68,"enemies":"Collector","floor":33,"turns":5}],"seed_played":"-1304966940605179951","potions_obtained":[{"floor":2.0,"key":"Poison Potion"},{"floor":5.0,"key":"Regen Potion"},{"floor":7.0,"key":"Swift Potion"},{"floor":10.0,"key":"EssenceOfSteel"}],"is_trial":false,"path_per_floor":["M","M","$","M","M","R","E","R","T","E","R","M","R","M","R","B",null,"M","$","?","M","?","R","?","E","T","$","M","$","R","M","R","B"],"character_chosen":"DEFECT","items_purchased":["Reinforced Body","Capacitor","Beam Cell","BootSequence","Ball Lightning"],"campfire_rested":2,"item_purchase_floors":[3,29,29,29,29],"current_hp_per_floor":[62,57,57,57,43,43,55,55,55,45,45,47,47,46,46,29,62,64,64,43,32,32,56,56,28,38,38,33,33,33,18,46,0],"gold":51,"neow_bonus":"RANDOM_COMMON_RELIC","is_prod":false,"is_daily":false,"chose_seed":false,"campfire_upgraded":6,"win_rate":0,"timestamp":1542829099,"path_taken":["M","M","$","M","M","R","E","R","T","E","R","M","R","M","R","BOSS","M","$","?","M","?","R","?","E","T","$","?","$","R","?","R","BOSS"],"build_version":"2018-11-15","purchased_purges":1,"victory":false,"max_hp_per_floor":[71,71,71,71,71,71,71,71,71,71,71,73,73,73,73,73,73,75,75,80,80,80,80,80,82,92,92,94,94,94,96,96,96],"card_choices":[{"not_picked":["Steam","Leap"],"picked":"Conserve Battery","floor":1.0},{"not_picked":["Force Field","Gash"],"picked":"Glacier","floor":2.0},{"not_picked":["Stack","Streamline"],"picked":"Hologram","floor":4.0},{"not_picked":["Go for the Eyes","Cold Snap"],"picked":"Defragment","floor":5.0},{"not_picked":["Redo","Sunder"],"picked":"Echo Form","floor":7.0},{"not_picked":["Compile Driver","Skim"],"picked":"Loop","floor":10.0},{"not_picked":["BootSequence","Turbo","Storm"],"picked":"Singing Bowl","floor":12.0},{"not_picked":["Chill","Force Field"],"picked":"FTL","floor":14.0},{"not_picked":["Fission","Hyperbeam"],"picked":"Biased Cognition","floor":16.0},{"not_picked":["Reinforced Body+1","Barrage","Force Field"],"picked":"Singing Bowl","floor":18.0},{"not_picked":["Gash","Rip and Tear"],"picked":"Go for the Eyes","floor":21.0},{"not_picked":["Genetic Algorithm+1","Force Field+1","Recycle"],"picked":"Singing Bowl","floor":25.0},{"not_picked":["Rebound","Gash","Scrape"],"picked":"Singing Bowl","floor":28},{"not_picked":["Beam Cell","Conserve Battery","Multi-Cast"],"picked":"Singing Bowl","floor":31}],"player_experience":1347896,"relics_obtained":[{"floor":7.0,"key":"Singing Bowl"},{"floor":9.0,"key":"Boot"},{"floor":10.0,"key":"Art of War"},{"floor":25.0,"key":"Blood Vial"},{"floor":26.0,"key":"Pear"}],"event_choices":[{"damage_healed":0.0,"max_hp_gain":5.0,"max_hp_loss":0.0,"gold_gain":0.0,"event_name":"Forgotten Altar","player_choice":"Shed Blood","floor":20.0,"gold_loss":0.0,"damage_taken":26.0},{"damage_healed":0.0,"max_hp_gain":0.0,"max_hp_loss":0.0,"gold_gain":0.0,"event_name":"Ghosts","player_choice":"Ignored","floor":22.0,"gold_loss":0.0,"damage_taken":0.0},{"damage_healed":0.0,"max_hp_gain":0.0,"max_hp_loss":0.0,"gold_gain":0.0,"event_name":"Accursed Blacksmith","player_choice":"Forge","floor":24.0,"gold_loss":0.0,"damage_taken":0.0,"cards_upgraded":["Go for the Eyes"]}],"is_beta":false,"boss_relics":[{"not_picked":["Eternal Feather","Orrery"],"picked":"Sozu"}],"items_purged_floors":[19],"is_endless":false,"potions_floor_spawned":[2,5,7,10,21],"killed_by":"Collector","ascension_level":17}