{"path_per_floor":["M","M","M","M","M","R","?","M","T","R","M","R","?","M","R","B",null,"M","M","?","M","?","R","M","R","T","$","R","$","M","?","R","B",null,"M","?","M","$","?","R","?","R","T","E","R","M","R","M","R","B"],"character_chosen":"DEFECT","items_purchased":["Frozen Egg 2","Defragment","Machine Learning+1","Go for the Eyes"],"gold_per_floor":[119,133,144,161,171,171,271,285,360,360,378,378,478,494,494,589,589,589,529,529,529,529,529,529,529,529,529,529,209,209,209,209,209,209,209,209,209,50,50,50,50,50,50,50,50,50,50,50,50,50],"floor_reached":51,"campfire_rested":0,"playtime":4386,"item_purchase_floors":[],"current_hp_per_floor":[31,28,28,22,22,22,22,19,19,19,31,31,31,43,43,25,75,70,65,49,43,48,48,48,48,48,48,48,48,42,42,42,50,75,75,75,75,75,66,66,66,66,66,75,75,75,75,75,75,75],"items_purged":[],"gold":50,"score":644,"play_id":"5d8f1550-10f7-4a26-91f1-64e40ac3a041","local_time":"20180606163636","is_prod":false,"is_daily":false,"chose_seed":false,"is_ascension_mode":false,"campfire_upgraded":13,"win_rate":0,"timestamp":1528328196,"campfire_choices":[{"data":"Zap","floor":6.0,"key":"SMITH"},{"data":"Sunder","floor":10.0,"key":"SMITH"},{"data":"Beam Cell","floor":12.0,"key":"SMITH"},{"data":"Cold Snap","floor":15.0,"key":"SMITH"},{"data":"Echo Form","floor":23.0,"key":"SMITH"},{"data":"Genetic Algorithm","floor":25.0,"key":"SMITH"},{"data":"Sweeping Beam","floor":28.0,"key":"SMITH"},{"data":"Steam","floor":32.0,"key":"SMITH"},{"data":"Go for the Eyes","floor":40.0,"key":"SMITH"},{"data":"Stack","floor":42.0,"key":"SMITH"},{"data":"Leap","floor":45.0,"key":"SMITH"},{"data":"Redo","floor":47.0,"key":"SMITH"},{"data":"Go for the Eyes","floor":49.0,"key":"SMITH"}],"path_taken":["M","M","M","M","M","R","?","M","T","R","?","R","?","M","R","BOSS","M","M","?","M","?","R","M","R","T","?","R","$","M","?","R","BOSS","M","?","M","$","?","R","?","R","T","E","R","?","R","M","R","BOSS"],"build_version":"2018-05-31","seed_source_timestamp":0,"purchased_purges":0,"victory":true,"master_deck":["Zap+1","Dualcast","Genetic Algorithm+1","BootSequence","Sunder+1","Beam Cell+1","Steam","Cold Snap+1","Sweeping Beam+1","Echo Form+1","Compile Driver+1","Capacitor+1","Fusion+1","Steam+1","Darkness+1","Defragment+1","Hello World+1","Electrodynamics+1","Heatsinks+1","Rebound","Sweeping Beam","Tempest","Steam","Self Repair+1","Redo+1","Leap+1","Stack+1","Hologram+1","Barrage+1","Machine Learning+1","Go for the Eyes+1","Madness","Madness","Machine Learning+1","Chill+1","Go for the Eyes+1"],"max_hp_per_floor":[75,75,75,75,75,75,75,75,75,75,75,75,75,75,75,75,75,75,75,75,75,75,75,75,75,75,75,75,75,75,75,75,75,75,75,75,75,75,75,75,75,75,75,75,75,75,75,75,75,75],"relics":["Cracked Core","Bird Faced Urn","Meat on the Bone","Ectoplasm","Nilry\u0027s Codex","Red Mask","Oddly Smooth Stone","Frozen Egg 2","Pandora\u0027s Box","Unceasing Top","Dodecahedron","Toolbox"],"card_choices":[{"not_picked":["Aggregate","Rebound"],"picked":"Genetic Algorithm","floor":1.0},{"not_picked":["Recycle","Reinforced Body"],"picked":"BootSequence","floor":2.0},{"not_picked":["Barrage","Conserve Battery"],"picked":"Sunder","floor":3.0},{"not_picked":["Compile Driver","Rip and Tear"],"picked":"Beam Cell","floor":4.0},{"not_picked":["Turbo","Steam Power"],"picked":"Steam","floor":5.0},{"not_picked":["Blizzard","Genetic Algorithm"],"picked":"Cold Snap","floor":8.0},{"not_picked":["Double Energy","Coolheaded"],"picked":"Sweeping Beam","floor":11.0},{"not_picked":["Steam Power","Gash","Turbo"],"picked":"SKIP","floor":14.0},{"not_picked":["Electrodynamics","Reboot"],"picked":"Echo Form","floor":16.0},{"not_picked":["Coolheaded","Stack+1"],"picked":"Compile Driver+1","floor":18.0},{"not_picked":["Steam","Barrage"],"picked":"Capacitor+1","floor":19.0},{"not_picked":["Coolheaded","Turbo"],"picked":"Fusion+1","floor":21.0},{"not_picked":["Hyperbeam","Compile Driver+1"],"picked":"Steam","floor":22.0},{"not_picked":["Fusion+1","Rebound"],"picked":"Darkness+1","floor":24.0},{"not_picked":["Turbo","BootSequence"],"picked":"Hello World+1","floor":30.0},{"not_picked":["Multi-Cast","Amplify"],"picked":"Electrodynamics+1","floor":33.0},{"not_picked":["Ball Lightning","FTL"],"picked":"Stack","floor":35.0},{"not_picked":["Darkness+1","Barrage+1"],"picked":"Hologram+1","floor":36.0},{"not_picked":["Coolheaded+1","Chaos+1"],"picked":"Barrage+1","floor":37.0},{"not_picked":["Sweeping Beam+1","Fusion+1"],"picked":"Machine Learning+1","floor":44.0},{"not_picked":["Rebound","Barrage"],"picked":"Chill+1","floor":46.0},{"not_picked":["Coolheaded+1","Rip and Tear"],"picked":"Go for the Eyes","floor":48.0}],"player_experience":808996,"potions_floor_usage":[],"damage_taken":[{"damage":7.0,"enemies":"2 Louse","floor":1.0,"turns":3.0},{"damage":3.0,"enemies":"Cultist","floor":2.0,"turns":5.0},{"damage":0.0,"enemies":"Jaw Worm","floor":3.0,"turns":3.0},{"damage":6.0,"enemies":"Lots of Slimes","floor":4.0,"turns":5.0},{"damage":0.0,"enemies":"3 Louse","floor":5.0,"turns":2.0},{"damage":3.0,"enemies":"Gremlin Gang","floor":8.0,"turns":4.0},{"damage":0.0,"enemies":"Red Slaver","floor":11.0,"turns":5.0},{"damage":0.0,"enemies":"Large Slime","floor":14.0,"turns":4.0},{"damage":30.0,"enemies":"The Guardian","floor":16.0,"turns":14.0},{"damage":5.0,"enemies":"3 Byrds","floor":18.0,"turns":4.0},{"damage":7.0,"enemies":"2 Thieves","floor":19.0,"turns":4.0},{"damage":22.0,"enemies":"Chosen and Byrds","floor":21.0,"turns":5.0},{"damage":15.0,"enemies":"Masked Bandits","floor":22.0,"turns":4.0},{"damage":12.0,"enemies":"Centurion and Healer","floor":24.0,"turns":6.0},{"damage":18.0,"enemies":"3 Cultists","floor":30.0,"turns":6.0},{"damage":6.0,"enemies":"Automaton","floor":33.0,"turns":9.0},{"damage":8.0,"enemies":"3 Shapes","floor":35.0,"turns":3.0},{"damage":13.0,"enemies":"Mysterious Sphere","floor":36.0,"turns":5.0},{"damage":0.0,"enemies":"Orb Walker","floor":37.0,"turns":4.0},{"damage":1.0,"enemies":"Nemesis","floor":44.0,"turns":9.0},{"damage":2.0,"enemies":"3 Darklings","floor":46.0,"turns":3.0},{"damage":0.0,"enemies":"Maw","floor":48.0,"turns":7.0},{"damage":5,"enemies":"Donu and Deca","floor":50,"turns":6}],"relics_obtained":[{"floor":9.0,"key":"Meat on the Bone"},{"floor":20.0,"key":"Nilry\u0027s Codex"},{"floor":22.0,"key":"Red Mask"},{"floor":26.0,"key":"Oddly Smooth Stone"},{"floor":36.0,"key":"Unceasing Top"},{"floor":43.0,"key":"Dodecahedron"},{"floor":44.0,"key":"Toolbox"}],"event_choices":[{"event_name":"Golden Shrine","player_choice":"Pray","floor":7.0,"damage_taken":0.0},{"event_name":"Golden Shrine","player_choice":"Pray","floor":13.0,"damage_taken":0.0},{"event_name":"Cursed Tome","player_choice":"Obtained Book","floor":20.0,"damage_taken":0.0},{"event_name":"Masked Bandits","player_choice":"Fought over 529 gold","floor":22.0,"damage_taken":0.0},{"event_name":"Ghosts","player_choice":"Ignored","floor":31.0,"damage_taken":0.0},{"event_name":"Mysterious Sphere","player_choice":"Fight","floor":36.0,"damage_taken":0.0},{"event_name":"Winding Halls","player_choice":"Embrace Madness","floor":39.0,"damage_taken":0.0},{"event_name":"Tomb of Lord Red Mask","player_choice":"Ignored","floor":41.0,"damage_taken":0.0}],"boss_relics":[],"items_purged_floors":[],"potions_floor_spawned":[1,2,8,14,16,18,19,24,33,36,46,48],"seed_played":"1704813530595172329","ascension_level":0,"potions_obtained":[{"floor":1.0,"key":"FairyPotion"},{"floor":2.0,"key":"EssenceOfSteel"},{"floor":8.0,"key":"EssenceOfSteel"},{"floor":14.0,"key":"GamblersBrew"},{"floor":16.0,"key":"SteroidPotion"},{"floor":18.0,"key":"SteroidPotion"},{"floor":33.0,"key":"EntropicBrew"}],"is_trial":false}