{"path_per_floor":["M","M","$","M","?","E","R","E","T","$","R","$","?","E","R","B",null,"M","M","?","?","?","R","E","M","T","?","M","M","R","M","R","B",null,"M","?","$","M","$","E"],"character_chosen":"IRONCLAD","items_purchased":["Metallicize","Trip","Flex","Apotheosis"],"gold_per_floor":[117,132,57,68,68,93,93,124,171,70,70,29,29,58,58,156,186,204,217,117,42,42,42,68,80,80,80,93,112,112,124,124,225,225,242,242,8,24,24,50,50],"floor_reached":41,"campfire_rested":2,"playtime":1423,"current_hp_per_floor":[74,80,80,80,80,72,72,42,42,42,42,42,62,55,55,46,85,65,60,60,60,60,60,42,48,48,32,23,14,40,31,57,8,87,49,87,87,79,79,41,0],"items_purged":["Defend_R","Strike_R"],"gold":50,"score":529,"play_id":"169b039c-1832-4dbb-8972-8a5d81d2310c","local_time":"20180402230837","is_prod":false,"is_daily":false,"is_ascension_mode":true,"campfire_upgraded":4,"timestamp":1522728517,"path_taken":["M","M","$","M","?","E","R","E","T","?","R","$","?","E","R","BOSS","M","M","?","?","?","R","E","M","T","?","M","M","R","M","R","BOSS","M","?","?","M","$","E","?"],"build_version":"2018-03-29v2","purchased_purges":3,"victory":false,"master_deck":["Strike_R","Strike_R","Strike_R","Strike_R+1","Bash","Perfected Strike+1","Perfected Strike+1","Whirlwind","Battle Trance","Warcry","Metallicize","Trip+1","Flex","Inflame","Berserk","Bloodletting","Clash","Perfected Strike+1","J.A.X.","Clumsy","Pommel Strike+1","Dual Wield","Flex","Perfected Strike","Reaper","Perfected Strike+1","Apotheosis","Warcry","Sword Boomerang+1"],"max_hp_per_floor":[80,80,80,80,80,80,80,80,80,80,80,80,80,80,80,80,85,85,85,85,85,82,82,82,82,82,87,87,87,87,87,87,87,87,87,87,87,87,87,87,87],"relics":["Burning Blood","The Courier","Bag of Marbles","Oddly Smooth Stone","Anchor","Tiny House","Vajra","Self Forming Clay","Eternal Feather","Lantern"],"card_choices":[{"not_picked":["Havoc","Blood for Blood"],"picked":"Perfected Strike","floor":1},{"not_picked":["Carnage","Rage"],"picked":"Perfected Strike","floor":2},{"not_picked":["Twin Strike","Pommel Strike"],"picked":"Whirlwind","floor":4},{"not_picked":["Feel No Pain","True Grit"],"picked":"Battle Trance","floor":6},{"not_picked":["Wild Strike","Armaments"],"picked":"Warcry","floor":8},{"not_picked":["Rupture","Clash"],"picked":"Inflame","floor":14},{"not_picked":["Impervious","Dark Embrace"],"picked":"Berserk","floor":16},{"not_picked":["Iron Wave","Anger"],"picked":"Bloodletting","floor":17},{"not_picked":["Heavy Blade","Sever Soul"],"picked":"Clash","floor":18},{"not_picked":["Pommel Strike","Infernal Blade"],"picked":"Perfected Strike","floor":19},{"not_picked":["Combust","Rampage"],"picked":"Bloodletting","floor":24},{"not_picked":["Rupture","Cleave"],"picked":"Pommel Strike","floor":25},{"not_picked":["Havoc","Infernal Blade"],"picked":"Dual Wield","floor":28},{"not_picked":["Body Slam","Immolate"],"picked":"Flex","floor":29},{"not_picked":["Cleave","Shrug It Off"],"picked":"Perfected Strike","floor":31},{"not_picked":["Feed","Berserk"],"picked":"Reaper","floor":33},{"not_picked":["Thunderclap","Shockwave"],"picked":"Perfected Strike","floor":35},{"not_picked":["Cleave","Clothesline"],"picked":"Warcry","floor":38},{"not_picked":["Searing Blow","Heavy Blade"],"picked":"Sword Boomerang","floor":40}],"player_experience":120693,"potions_floor_usage":[6,16,16,24,29,29,29,41,41],"damage_taken":[{"damage":12,"enemies":"Jaw Worm","floor":1,"turns":2},{"damage":0,"enemies":"Cultist","floor":2,"turns":2},{"damage":0,"enemies":"2 Louse","floor":4,"turns":2},{"damage":14,"enemies":"Gremlin Nob","floor":6,"turns":3},{"damage":36,"enemies":"Lagavulin","floor":8,"turns":4},{"damage":13,"enemies":"Gremlin Nob","floor":14,"turns":3},{"damage":30,"enemies":"Slime Boss","floor":16,"turns":7},{"damage":26,"enemies":"Shell Parasite","floor":18,"turns":4},{"damage":11,"enemies":"3 Byrds","floor":19,"turns":3},{"damage":24,"enemies":"Gremlin Leader","floor":24,"turns":3},{"damage":0,"enemies":"Snake Plant","floor":25,"turns":2},{"damage":15,"enemies":"Slaver and Parasite","floor":28,"turns":3},{"damage":24,"enemies":"Centurion and Healer","floor":29,"turns":4},{"damage":15,"enemies":"Cultist and Chosen","floor":31,"turns":4},{"damage":55,"enemies":"Collector","floor":33,"turns":7},{"damage":44,"enemies":"3 Darklings","floor":35,"turns":4},{"damage":14,"enemies":"3 Shapes","floor":38,"turns":2},{"damage":51,"enemies":"2 Orb Walkers","floor":40,"turns":5},{"damage":68,"enemies":"3 Darklings","floor":41,"turns":4}],"event_choices":[{"event_name":"Purifier","player_choice":"One Purge","floor":5,"damage_taken":0},{"event_name":"Mushrooms","player_choice":"Healed and dodged fight","floor":13,"damage_taken":0},{"event_name":"Drug Dealer","player_choice":"Got JAXXED","floor":20,"damage_taken":0},{"event_name":"Beggar","player_choice":"Gave Gold","floor":21,"damage_taken":0},{"event_name":"Transmorgrifier","player_choice":"Transform","floor":22,"damage_taken":0},{"event_name":"Forgotten Altar","player_choice":"Shed Blood","floor":27,"damage_taken":0},{"event_name":"Bonfire Elementals","player_choice":"UNCOMMON","floor":36,"damage_taken":0}],"boss_relics":[{"not_picked":["Astrolabe","Calling Bell"],"picked":"Tiny House"},{"not_picked":["Snecko Eye","Philosopher\u0027s Stone"],"picked":"Eternal Feather"}],"potions_floor_spawned":[2,4,6,18,19,28,33,38,40],"seed_played":"-2100915101343330584","killed_by":"3 Darklings","ascension_level":2,"is_trial":false}