{"gold_per_floor":[117,117,117,130,155,189,189,225,225,64,64,78,78,94,94,94],"floor_reached":16,"playtime":451,"items_purged":[],"score":121,"play_id":"b27ab36b-60e1-441b-a054-9fd651a2c0e4","local_time":"20190126230328","is_ascension_mode":true,"campfire_choices":[{"data":"Rupture","floor":7,"key":"SMITH"},{"floor":11,"key":"REST"},{"floor":13,"key":"REST"},{"data":"Rupture","floor":15,"key":"SMITH"}],"neow_cost":"NONE","seed_source_timestamp":1398456878321387,"circlet_count":0,"master_deck":["Strike_R","Strike_R+1","Strike_R+1","Strike_R","Strike_R","Defend_R","Defend_R","Defend_R","Defend_R","Bash","Clothesline","Regret","Fire Breathing","Battle Trance","Rupture+1","Pummel","Juggernaut","Rupture+1","Impervious"],"relics":["Burning Blood","NeowsBlessing","Golden Idol","FossilizedHelix","Dodecahedron","Whetstone"],"potions_floor_usage":[6,6,16,16],"damage_taken":[{"damage":0,"enemies":"Jaw Worm","floor":1,"turns":1},{"damage":0,"enemies":"Cultist","floor":4,"turns":1},{"damage":0,"enemies":"Small Slimes","floor":5,"turns":1},{"damage":42,"enemies":"Lagavulin","floor":6,"turns":6},{"damage":35,"enemies":"Gremlin Nob","floor":8,"turns":5},{"damage":28,"enemies":"Exordium Thugs","floor":12,"turns":4},{"damage":13,"enemies":"Blue Slaver","floor":14,"turns":5},{"damage":34,"enemies":"The Guardian","floor":16,"turns":10}],"seed_played":"1315390815990634055","potions_obtained":[{"floor":1,"key":"BloodPotion"},{"floor":5,"key":"GamblersBrew"},{"floor":8,"key":"Poison Potion"},{"floor":12,"key":"Explosive Potion"}],"is_trial":false,"path_per_floor":["M","?","?","M","M","E","R","E","T","$","R","M","R","M","R","B"],"character_chosen":"IRONCLAD","items_purchased":["Juggernaut"],"campfire_rested":2,"item_purchase_floors":[10],"current_hp_per_floor":[80,60,60,66,72,44,44,15,15,15,39,17,41,34,34,0],"gold":94,"neow_bonus":"THREE_ENEMY_KILL","is_prod":false,"is_daily":false,"chose_seed":false,"campfire_upgraded":2,"win_rate":0,"timestamp":1548511408,"path_taken":["M","?","?","M","M","E","R","E","T","$","R","M","R","M","R","BOSS"],"build_version":"2019-01-23","purchased_purges":0,"victory":false,"max_hp_per_floor":[80,80,80,80,80,80,80,80,80,80,80,80,80,80,80,80],"card_choices":[{"not_picked":["Thunderclap","Pommel Strike"],"picked":"Clothesline","floor":1},{"not_picked":["Bloodletting","Cleave"],"picked":"Fire Breathing","floor":4},{"not_picked":["Iron Wave","Sword Boomerang"],"picked":"Battle Trance","floor":5},{"not_picked":["Sever Soul","Warcry"],"picked":"Rupture","floor":6},{"not_picked":["Clash","Perfected Strike"],"picked":"Pummel","floor":8},{"not_picked":["Twin Strike","Reckless Charge"],"picked":"Rupture","floor":12},{"not_picked":["Shockwave","Heavy Blade"],"picked":"Impervious","floor":14}],"player_experience":697395,"relics_obtained":[{"floor":6,"key":"Dodecahedron"},{"floor":8,"key":"Whetstone"}],"event_choices":[{"damage_healed":0,"gold_gain":0,"player_choice":"Take Damage","damage_taken":20,"relics_obtained":["Golden Idol"],"max_hp_gain":0,"max_hp_loss":0,"event_name":"Golden Idol","floor":2,"gold_loss":0},{"damage_healed":0,"gold_gain":0,"player_choice":"Box","damage_taken":0,"relics_obtained":["FossilizedHelix"],"max_hp_gain":0,"max_hp_loss":0,"event_name":"Big Fish","floor":3,"gold_loss":0,"cards_obtained":["Regret"]}],"is_beta":false,"boss_relics":[],"items_purged_floors":[],"is_endless":false,"potions_floor_spawned":[1,5,8,12],"killed_by":"The Guardian","ascension_level":2}