{"gold_per_floor":[115,63,63,76,76,106,106,139,162,162,221,241,261,279,279,358,358,373,18,18,18,32,32,67,67,67,83,99,118,118,118,118,118],"floor_reached":33,"playtime":1034,"items_purged":["Regret"],"score":600,"play_id":"f6abcdd7-9f2d-4241-9575-d53068f992e5","local_time":"20181209151203","is_ascension_mode":true,"campfire_choices":[{"data":"Armaments","floor":7,"key":"SMITH"},{"floor":10,"key":"REST"},{"data":"Inflame","floor":15,"key":"SMITH"},{"floor":23,"key":"REST"},{"data":"Apotheosis","floor":25,"key":"SMITH"},{"floor":30,"key":"RECALL"},{"floor":32,"key":"REST"}],"neow_cost":"NONE","seed_source_timestamp":178754540326192,"circlet_count":0,"master_deck":["AscendersBane","Strike_R","Strike_R+1","Strike_R","Strike_R+1","Strike_R+1","Defend_R","Defend_R","Defend_R","Defend_R","Bash","Inflame","Cleave+1","Metallicize","Armaments+1","Clothesline","Immolate","Inflame+1","Pommel Strike","Sword Boomerang","Battle Trance","Bludgeon","Intimidate","Inflame","Writhe","Exhume","Finesse","Apotheosis+1","Warcry+1","Seek","Noxious Fumes"],"relics":["Burning Blood","NeowsBlessing","Dream Catcher","Smiling Mask","Whetstone","Regal Pillow","Letter Opener","Snecko Eye","PrismaticShard","Meat on the Bone","Paper Frog","Thread and Needle"],"potions_floor_usage":[11,11,14,16,22,24,27],"damage_taken":[{"damage":0,"enemies":"Jaw Worm","floor":1,"turns":1},{"damage":0,"enemies":"Small Slimes","floor":4,"turns":1},{"damage":0,"enemies":"Lagavulin","floor":6,"turns":1},{"damage":47,"enemies":"3 Sentries","floor":8,"turns":7},{"damage":32,"enemies":"Lagavulin Event","floor":11,"turns":5},{"damage":4,"enemies":"2 Louse","floor":12,"turns":2},{"damage":0,"enemies":"Lots of Slimes","floor":13,"turns":1},{"damage":0,"enemies":"2 Fungi Beasts","floor":14,"turns":2},{"damage":34,"enemies":"Hexaghost","floor":16,"turns":9},{"damage":46,"enemies":"Shell Parasite","floor":18,"turns":5},{"damage":16,"enemies":"Spheric Guardian","floor":22,"turns":4},{"damage":34,"enemies":"Gremlin Leader","floor":24,"turns":5},{"damage":20,"enemies":"Snake Plant","floor":27,"turns":2},{"damage":5,"enemies":"Centurion and Healer","floor":28,"turns":2},{"damage":25,"enemies":"Shelled Parasite and Fungi","floor":29,"turns":3},{"damage":83,"enemies":"Automaton","floor":33,"turns":6}],"seed_played":"-3923378316488938860","potions_obtained":[{"floor":1,"key":"Weak Potion"},{"floor":8,"key":"Poison Potion"},{"floor":13,"key":"Fire Potion"},{"floor":14,"key":"Block Potion"},{"floor":18,"key":"SpeedPotion"},{"floor":22,"key":"SteroidPotion"},{"floor":24,"key":"Strength Potion"}],"is_trial":false,"path_per_floor":["M","$","?","M","?","E","R","E","T","R","?","M","M","M","R","B",null,"M","$","?","?","M","R","E","R","T","M","M","M","R","?","R","B"],"character_chosen":"IRONCLAD","items_purchased":["Cleave","PrismaticShard","Inflame"],"campfire_rested":3,"item_purchase_floors":[2,19,19],"current_hp_per_floor":[74,74,74,75,52,58,58,17,17,54,28,30,36,42,42,14,60,20,20,20,20,22,59,43,43,43,41,54,47,47,26,65,0],"gold":118,"neow_bonus":"THREE_ENEMY_KILL","is_prod":false,"is_daily":false,"chose_seed":false,"campfire_upgraded":3,"win_rate":0,"timestamp":1544393523,"path_taken":["M","$","?","M","?","E","R","E","T","R","?","?","M","M","R","BOSS","M","$","?","?","M","R","E","R","T","M","?","M","R","?","R","BOSS"],"build_version":"2018-12-06","purchased_purges":1,"victory":false,"max_hp_per_floor":[75,75,75,75,75,75,75,75,75,75,75,75,75,75,75,75,75,75,75,75,75,75,75,75,75,75,75,75,75,75,80,80,80],"card_choices":[{"not_picked":["Burning Pact","Rampage"],"picked":"Inflame","floor":1},{"not_picked":["Heavy Blade","Wild Strike"],"picked":"Metallicize","floor":4},{"not_picked":["Cleave","Disarm"],"picked":"Armaments","floor":6},{"not_picked":["Thunderclap","Warcry"],"picked":"Clothesline","floor":8},{"not_picked":["Thunderclap","Body Slam"],"picked":"Immolate","floor":10},{"not_picked":["Sword Boomerang","Sever Soul"],"picked":"Inflame","floor":11},{"not_picked":["Sword Boomerang","Anger"],"picked":"Pommel Strike","floor":12},{"not_picked":["Thunderclap","Flex"],"picked":"Sword Boomerang","floor":13},{"not_picked":["Reckless Charge","Clash"],"picked":"Battle Trance","floor":14},{"not_picked":["Double Tap","Barricade"],"picked":"Bludgeon","floor":16},{"not_picked":["Havoc","True Grit"],"picked":"Intimidate","floor":18},{"not_picked":["Burning Pact","Reckless Charge"],"picked":"Finesse","floor":22},{"not_picked":["Cloak And Dagger","Cleave+1"],"picked":"Apotheosis","floor":24},{"not_picked":["Rebound+1","BootSequence"],"picked":"Warcry+1","floor":27},{"not_picked":["Warcry","Entrench","Cleave"],"picked":"SKIP","floor":28},{"not_picked":["Enlightenment","Hemokinesis"],"picked":"Seek","floor":29},{"not_picked":["Flex","Gash"],"picked":"Noxious Fumes","floor":32}],"player_experience":557458,"relics_obtained":[{"floor":6,"key":"Smiling Mask"},{"floor":8,"key":"Whetstone"},{"floor":9,"key":"Regal Pillow"},{"floor":11,"key":"Letter Opener"},{"floor":24,"key":"Paper Frog"},{"floor":26,"key":"Thread and Needle"}],"event_choices":[{"damage_healed":0,"gold_gain":0,"player_choice":"Box","damage_taken":0,"relics_obtained":["Dream Catcher"],"max_hp_gain":0,"max_hp_loss":0,"event_name":"Big Fish","floor":3,"gold_loss":0,"cards_obtained":["Regret"]},{"damage_healed":0,"gold_gain":0,"player_choice":"Entered Light","damage_taken":23,"max_hp_gain":0,"max_hp_loss":0,"event_name":"Shining Light","floor":5,"gold_loss":0,"cards_upgraded":["Strike_R","Strike_R"]},{"damage_healed":0,"gold_gain":0,"player_choice":"Searched \u00272\u0027 times","damage_taken":0,"max_hp_gain":0,"max_hp_loss":0,"event_name":"Dead Adventurer","floor":11,"gold_loss":0},{"damage_healed":0,"gold_gain":0,"player_choice":"Opened","damage_taken":0,"relics_obtained":["Meat on the Bone"],"max_hp_gain":0,"max_hp_loss":0,"event_name":"The Mausoleum","floor":20,"gold_loss":0,"cards_obtained":["Writhe"]},{"damage_healed":0,"gold_gain":0,"player_choice":"1 cards matched","damage_taken":0,"max_hp_gain":0,"max_hp_loss":0,"event_name":"Match and Keep!","floor":21,"gold_loss":0,"cards_obtained":["Exhume"]},{"damage_healed":0,"gold_gain":0,"player_choice":"Shed Blood","damage_taken":26,"max_hp_gain":5,"max_hp_loss":0,"event_name":"Forgotten Altar","floor":31,"gold_loss":0}],"is_beta":false,"boss_relics":[{"not_picked":["Pandora\u0027s Box","Black Blood"],"picked":"Snecko Eye"}],"items_purged_floors":[19],"is_endless":false,"potions_floor_spawned":[1,8,13,14,18,22,24],"killed_by":"Automaton","ascension_level":20}