{"gold_per_floor":[113,124,74,249,262,262,288,300,338,33,33,64,78,89,89,184,184,184,184,184,84,84,84,84,84,84,84,84,47,47,47,47,47,47,47,47,47,0,0,0,0,0,0,0,0,0,0,0,0,0],"floor_reached":50,"playtime":2657,"items_purged":["Doubt","Strike_R"],"score":588,"play_id":"a0f6dd29-f9cd-4ffc-a941-8e4628c951d8","local_time":"20190129003724","is_ascension_mode":true,"campfire_choices":[{"data":"True Grit","floor":6,"key":"SMITH"},{"data":"Inflame","floor":8,"key":"SMITH"},{"data":"Whirlwind","floor":15,"key":"SMITH"},{"data":"Limit Break","floor":24,"key":"SMITH"},{"data":"Anger","floor":27,"key":"SMITH"},{"floor":32,"key":"REST"},{"data":"Bloodletting","floor":40,"key":"SMITH"},{"floor":42,"key":"RECALL"},{"floor":49,"key":"REST"}],"neow_cost":"NONE","seed_source_timestamp":1574686940576868,"circlet_count":0,"master_deck":["Strike_R","Defend_R","Defend_R","Defend_R","Defend_R","Bash","Inflame+1","Metallicize","True Grit+1","Reaper","Inflame","Anger+1","Whirlwind+1","Limit Break+1","Shrug It Off","Rage","Offering","Flame Barrier","Bloodletting+1","Headbutt","Deep Breath","Deep Breath","Metamorphosis","Offering"],"relics":["Burning Blood","Potion Belt","MawBank","Red Skull","Kunai","Dream Catcher","Unceasing Top","Ectoplasm","Nilry\u0027s Codex","Omamori","Centennial Puzzle","Busted Crown","Red Mask","Torii","Ancient Tea Set"],"potions_floor_usage":[7,7,28,37,37,44],"damage_taken":[{"damage":0,"enemies":"Small Slimes","floor":1,"turns":3},{"damage":3,"enemies":"2 Louse","floor":2,"turns":4},{"damage":3,"enemies":"Cultist","floor":5,"turns":3},{"damage":48,"enemies":"Gremlin Nob","floor":7,"turns":6},{"damage":33,"enemies":"Lagavulin","floor":12,"turns":6},{"damage":0,"enemies":"Exordium Wildlife","floor":13,"turns":3},{"damage":17,"enemies":"3 Louse","floor":14,"turns":4},{"damage":35,"enemies":"Hexaghost","floor":16,"turns":10},{"damage":16,"enemies":"Shell Parasite","floor":18,"turns":5},{"damage":0,"enemies":"Chosen","floor":19,"turns":4},{"damage":33,"enemies":"Slavers","floor":23,"turns":3},{"damage":7,"enemies":"Gremlin Leader","floor":25,"turns":4},{"damage":13,"enemies":"Snecko","floor":28,"turns":4},{"damage":17,"enemies":"Snake Plant","floor":31,"turns":2},{"damage":79,"enemies":"Automaton","floor":33,"turns":8},{"damage":0,"enemies":"3 Shapes","floor":35,"turns":1},{"damage":15,"enemies":"Orb Walker","floor":36,"turns":3},{"damage":12,"enemies":"Jaw Worm Horde","floor":37,"turns":4},{"damage":6,"enemies":"Mind Bloom Boss Battle","floor":39,"turns":4},{"damage":28,"enemies":"Transient","floor":41,"turns":5},{"damage":9,"enemies":"Spire Growth","floor":44,"turns":2},{"damage":23,"enemies":"Writhing Mass","floor":48,"turns":7},{"damage":97,"enemies":"Donu and Deca","floor":50,"turns":7}],"seed_played":"-4200114527421280532","potions_obtained":[{"floor":1,"key":"Block Potion"},{"floor":5,"key":"Strength Potion"},{"floor":7,"key":"Poison Potion"},{"floor":14,"key":"Swift Potion"},{"floor":23,"key":"Energy Potion"},{"floor":25,"key":"SkillPotion"},{"floor":31,"key":"SteroidPotion"},{"floor":36,"key":"SkillPotion"},{"floor":39,"key":"FearPotion"}],"is_trial":false,"path_per_floor":["M","M","?","?","M","R","E","R","T","$","?","E","M","M","R","B",null,"M","M","?","$","?","E","R","E","T","R","M","$","?","M","R","B",null,"M","M","M","?","?","R","M","R","T","M","?","?","?","M","R","B"],"character_chosen":"IRONCLAD","items_purchased":["Kunai","Bloodletting"],"campfire_rested":2,"item_purchase_floors":[10,29],"current_hp_per_floor":[80,80,80,80,80,80,38,38,38,38,38,21,47,54,54,37,80,77,80,80,80,64,37,37,36,36,36,49,49,49,38,62,17,80,80,71,80,80,80,80,73,73,73,80,80,70,70,63,80,0],"gold":0,"neow_bonus":"RANDOM_COMMON_RELIC","is_prod":false,"is_daily":false,"chose_seed":false,"campfire_upgraded":6,"win_rate":0,"timestamp":1548689844,"path_taken":["M","M","?","?","M","R","E","R","T","$","?","E","M","M","R","BOSS","M","?","?","$","?","E","R","E","T","R","M","$","?","M","R","BOSS","M","M","M","?","?","R","M","R","T","M","?","?","?","M","R","BOSS"],"build_version":"2019-01-23","purchased_purges":2,"victory":false,"max_hp_per_floor":[80,80,80,80,80,80,80,80,80,80,80,80,80,80,80,80,80,80,80,80,80,80,80,80,80,80,80,80,80,80,80,80,80,80,80,80,80,80,80,80,80,80,80,80,80,80,80,80,80,80],"card_choices":[{"not_picked":["Carnage","Iron Wave"],"picked":"Inflame","floor":1},{"not_picked":["True Grit","Rupture"],"picked":"Metallicize","floor":2},{"not_picked":["Iron Wave","Clothesline"],"picked":"True Grit","floor":5},{"not_picked":["Body Slam","Feel No Pain"],"picked":"Reaper","floor":7},{"not_picked":["Headbutt","Flex"],"picked":"Inflame","floor":12},{"not_picked":["Clash","Power Through"],"picked":"Anger","floor":13},{"not_picked":["Searing Blow","Hemokinesis"],"picked":"Whirlwind","floor":14},{"not_picked":["Fiend Fire","Reaper"],"picked":"Limit Break","floor":16},{"not_picked":["Power Through","True Grit"],"picked":"Shrug It Off","floor":18},{"not_picked":["Wild Strike+1","Sever Soul"],"picked":"Rage","floor":19},{"not_picked":["Cleave+1","Uppercut","Havoc"],"picked":"SKIP","floor":23},{"not_picked":["Feed","Cleave"],"picked":"Offering","floor":25},{"not_picked":["Rampage","Spot Weakness"],"picked":"Flame Barrier","floor":28},{"not_picked":["Intimidate","Pommel Strike","Corruption"],"picked":"SKIP","floor":31},{"not_picked":["Reckless Charge","Cleave"],"picked":"Headbutt","floor":32},{"not_picked":["Twin Strike+1"],"picked":"SKIP","floor":35},{"not_picked":["Cleave+1"],"picked":"SKIP","floor":36},{"not_picked":["Havoc"],"picked":"SKIP","floor":37},{"not_picked":["Spot Weakness"],"picked":"SKIP","floor":41},{"not_picked":["Reckless Charge"],"picked":"SKIP","floor":44},{"not_picked":[],"picked":"Deep Breath","floor":46},{"not_picked":[],"picked":"Deep Breath","floor":46},{"not_picked":[],"picked":"Metamorphosis","floor":46},{"not_picked":["Clothesline+1"],"picked":"SKIP","floor":48}],"player_experience":725053,"relics_obtained":[{"floor":7,"key":"MawBank"},{"floor":9,"key":"Red Skull"},{"floor":12,"key":"Unceasing Top"},{"floor":22,"key":"Nilry\u0027s Codex"},{"floor":23,"key":"Omamori"},{"floor":25,"key":"Centennial Puzzle"},{"floor":39,"key":"Torii"},{"floor":43,"key":"Ancient Tea Set"}],"event_choices":[{"cards_removed":["Strike_R"],"damage_healed":0,"gold_gain":0,"player_choice":"Card Removal","damage_taken":0,"max_hp_gain":0,"max_hp_loss":0,"event_name":"The Cleric","floor":3,"gold_loss":50},{"damage_healed":0,"gold_gain":175,"player_choice":"AGREE","damage_taken":0,"max_hp_gain":0,"max_hp_loss":0,"event_name":"Liars Game","floor":4,"gold_loss":0,"cards_obtained":["Doubt"]},{"damage_healed":0,"gold_gain":0,"player_choice":"Gave Potion","damage_taken":0,"relics_obtained":["Dream Catcher"],"max_hp_gain":0,"max_hp_loss":0,"event_name":"WeMeetAgain","floor":11,"gold_loss":0},{"cards_removed":["Strike_R"],"damage_healed":0,"gold_gain":0,"player_choice":"Elegance","damage_taken":0,"max_hp_gain":0,"max_hp_loss":0,"event_name":"Back to Basics","floor":20,"gold_loss":0},{"damage_healed":0,"gold_gain":0,"player_choice":"Obtained Book","damage_taken":16,"max_hp_gain":0,"max_hp_loss":0,"event_name":"Cursed Tome","floor":22,"gold_loss":0},{"cards_removed":["Strike_R"],"damage_healed":0,"gold_gain":0,"player_choice":"Purged","damage_taken":0,"max_hp_gain":0,"max_hp_loss":0,"event_name":"Purifier","floor":30,"gold_loss":0},{"damage_healed":0,"gold_gain":0,"player_choice":"Paid","damage_taken":0,"relics_obtained":["Red Mask"],"max_hp_gain":0,"max_hp_loss":0,"event_name":"Tomb of Lord Red Mask","floor":38,"gold_loss":47},{"damage_healed":0,"gold_gain":0,"player_choice":"Fight","damage_taken":0,"max_hp_gain":0,"max_hp_loss":0,"event_name":"MindBloom","floor":39,"gold_loss":0},{"damage_healed":0,"gold_gain":0,"player_choice":"Ignored","damage_taken":0,"max_hp_gain":0,"max_hp_loss":0,"event_name":"Mysterious Sphere","floor":45,"gold_loss":0},{"damage_healed":0,"gold_gain":0,"player_choice":"Memory 3","damage_taken":10,"max_hp_gain":0,"max_hp_loss":0,"event_name":"SensoryStone","floor":46,"gold_loss":0},{"damage_healed":0,"gold_gain":0,"player_choice":"Copied","damage_taken":0,"max_hp_gain":0,"max_hp_loss":0,"event_name":"Duplicator","floor":47,"gold_loss":0,"cards_obtained":["Offering"]}],"is_beta":false,"boss_relics":[{"not_picked":["White Beast Statue","Runic Cube"],"picked":"Ectoplasm"},{"not_picked":["Calling Bell","Astrolabe"],"picked":"Busted Crown"}],"items_purged_floors":[10,21],"is_endless":false,"potions_floor_spawned":[1,5,7,14,23,25,31,36,39],"killed_by":"Donu and Deca","ascension_level":4}