{"path_per_floor":["M","?","M","?","?","E","R","M","T","$","M","E","M","M","R","B",null,"M","M","?","?","M","R","?","E","T","R","?","$","E","M","R","B",null,"M","?","M","M","$","R","M","R","T","$","M","?","?","?","R"],"character_chosen":"IRONCLAD","items_purchased":["Inflame","Searing Blow","Clash","Headbutt","Strength Potion","Shuriken","Pommel Strike","Metallicize","Heavy Blade"],"gold_per_floor":[111,111,131,131,206,235,235,254,280,90,106,140,158,170,170,269,269,283,300,300,300,320,320,320,347,347,347,379,154,182,198,198,303,303,320,320,339,353,82,82,97,97,97,11,30,30,30,30,30,30],"floor_reached":50,"campfire_rested":4,"playtime":2302,"item_purchase_floors":[10,10,29,29,29,39,39,44,44],"current_hp_per_floor":[80,80,80,85,74,80,80,85,85,85,85,68,64,64,64,49,85,61,48,48,48,36,61,61,52,52,77,56,56,45,44,69,46,85,68,68,54,57,57,82,85,85,85,85,82,71,61,61,61,0],"items_purged":["Defend_R","Searing Blow"],"gold":30,"score":642,"play_id":"0a80528e-7689-4b35-a873-68477d3b7661","local_time":"20180521162019","is_prod":false,"is_daily":false,"chose_seed":false,"is_ascension_mode":true,"campfire_upgraded":4,"timestamp":1526912419,"campfire_choices":[{"data":"Shockwave","floor":7,"key":"SMITH"},{"data":"Rage","floor":15,"key":"SMITH"},{"floor":23,"key":"REST"},{"floor":27,"key":"REST"},{"floor":32,"key":"REST"},{"floor":40,"key":"REST"},{"data":"Inflame","floor":42,"key":"SMITH"},{"data":"Mind Blast","floor":49,"key":"SMITH"}],"path_taken":["M","?","M","?","?","E","R","M","T","$","M","E","?","M","R","BOSS","M","M","?","?","?","R","?","E","T","R","?","$","E","M","R","BOSS","M","?","M","M","$","R","M","R","T","$","M","?","?","?","R","BOSS"],"build_version":"2018-05-18","seed_source_timestamp":27743763653142,"purchased_purges":2,"victory":false,"master_deck":["Defend_R+1","Defend_R+1","Defend_R+1","Clash","Metallicize","Cleave","Shockwave+1","Seeing Red","Inflame+1","Inflame","Seeing Red","Rage+1","Pummel","Bite","Bite","Bite","Bite","Bite","Iron Wave","Impervious","Clash","Headbutt","Flex+1","Uppercut+1","Thunderclap+1","Cleave","Dropkick+1","Pommel Strike","Twin Strike+1","Metallicize","Heavy Blade","Metallicize+1","Madness","Madness","Deep Breath","Mind Blast+1","Mind Blast+1"],"max_hp_per_floor":[80,80,80,85,85,85,85,85,85,85,85,85,85,85,85,85,85,85,85,85,85,85,85,85,85,85,85,85,85,85,85,85,85,85,85,85,85,85,85,85,85,85,85,85,85,85,85,85,85,85],"relics":["Burning Blood","NeowsBlessing","Whetstone","Boot","Lizard Tail","Juzu Bracelet","Gambling Chip","Red Mask","Toolbox","Sozu","Shuriken","Mercury Hourglass"],"card_choices":[{"not_picked":["Sword Boomerang","Rupture"],"picked":"Clash","floor":1},{"not_picked":["Body Slam","True Grit"],"picked":"Cleave","floor":3},{"not_picked":["Burning Pact","Anger"],"picked":"Shockwave","floor":6},{"not_picked":["Sever Soul","Twin Strike"],"picked":"Seeing Red","floor":8},{"not_picked":["Carnage","Fire Breathing","Entrench"],"picked":"SKIP","floor":11},{"not_picked":["Perfected Strike","Anger"],"picked":"Inflame","floor":12},{"not_picked":["Hemokinesis","Armaments"],"picked":"Seeing Red","floor":13},{"not_picked":["Second Wind","Twin Strike"],"picked":"Rage","floor":14},{"not_picked":["Fiend Fire","Demon Form"],"picked":"Berserk","floor":16},{"not_picked":["Headbutt","Fire Breathing"],"picked":"Pummel","floor":18},{"not_picked":["True Grit","Wild Strike","Blood for Blood"],"picked":"SKIP","floor":19},{"not_picked":["Bloodletting","Rampage","Clothesline"],"picked":"SKIP","floor":22},{"not_picked":["Cleave","Clothesline+1"],"picked":"Iron Wave","floor":25},{"not_picked":["Warcry","Combust"],"picked":"Impervious","floor":28},{"not_picked":["Immolate","Dropkick"],"picked":"Flex+1","floor":30},{"not_picked":["Warcry","Ghostly Armor"],"picked":"Uppercut+1","floor":31},{"not_picked":["Reckless Charge","Infernal Blade"],"picked":"Thunderclap+1","floor":35},{"not_picked":["Flame Barrier","Shrug It Off"],"picked":"Cleave","floor":37},{"not_picked":["Whirlwind","Perfected Strike"],"picked":"Dropkick+1","floor":38},{"not_picked":["Battle Trance","Shrug It Off"],"picked":"Twin Strike+1","floor":41},{"not_picked":["Clash","Reckless Charge"],"picked":"Metallicize+1","floor":45},{"not_picked":["Madness","Blind"],"picked":"Deep Breath","floor":47},{"not_picked":["Good Instincts","Bandage Up"],"picked":"Mind Blast","floor":47},{"not_picked":["Madness","Purity"],"picked":"Mind Blast","floor":47}],"player_experience":131183,"potions_floor_usage":[11,16,18,19,25,25,33,33],"damage_taken":[{"damage":0,"enemies":"Jaw Worm","floor":1,"turns":1},{"damage":0,"enemies":"2 Louse","floor":3,"turns":1},{"damage":0,"enemies":"3 Sentries","floor":6,"turns":1},{"damage":0,"enemies":"Small Slimes","floor":8,"turns":3},{"damage":0,"enemies":"3 Louse","floor":11,"turns":2},{"damage":23,"enemies":"Gremlin Nob","floor":12,"turns":4},{"damage":12,"enemies":"Large Slime","floor":13,"turns":4},{"damage":8,"enemies":"Looter","floor":14,"turns":3},{"damage":23,"enemies":"The Guardian","floor":16,"turns":11},{"damage":38,"enemies":"Spheric Guardian","floor":18,"turns":6},{"damage":29,"enemies":"3 Byrds","floor":19,"turns":6},{"damage":20,"enemies":"Snecko","floor":22,"turns":5},{"damage":105,"enemies":"Gremlin Leader","floor":25,"turns":12},{"damage":37,"enemies":"Masked Bandits","floor":28,"turns":5},{"damage":29,"enemies":"Book of Stabbing","floor":30,"turns":7},{"damage":15,"enemies":"Snake Plant","floor":31,"turns":4},{"damage":47,"enemies":"Champ","floor":33,"turns":10},{"damage":34,"enemies":"Flame Bruiser 1 Orb","floor":35,"turns":8},{"damage":24,"enemies":"Orb Walker","floor":37,"turns":5},{"damage":19,"enemies":"Maw","floor":38,"turns":7},{"damage":6,"enemies":"Flame Bruiser 2 Orb","floor":41,"turns":4},{"damage":9,"enemies":"Spire Growth","floor":45,"turns":4},{"damage":78,"enemies":"Donu and Deca","floor":50,"turns":4}],"relics_obtained":[{"floor":6,"key":"Blood Vial"},{"floor":9,"key":"Whetstone"},{"floor":12,"key":"Boot"},{"floor":25,"key":"Juzu Bracelet"},{"floor":26,"key":"Gambling Chip"},{"floor":28,"key":"Red Mask"},{"floor":30,"key":"Toolbox"},{"floor":43,"key":"Mercury Hourglass"}],"event_choices":[{"event_name":"Living Wall","player_choice":"Change","floor":2,"damage_taken":0},{"event_name":"Big Fish","player_choice":"Donut","floor":4,"damage_taken":0},{"event_name":"World of Goop","player_choice":"Gather Gold","floor":5,"damage_taken":0},{"event_name":"Ghosts","player_choice":"Ignored","floor":20,"damage_taken":0},{"event_name":"Back to Basics","player_choice":"Simplicity","floor":21,"damage_taken":0},{"event_name":"Vampires","player_choice":"Became a vampire (Vial)","floor":24,"damage_taken":0},{"event_name":"Masked Bandits","player_choice":"Fought over 347 gold","floor":28,"damage_taken":0},{"event_name":"Winding Halls","player_choice":"Embrace Madness","floor":46,"damage_taken":0},{"event_name":"SensoryStone","player_choice":"Memory 3","floor":47,"damage_taken":0},{"event_name":"Upgrade Shrine","player_choice":"Upgraded","floor":48,"damage_taken":0}],"boss_relics":[{"not_picked":["Calling Bell","Cursed Key"],"picked":"Lizard Tail"},{"not_picked":["White Beast Statue","Snecko Eye"],"picked":"Sozu"}],"items_purged_floors":[10,29],"potions_floor_spawned":[6,8,12,13,16,18,30,31,41],"seed_played":"4732216472367119322","killed_by":"Donu and Deca","ascension_level":3,"potions_obtained":[{"floor":6,"key":"Explosive Potion"},{"floor":8,"key":"FearPotion"},{"floor":12,"key":"Weak Potion"},{"floor":13,"key":"GamblersBrew"},{"floor":16,"key":"BloodPotion"},{"floor":18,"key":"BloodPotion"},{"floor":30,"key":"SpeedPotion"},{"floor":31,"key":"PowerPotion"}],"is_trial":false}