{"gold_per_floor":[112,126,141,213,22,22,33,61,85,110,121,152,152,163,163,260,260,278,294,32,32,32,61,61,61,61,71,171,28,28,28,28,124,124,134,134,134,148,200,200,234,234,257,267,267,26,36,0,0,0],"floor_reached":51,"playtime":2681,"items_purged":[],"score":982,"play_id":"0b17baa0-a67d-4ff8-bdd4-566f60f52dd5","local_time":"20190205202746","is_ascension_mode":true,"campfire_choices":[{"data":"Cleave","floor":6.0,"key":"SMITH"},{"floor":15.0,"key":"REST"},{"data":"Immolate","floor":25.0,"key":"SMITH"},{"data":"Seeing Red","floor":32.0,"key":"SMITH"},{"floor":40.0,"key":"REST"},{"floor":42,"key":"REST"},{"floor":49,"key":"REST"}],"neow_cost":"NONE","seed_source_timestamp":0,"circlet_count":0,"master_deck":["Strike_R","Strike_R","Strike_R","Strike_R","Strike_R","Defend_R","Defend_R","Defend_R","Defend_R","Bash","Cleave+1","Spot Weakness","Clothesline","Seeing Red+1","Immolate+1","Flex","Clash","Bloodletting","Cleave","Clothesline","Dual Wield+1","Thunderclap+1","Intimidate","Armaments+1","Feed","Shrug It Off","Finesse","Spot Weakness","Pummel+1","Metallicize+1","Rupture+1","Thunderclap+1","Pommel Strike+1","Deep Breath","Cleave+1","Flame Barrier+1"],"special_seed":0,"relics":["Burning Blood","Toolbox","Happy Flower","Vajra","Bronze Scales","Torii","WarpedTongs","White Beast Statue","Shuriken","Bag of Preparation","Kunai","Dream Catcher","Spirit Poop","WingedGreaves","Unceasing Top","Frozen Egg 2","PreservedInsect","Lizard Tail","Gambling Chip","Calipers","Juzu Bracelet","Strawberry","Red Mask"],"potions_floor_usage":[44,44,47,50],"damage_taken":[{"damage":1.0,"enemies":"Cultist","floor":1.0,"turns":3.0},{"damage":5.0,"enemies":"Small Slimes","floor":2.0,"turns":3.0},{"damage":11.0,"enemies":"Jaw Worm","floor":3.0,"turns":4.0},{"damage":4.0,"enemies":"Looter","floor":7.0,"turns":4.0},{"damage":20.0,"enemies":"3 Sentries","floor":8.0,"turns":5.0},{"damage":25.0,"enemies":"Lagavulin","floor":10.0,"turns":4.0},{"damage":1.0,"enemies":"Exordium Thugs","floor":11.0,"turns":3.0},{"damage":15.0,"enemies":"3 Sentries","floor":12.0,"turns":3.0},{"damage":16.0,"enemies":"Blue Slaver","floor":14.0,"turns":3.0},{"damage":28.0,"enemies":"Slime Boss","floor":16.0,"turns":8.0},{"damage":2.0,"enemies":"Chosen","floor":18.0,"turns":3.0},{"damage":24.0,"enemies":"Spheric Guardian","floor":19.0,"turns":4.0},{"damage":10.0,"enemies":"Slavers","floor":23.0,"turns":2.0},{"damage":3.0,"enemies":"Snecko","floor":27.0,"turns":3.0},{"damage":0.0,"enemies":"Colosseum Slavers","floor":28.0,"turns":1.0},{"damage":10.0,"enemies":"Colosseum Nobs","floor":28.0,"turns":2.0},{"damage":65.0,"enemies":"Champ","floor":33.0,"turns":7.0},{"damage":32.0,"enemies":"3 Darklings","floor":35.0,"turns":3.0},{"damage":0.0,"enemies":"Orb Walker","floor":38.0,"turns":2.0},{"damage":31.0,"enemies":"2 Orb Walkers","floor":39.0,"turns":3.0},{"damage":3,"enemies":"Reptomancer","floor":41,"turns":3},{"damage":4,"enemies":"3 Darklings","floor":44,"turns":3},{"damage":31,"enemies":"Maw","floor":47,"turns":6},{"damage":122,"enemies":"Donu and Deca","floor":50,"turns":9}],"seed_played":"-2241356488463381777","potions_obtained":[{"floor":2.0,"key":"SmokeBomb"},{"floor":3.0,"key":"BloodPotion"},{"floor":8.0,"key":"EntropicBrew"},{"floor":11.0,"key":"FearPotion"},{"floor":12.0,"key":"Poison Potion"},{"floor":14.0,"key":"Block Potion"},{"floor":18.0,"key":"LiquidBronze"},{"floor":19.0,"key":"BloodPotion"},{"floor":23.0,"key":"AttackPotion"},{"floor":27.0,"key":"Strength Potion"},{"floor":28.0,"key":"PowerPotion"},{"floor":33.0,"key":"Strength Potion"},{"floor":35.0,"key":"PowerPotion"},{"floor":38.0,"key":"Energy Potion"},{"floor":39.0,"key":"Swift Potion"},{"floor":41,"key":"SkillPotion"},{"floor":44,"key":"Block Potion"},{"floor":47,"key":"AttackPotion"}],"is_trial":false,"path_per_floor":["M","M","M","?","$","R","M","E","T","E","M","E","?","M","R","B",null,"M","M","$","?","T","E","?","R","T","M","?","$","?","?","R","B",null,"M","?","?","M","?","R","E","R","T","M","$","$","M","?","R","B",null],"character_chosen":"IRONCLAD","items_purchased":["Toolbox","Shuriken","PreservedInsect","Strawberry","Deep Breath"],"campfire_rested":4,"item_purchase_floors":[5,20,29,46,46],"current_hp_per_floor":[88,88,83,83,83,83,85,79,79,60,65,56,56,46,72,50,79,83,65,65,65,65,61,61,61,61,72,74,74,74,74,74,15,70,44,44,44,50,25,51,54,80,80,82,82,89,64,64,92,35],"gold":0,"neow_bonus":"TEN_PERCENT_HP_BONUS","is_prod":false,"is_daily":false,"chose_seed":false,"campfire_upgraded":3,"win_rate":0,"timestamp":1549369666,"path_taken":["M","M","?","?","$","R","M","E","T","E","M","E","?","M","R","BOSS","M","M","$","?","?","E","?","R","T","?","?","$","?","?","R","BOSS","M","?","?","M","?","R","E","R","T","M","?","$","M","?","R","BOSS"],"build_version":"2019-01-23","purchased_purges":0,"victory":true,"max_hp_per_floor":[88,88,88,88,88,88,88,88,88,88,88,88,88,88,88,88,88,88,88,88,88,88,88,88,88,88,88,88,88,88,88,88,88,88,88,88,88,88,88,88,88,88,88,88,88,95,95,95,95,95],"card_choices":[{"not_picked":["Warcry","Rupture"],"picked":"Cleave","floor":1.0},{"not_picked":["Blood for Blood","Body Slam"],"picked":"Spot Weakness","floor":2.0},{"not_picked":["Wild Strike","Twin Strike"],"picked":"Clothesline","floor":3.0},{"not_picked":["Thunderclap","Sword Boomerang"],"picked":"Seeing Red","floor":7.0},{"not_picked":["Iron Wave","Clash"],"picked":"Immolate","floor":8.0},{"not_picked":["Dark Embrace","Headbutt"],"picked":"Flex","floor":10.0},{"not_picked":["Shrug It Off","Power Through"],"picked":"Clash","floor":11.0},{"not_picked":["Shockwave","Whirlwind"],"picked":"Bloodletting","floor":12.0},{"not_picked":["Pommel Strike","Body Slam"],"picked":"Cleave","floor":14.0},{"not_picked":["Brutality","Demon Form"],"picked":"Exhume","floor":16.0},{"not_picked":["Sentinel","Body Slam"],"picked":"Clothesline","floor":18.0},{"not_picked":["Flame Barrier","Pommel Strike"],"picked":"Dual Wield+1","floor":19.0},{"not_picked":["Sword Boomerang+1","Carnage+1"],"picked":"Thunderclap+1","floor":23.0},{"not_picked":["Headbutt","Searing Blow"],"picked":"Intimidate","floor":27.0},{"not_picked":["Entrench+1","Power Through"],"picked":"Armaments+1","floor":28.0},{"not_picked":["Limit Break","Juggernaut+1"],"picked":"Feed","floor":33.0},{"not_picked":["Twin Strike","Carnage+1"],"picked":"Shrug It Off","floor":35.0},{"not_picked":["Discovery","Madness"],"picked":"Finesse","floor":36.0},{"not_picked":["Dual Wield","Battle Trance+1"],"picked":"Spot Weakness","floor":38.0},{"not_picked":["Entrench","Iron Wave"],"picked":"Pummel+1","floor":39.0},{"not_picked":["Clothesline","Pommel Strike"],"picked":"Metallicize+1","floor":40.0},{"not_picked":["Perfected Strike+1","Blood for Blood+1"],"picked":"Rupture+1","floor":41},{"not_picked":["Pommel Strike","Heavy Blade+1"],"picked":"Thunderclap+1","floor":42},{"not_picked":["Seeing Red","Armaments"],"picked":"Pommel Strike+1","floor":44},{"not_picked":["Pummel+1","Clash"],"picked":"Cleave+1","floor":47},{"not_picked":["Thunderclap+1","Iron Wave+1"],"picked":"Flame Barrier+1","floor":49}],"player_experience":76461,"relics_obtained":[{"floor":8.0,"key":"Happy Flower"},{"floor":9.0,"key":"Vajra"},{"floor":10.0,"key":"Bronze Scales"},{"floor":12.0,"key":"Torii"},{"floor":22.0,"key":"Kunai"},{"floor":23.0,"key":"Dream Catcher"},{"floor":26.0,"key":"WingedGreaves"},{"floor":28.0,"key":"Unceasing Top"},{"floor":28.0,"key":"Frozen Egg 2"},{"floor":39.0,"key":"Gambling Chip"},{"floor":41,"key":"Calipers"},{"floor":43,"key":"Juzu Bracelet"}],"event_choices":[{"damage_healed":0.0,"max_hp_gain":0.0,"max_hp_loss":0.0,"gold_gain":72.0,"event_name":"Golden Wing","player_choice":"Gained Gold","floor":4.0,"gold_loss":0.0,"damage_taken":0.0},{"damage_healed":0.0,"max_hp_gain":0.0,"max_hp_loss":0.0,"gold_gain":0.0,"event_name":"Accursed Blacksmith","player_choice":"Rummage","floor":13.0,"gold_loss":0.0,"damage_taken":0.0,"relics_obtained":["WarpedTongs"],"cards_obtained":["Pain"]},{"damage_healed":0.0,"max_hp_gain":0.0,"max_hp_loss":0.0,"gold_gain":0.0,"event_name":"The Mausoleum","player_choice":"Opened","floor":21.0,"gold_loss":0.0,"damage_taken":0.0,"relics_obtained":["Bag of Preparation"]},{"cards_removed":["Pain"],"damage_healed":0.0,"max_hp_gain":0.0,"max_hp_loss":0.0,"gold_gain":0.0,"event_name":"Bonfire Elementals","player_choice":"Offered Curse","floor":24.0,"gold_loss":0.0,"damage_taken":0.0,"relics_obtained":["Spirit Poop"]},{"damage_healed":0.0,"max_hp_gain":0.0,"max_hp_loss":0.0,"gold_gain":0.0,"event_name":"Colosseum","player_choice":"Fight","floor":28.0,"gold_loss":0.0,"damage_taken":0.0},{"damage_healed":0.0,"max_hp_gain":0.0,"max_hp_loss":0.0,"gold_gain":0.0,"event_name":"Colosseum","player_choice":"Fought Nobs","floor":28.0,"gold_loss":0.0,"damage_taken":0.0},{"damage_healed":0.0,"max_hp_gain":0.0,"max_hp_loss":0.0,"gold_gain":0.0,"event_name":"Ghosts","player_choice":"Ignored","floor":30.0,"gold_loss":0.0,"damage_taken":0.0},{"damage_healed":0.0,"max_hp_gain":0.0,"max_hp_loss":0.0,"gold_gain":0.0,"event_name":"Vampires","player_choice":"Ignored","floor":31.0,"gold_loss":0.0,"damage_taken":0.0},{"damage_healed":0.0,"max_hp_gain":0.0,"max_hp_loss":0.0,"gold_gain":0.0,"event_name":"SensoryStone","player_choice":"Memory 1","floor":36.0,"gold_loss":0.0,"damage_taken":0.0},{"cards_removed":["Exhume"],"damage_healed":0.0,"max_hp_gain":0.0,"max_hp_loss":0.0,"gold_gain":0.0,"event_name":"Falling","player_choice":"Removed Skill","floor":37.0,"gold_loss":0.0,"damage_taken":0.0},{"damage_healed":0.0,"max_hp_gain":0.0,"max_hp_loss":0.0,"gold_gain":0.0,"event_name":"Mysterious Sphere","player_choice":"Fight","floor":39.0,"gold_loss":0.0,"damage_taken":0.0},{"damage_healed":0,"gold_gain":0,"player_choice":"Paid","damage_taken":0,"relics_obtained":["Red Mask"],"max_hp_gain":0,"max_hp_loss":0,"event_name":"Tomb of Lord Red Mask","floor":48,"gold_loss":36}],"is_beta":false,"boss_relics":[{"not_picked":["Snecko Eye","Sozu"],"picked":"White Beast Statue"},{"not_picked":["Runic Pyramid","Fusion Hammer"],"picked":"Lizard Tail"}],"items_purged_floors":[],"is_endless":false,"potions_floor_spawned":[2,3,8,11,12,14,18,19,23,27,28,28,33,35,38,39,41,44,47],"ascension_level":5}