{"gold_per_floor":[119,136,146,166,180,208,208,208,208,208,227,252,262,227,227,325,325,337,352,364,454,454],"floor_reached":22,"playtime":1233,"items_purged":[],"score":240,"play_id":"ecea97da-bb47-4192-a6fd-75d6620eace5","local_time":"20181227013910","is_ascension_mode":true,"campfire_choices":[{"floor":8,"key":"REST"},{"floor":10,"key":"REST"},{"data":"Catalyst","floor":15,"key":"SMITH"}],"neow_cost":"NONE","seed_source_timestamp":711125903324235,"circlet_count":0,"master_deck":["Survivor","Neutralize+1","Backflip","Catalyst+1","Poisoned Stab","Terror","Flying Knee","Dodge and Roll","Prepared","Bouncing Flask","Masterful Stab","Glass Knife","Venomology","Blur","Corpse Explosion","Poisoned Stab","Dodge and Roll","Adrenaline","Unload","Endless Agony","Tools of the Trade","Flying Knee","Escape Plan+1","Sucker Punch+1"],"relics":["Ring of the Snake","NeowsBlessing","Ninja Scroll","The Specimen","Prayer Wheel","Pandora\u0027s Box"],"potions_floor_usage":[4,6,12,18,19,19,20,20,22],"damage_taken":[{"damage":0,"enemies":"Cultist","floor":1,"turns":1},{"damage":0,"enemies":"Small Slimes","floor":2,"turns":1},{"damage":0,"enemies":"Jaw Worm","floor":3,"turns":1},{"damage":22,"enemies":"Gremlin Gang","floor":4,"turns":6},{"damage":7,"enemies":"Blue Slaver","floor":5,"turns":5},{"damage":35,"enemies":"Lagavulin","floor":6,"turns":6},{"damage":0,"enemies":"Exordium Wildlife","floor":11,"turns":2},{"damage":20,"enemies":"3 Sentries","floor":12,"turns":11},{"damage":0,"enemies":"Exordium Thugs","floor":13,"turns":4},{"damage":28,"enemies":"The Guardian","floor":16,"turns":11},{"damage":0,"enemies":"Spheric Guardian","floor":18,"turns":3},{"damage":8,"enemies":"Chosen","floor":19,"turns":2},{"damage":26,"enemies":"Centurion and Healer","floor":20,"turns":5},{"damage":27,"enemies":"Snake Plant","floor":22,"turns":4}],"seed_played":"-391417884162005989","potions_obtained":[{"floor":2,"key":"SteroidPotion"},{"floor":5,"key":"Regen Potion"},{"floor":6,"key":"SpeedPotion"},{"floor":13,"key":"Strength Potion"},{"floor":16,"key":"EssenceOfSteel"}],"is_trial":false,"path_per_floor":["M","M","M","M","M","E","?","R","T","R","M","E","M","?","R","B",null,"M","M","M","?","M"],"character_chosen":"THE_SILENT","items_purchased":[],"campfire_rested":2,"item_purchase_floors":[],"current_hp_per_floor":[70,70,70,48,41,21,7,28,28,49,49,29,29,46,46,18,70,70,62,36,22,0],"gold":454,"neow_bonus":"THREE_ENEMY_KILL","is_prod":false,"is_daily":false,"chose_seed":false,"campfire_upgraded":1,"win_rate":0,"timestamp":1545892750,"path_taken":["M","M","?","M","M","E","?","R","T","R","M","E","M","?","R","BOSS","M","M","M","?","M"],"build_version":"2018-12-20","purchased_purges":0,"victory":false,"max_hp_per_floor":[70,70,70,70,70,70,70,70,70,70,70,70,70,70,70,70,70,70,70,70,70,70],"card_choices":[{"not_picked":["Dagger Spray","Riddle With Holes"],"picked":"Backflip","floor":1},{"not_picked":["Deflect","Terror"],"picked":"Catalyst","floor":2},{"not_picked":["Deflect","Outmaneuver"],"picked":"Poisoned Stab","floor":3},{"not_picked":["Choke","Blade Dance"],"picked":"Terror","floor":4},{"not_picked":["Eviscerate","Distraction"],"picked":"Flying Knee","floor":5},{"not_picked":["Dagger Throw","Quick Slash"],"picked":"Dodge and Roll","floor":6},{"not_picked":["Tactician","Riddle With Holes"],"picked":"Prepared","floor":11},{"not_picked":["Slice","Concentrate"],"picked":"Bouncing Flask","floor":12},{"not_picked":["Reflex","Cloak And Dagger"],"picked":"Masterful Stab","floor":13},{"not_picked":["Riddle With Holes","Setup","Choke"],"picked":"SKIP","floor":13},{"not_picked":["Doppelganger","Night Terror"],"picked":"Glass Knife","floor":16},{"not_picked":["Backflip","Infinite Blades"],"picked":"Escape Plan+1","floor":18},{"not_picked":["Infinite Blades","Slice","Dagger Spray"],"picked":"SKIP","floor":18},{"not_picked":["Bouncing Flask","Blade Dance"],"picked":"Sucker Punch+1","floor":19},{"not_picked":["Flying Knee","Blade Dance+1","Dagger Spray"],"picked":"SKIP","floor":19},{"not_picked":["Choke+1","Terror","Underhanded Strike+1"],"picked":"SKIP","floor":20},{"not_picked":["Infinite Blades","Skewer","Masterful Stab"],"picked":"SKIP","floor":20}],"player_experience":260347,"relics_obtained":[{"floor":6,"key":"Ninja Scroll"},{"floor":9,"key":"The Specimen"},{"floor":12,"key":"Prayer Wheel"}],"event_choices":[{"damage_healed":0,"gold_gain":0,"player_choice":"Entered Light","damage_taken":14,"max_hp_gain":0,"max_hp_loss":0,"event_name":"Shining Light","floor":7,"gold_loss":0,"cards_upgraded":["Defend_G","Neutralize"]},{"damage_healed":17,"gold_gain":0,"player_choice":"Healed","damage_taken":0,"max_hp_gain":0,"max_hp_loss":0,"event_name":"The Cleric","floor":14,"gold_loss":35},{"damage_healed":0,"gold_gain":90,"player_choice":"GOLD ","damage_taken":14,"max_hp_gain":0,"max_hp_loss":0,"event_name":"Knowing Skull","floor":21,"potions_obtained":[],"gold_loss":0,"cards_obtained":[]}],"is_beta":false,"boss_relics":[{"not_picked":["Ring of the Serpent","Coffee Dripper"],"picked":"Pandora\u0027s Box"}],"items_purged_floors":[],"is_endless":false,"potions_floor_spawned":[2,5,6,13,16],"killed_by":"Snake Plant","ascension_level":4}