{"gold_per_floor":[119,119,137,137,154,179,209,219,246,256,256,122,122,134,134,208,208,227,241,153,153,153,153,168,200,227,227],"floor_reached":27,"playtime":2140,"items_purged":["Strike_B"],"score":419,"play_id":"a759a8bc-0749-4974-9820-075d9964d5f6","local_time":"20181120140159","is_ascension_mode":true,"campfire_choices":[{"floor":11,"key":"REST"},{"data":"Chaos","floor":13,"key":"SMITH"},{"data":"Capacitor","floor":15,"key":"SMITH"},{"floor":23,"key":"REST"}],"neow_cost":"NONE","seed_source_timestamp":33711558323108,"circlet_count":0,"master_deck":["AscendersBane","Defend_B+1","Defend_B+1","Defend_B","Zap","Dualcast","Seek","Steam","Chaos+1","Compile Driver","Cold Snap","Coolheaded","Capacitor+1","Core Surge","Storm+1","Fission+1","Fission+1","Conserve Battery+1","Ball Lightning","Storm","Conserve Battery"],"relics":["Cracked Core","War Paint","Regal Pillow","DataDisk","Astrolabe","Dream Catcher","Smiling Mask"],"potions_floor_usage":[6,8,16,19,27],"damage_taken":[{"damage":7,"enemies":"Jaw Worm","floor":1,"turns":3},{"damage":0,"enemies":"Small Slimes","floor":3,"turns":3},{"damage":0,"enemies":"2 Louse","floor":5,"turns":3},{"damage":16,"enemies":"Lagavulin","floor":6,"turns":7},{"damage":0,"enemies":"2 Fungi Beasts","floor":8,"turns":4},{"damage":2,"enemies":"Blue Slaver","floor":10,"turns":3},{"damage":3,"enemies":"Lots of Slimes","floor":14,"turns":5},{"damage":25,"enemies":"Slime Boss","floor":16,"turns":12},{"damage":0,"enemies":"Spheric Guardian","floor":18,"turns":4},{"damage":13,"enemies":"2 Thieves","floor":19,"turns":3},{"damage":19,"enemies":"Colosseum Slavers","floor":21,"turns":3},{"damage":3,"enemies":"Sentry and Sphere","floor":24,"turns":6},{"damage":50,"enemies":"Slavers","floor":25,"turns":11},{"damage":8,"enemies":"Snake Plant","floor":27,"turns":1}],"seed_played":"-4554206858103618661","potions_obtained":[{"floor":5,"key":"FearPotion"},{"floor":6,"key":"SkillPotion"},{"floor":10,"key":"Poison Potion"},{"floor":16,"key":"Ancient Potion"},{"floor":18,"key":"Swift Potion"},{"floor":24,"key":"FearPotion"},{"floor":25,"key":"AttackPotion"}],"is_trial":false,"path_per_floor":["M","?","M","?","M","E","?","M","T","M","R","$","R","M","R","B",null,"M","M","$","?","?","R","M","E","T","M"],"character_chosen":"DEFECT","items_purchased":["Coolheaded","Storm"],"campfire_rested":2,"item_purchase_floors":[12,20],"current_hp_per_floor":[57,50,50,24,24,8,8,8,8,6,42,42,42,39,39,14,57,57,44,44,25,25,61,58,8,8,0],"gold":227,"neow_bonus":"ONE_RANDOM_RARE_CARD","is_prod":false,"is_daily":false,"chose_seed":false,"campfire_upgraded":2,"win_rate":0,"timestamp":1542682919,"path_taken":["M","?","M","?","M","E","?","M","T","M","R","$","R","M","R","BOSS","M","M","$","?","?","R","M","E","T","M"],"build_version":"2018-11-15","purchased_purges":1,"victory":false,"max_hp_per_floor":[71,71,71,71,71,71,71,71,71,71,71,71,71,71,71,71,71,71,71,71,71,71,71,71,71,71,71],"card_choices":[{"not_picked":["Chaos","Redo"],"picked":"Steam","floor":1},{"not_picked":["Stack","Beam Cell"],"picked":"Chaos","floor":3},{"not_picked":["Recycle","Beam Cell"],"picked":"Compile Driver","floor":5},{"not_picked":["Sweeping Beam","Rip and Tear","Storm"],"picked":"SKIP","floor":6},{"not_picked":["Tempest","Streamline"],"picked":"Cold Snap","floor":8},{"not_picked":["Compile Driver","Rebound","Hello World"],"picked":"SKIP","floor":10},{"not_picked":["Static Discharge","Recycle"],"picked":"Capacitor","floor":14},{"not_picked":["Amplify","Fission"],"picked":"Core Surge","floor":16},{"not_picked":["Beam Cell","Heatsinks+1"],"picked":"Conserve Battery+1","floor":18},{"not_picked":["Coolheaded","Rebound"],"picked":"Ball Lightning","floor":19},{"not_picked":["Leap","Go for the Eyes"],"picked":"Conserve Battery","floor":24},{"not_picked":["Streamline","Doom and Gloom","Fusion"],"picked":"SKIP","floor":25},{"not_picked":["Streamline","Doom and Gloom","Fusion"],"picked":"SKIP","floor":25}],"player_experience":896904,"relics_obtained":[{"floor":6,"key":"Regal Pillow"},{"floor":9,"key":"DataDisk"},{"floor":25,"key":"Dream Catcher"},{"floor":26,"key":"Smiling Mask"}],"event_choices":[{"cards_removed":["Strike_B"],"damage_healed":0,"gold_gain":0,"player_choice":"Card Removal","damage_taken":7,"max_hp_gain":0,"max_hp_loss":0,"event_name":"Golden Wing","floor":2,"gold_loss":0},{"damage_healed":0,"gold_gain":0,"player_choice":"Success","damage_taken":26,"relics_obtained":["War Paint"],"max_hp_gain":0,"max_hp_loss":0,"event_name":"Scrap Ooze","floor":4,"gold_loss":0},{"damage_healed":0,"gold_gain":30,"player_choice":"Searched \u00271\u0027 times","damage_taken":0,"max_hp_gain":0,"max_hp_loss":0,"event_name":"Dead Adventurer","floor":7,"gold_loss":0},{"damage_healed":0,"gold_gain":0,"player_choice":"Fight","damage_taken":0,"max_hp_gain":0,"max_hp_loss":0,"event_name":"Colosseum","floor":21,"gold_loss":0},{"damage_healed":0,"gold_gain":0,"player_choice":"Fled From Nobs","damage_taken":0,"max_hp_gain":0,"max_hp_loss":0,"event_name":"Colosseum","floor":21,"gold_loss":0},{"damage_healed":0,"gold_gain":0,"player_choice":"Ignored","damage_taken":0,"max_hp_gain":0,"max_hp_loss":0,"event_name":"Vampires","floor":22,"gold_loss":0}],"is_beta":true,"boss_relics":[{"not_picked":["Calling Bell","Coffee Dripper"],"picked":"Astrolabe"}],"items_purged_floors":[12],"is_endless":false,"potions_floor_spawned":[5,6,10,16,18,21,24,25],"killed_by":"Snake Plant","ascension_level":16}