{"gold_per_floor":[118,40,57,57,57,90,105,134,185,220,220,237,47,74,74,151,151,163,163,174,2,14,26,57,69,130,176,188,200,212,236,248,260],"floor_reached":33,"playtime":1343,"items_purged":[],"score":585,"play_id":"58c2c186-bd17-4630-a468-becf92724b21","local_time":"20181116140728","is_ascension_mode":true,"campfire_choices":[{"floor":11.0,"key":"REST"},{"floor":15.0,"key":"REST"},{"floor":23,"key":"REST"},{"floor":25,"key":"REST"},{"floor":29,"key":"REST"},{"floor":30,"key":"REST"},{"data":"Deadly Poison","floor":32,"key":"SMITH"}],"neow_cost":"NONE","seed_source_timestamp":72429379914178,"circlet_count":0,"master_deck":["AscendersBane","Defend_G+1","Defend_G+1","Defend_G+1","Defend_G+1","Defend_G+1","Strike_G+1","Strike_G+1","Strike_G+1","Strike_G+1","Strike_G+1","Survivor","Neutralize","Deadly Poison+1","Footwork","Backstab","Escape Plan","Backstab","Calculated Gamble","Dagger Spray","Apotheosis","Poisoned Stab","Glass Knife","Cloak And Dagger","Cloak And Dagger","Bouncing Flask","Dagger Throw","Caltrops"],"special_seed":0,"relics":["Ring of the Serpent","NeowsBlessing","Paper Crane","Oddly Smooth Stone","Shuriken","Ancient Tea Set","Happy Flower","Question Card","WingedGreaves","MawBank","MutagenicStrength","Blood Vial","Gremlin Horn"],"potions_floor_usage":[27,31],"damage_taken":[{"damage":0.0,"enemies":"2 Louse","floor":1.0,"turns":1.0},{"damage":0.0,"enemies":"Cultist","floor":3.0,"turns":1.0},{"damage":0.0,"enemies":"3 Sentries","floor":6.0,"turns":2.0},{"damage":1.0,"enemies":"Jaw Worm","floor":7.0,"turns":4.0},{"damage":14.0,"enemies":"Lagavulin","floor":8.0,"turns":7.0},{"damage":14.0,"enemies":"Gremlin Nob","floor":10.0,"turns":4.0},{"damage":17.0,"enemies":"Exordium Thugs","floor":12.0,"turns":4.0},{"damage":14.0,"enemies":"3 Sentries","floor":14.0,"turns":6.0},{"damage":9.0,"enemies":"Hexaghost","floor":16.0,"turns":8.0},{"damage":5,"enemies":"Chosen","floor":18,"turns":4},{"damage":26,"enemies":"3 Byrds","floor":20,"turns":5},{"damage":32,"enemies":"Snake Plant","floor":24,"turns":5},{"damage":28,"enemies":"Slavers","floor":27,"turns":7},{"damage":3,"enemies":"Cultist and Chosen","floor":31,"turns":4},{"damage":59,"enemies":"Automaton","floor":33,"turns":6}],"seed_played":"-136878813926774510","potions_obtained":[{"floor":7.0,"key":"Block Potion"},{"floor":8.0,"key":"EssenceOfSteel"},{"floor":10.0,"key":"GamblersBrew"},{"floor":14.0,"key":"Weak Potion"},{"floor":18,"key":"Ancient Potion"},{"floor":27,"key":"Fruit Juice"}],"is_trial":false,"path_per_floor":["M","$","M","?","?","E","M","E","T","E","R","M","$","E","R","B",null,"M","?","M","$","?","R","M","R","T","E","?","R","R","M","R","B"],"character_chosen":"THE_SILENT","items_purchased":["Footwork","Apotheosis","MawBank"],"campfire_rested":6,"item_purchase_floors":[2,13,21],"current_hp_per_floor":[59,59,59,54,54,54,53,39,39,25,44,27,27,13,32,23,55,50,50,24,24,24,43,11,30,30,9,9,30,51,50,50,0],"gold":260,"neow_bonus":"THREE_ENEMY_KILL","is_prod":false,"is_daily":false,"chose_seed":false,"campfire_upgraded":1,"win_rate":0,"timestamp":1542406048,"path_taken":["M","$","M","?","?","E","M","E","T","E","R","?","$","E","R","BOSS","M","?","M","$","?","R","?","R","T","E","?","R","R","M","R","BOSS"],"build_version":"2018-11-15","purchased_purges":0,"victory":false,"max_hp_per_floor":[66,66,66,66,66,66,66,66,66,66,66,66,66,66,66,66,66,66,66,66,66,66,66,66,66,66,71,71,71,71,71,71,71],"card_choices":[{"not_picked":["Quick Slash","Deflect"],"picked":"Deadly Poison","floor":1.0},{"not_picked":["Flying Knee","Leg Sweep"],"picked":"Backstab","floor":3.0},{"not_picked":["Terror","Flying Knee"],"picked":"Escape Plan","floor":6.0},{"not_picked":["Expertise","Prepared"],"picked":"Backstab","floor":7.0},{"not_picked":["Reflex","Acrobatics","Grand Finale"],"picked":"SKIP","floor":8.0},{"not_picked":["Underhanded Strike","Prepared"],"picked":"Calculated Gamble","floor":10.0},{"not_picked":["Skewer","Calculated Gamble","Terror"],"picked":"Dagger Spray","floor":12.0},{"not_picked":["Blade Dance","Dagger Throw","Deflect"],"picked":"Poisoned Stab","floor":14.0},{"not_picked":["Burst","Grand Finale","Wraith Form v2"],"picked":"Glass Knife","floor":16.0},{"not_picked":["Quick Slash","Concentrate","Slice"],"picked":"Cloak And Dagger","floor":18},{"not_picked":["Accuracy","Quick Slash","Slice"],"picked":"Cloak And Dagger","floor":20},{"not_picked":["Prepared","Reflex","Crippling Poison"],"picked":"Bouncing Flask","floor":24},{"not_picked":["Reflex","Escape Plan","Quick Slash"],"picked":"Dagger Throw","floor":27},{"not_picked":["Cloak And Dagger","Poisoned Stab","Flying Knee"],"picked":"Caltrops","floor":31}],"player_experience":1322689,"relics_obtained":[{"floor":5.0,"key":"Oddly Smooth Stone"},{"floor":6.0,"key":"Shuriken"},{"floor":8.0,"key":"Ancient Tea Set"},{"floor":9.0,"key":"Happy Flower"},{"floor":10.0,"key":"Question Card"},{"floor":14.0,"key":"WingedGreaves"},{"floor":26,"key":"Blood Vial"},{"floor":27,"key":"Gremlin Horn"}],"event_choices":[{"damage_healed":0.0,"max_hp_gain":0.0,"max_hp_loss":0.0,"gold_gain":0.0,"event_name":"Scrap Ooze","player_choice":"Success","floor":4.0,"gold_loss":0.0,"damage_taken":5.0,"relics_obtained":["Paper Crane"]},{"damage_healed":0.0,"max_hp_gain":0.0,"max_hp_loss":0.0,"gold_gain":0.0,"event_name":"Wheel of Change","player_choice":"Relic","floor":5.0,"gold_loss":0.0,"damage_taken":0.0},{"damage_healed":0,"gold_gain":0,"player_choice":"Simplicity","damage_taken":0,"max_hp_gain":0,"max_hp_loss":0,"event_name":"Back to Basics","floor":19,"gold_loss":0,"cards_upgraded":["Defend_G","Defend_G","Defend_G","Defend_G","Defend_G","Strike_G","Strike_G","Strike_G","Strike_G","Strike_G"]},{"damage_healed":0,"gold_gain":0,"player_choice":"Inject Mutagens","damage_taken":0,"relics_obtained":["MutagenicStrength"],"max_hp_gain":0,"max_hp_loss":0,"event_name":"Drug Dealer","floor":22,"gold_loss":0},{"damage_healed":0,"gold_gain":0,"player_choice":"Ignored","damage_taken":0,"max_hp_gain":0,"max_hp_loss":0,"event_name":"Vampires","floor":28,"gold_loss":0}],"is_beta":false,"boss_relics":[{"not_picked":["White Beast Statue","Runic Dome"],"picked":"Ring of the Serpent"}],"items_purged_floors":[],"is_endless":false,"potions_floor_spawned":[7,8,10,14,18,20,27],"killed_by":"Automaton","ascension_level":17}