{"gold_per_floor":[119,139,112,122,135,135,146,64,89,100,100,100,25,36,36,131,131,149,161,171,171,171,171,198,198,198,198,89,99,99,133,133,236,236,250,269,287,114,114,114,147,22,22,37,37,66,66,81,81,81],"floor_reached":50,"playtime":3938,"items_purged":["Regret","Strike_B+1","Writhe"],"score":668,"play_id":"30c4d6ed-771d-4eb1-a0f5-5935d63d9fe4","local_time":"20180827075811","is_ascension_mode":true,"campfire_choices":[{"data":"Streamline","floor":6.0,"key":"SMITH"},{"floor":11.0,"key":"REST"},{"data":"Defragment","floor":15.0,"key":"SMITH"},{"data":"Defragment","floor":23.0,"key":"SMITH"},{"data":"Dualcast","floor":25.0,"key":"SMITH"},{"data":"Lockon","floor":27.0,"key":"SMITH"},{"data":"Self Repair","floor":30.0,"key":"SMITH"},{"floor":32.0,"key":"REST"},{"data":"Sunder","floor":40,"key":"SMITH"},{"data":"Chill","floor":45,"key":"SMITH"},{"floor":49,"key":"REST"}],"neow_cost":"NONE","seed_source_timestamp":0,"circlet_count":0,"master_deck":["Strike_B+1","Strike_B+1","Strike_B+1","Defend_B+1","Defend_B+1","Defend_B+1","Defend_B+1","Zap+1","Dualcast+1","Streamline+1","Cold Snap+1","Leap","Rip and Tear","Lockon+1","Ball Lightning","Defragment+1","Cold Snap","Go for the Eyes+1","Defragment+1","Electrodynamics","Streamline+1","Auto Shields+1","Self Repair+1","Sunder+1","FTL+1","Beam Cell+1","Chill+1","Conserve Battery+1","Stack"],"special_seed":0,"relics":["Cracked Core","War Paint","Centennial Puzzle","Anchor","Busted Crown","Orichalcum","Ancient Tea Set","Boot","Runic Pyramid","Whetstone","Smiling Mask","The Courier"],"potions_floor_usage":[41,41,50,50],"damage_taken":[{"damage":8.0,"enemies":"Small Slimes","floor":1.0,"turns":3.0},{"damage":7.0,"enemies":"Jaw Worm","floor":2.0,"turns":3.0},{"damage":0.0,"enemies":"2 Louse","floor":4.0,"turns":2.0},{"damage":15.0,"enemies":"Lots of Slimes","floor":5.0,"turns":4.0},{"damage":12.0,"enemies":"Exordium Wildlife","floor":7.0,"turns":2.0},{"damage":13.0,"enemies":"Blue Slaver","floor":10.0,"turns":2.0},{"damage":0.0,"enemies":"2 Fungi Beasts","floor":14.0,"turns":3.0},{"damage":13.0,"enemies":"Hexaghost","floor":16.0,"turns":7.0},{"damage":15.0,"enemies":"3 Byrds","floor":18.0,"turns":3.0},{"damage":2.0,"enemies":"Chosen","floor":19.0,"turns":4.0},{"damage":11.0,"enemies":"Snake Plant","floor":20.0,"turns":4.0},{"damage":0.0,"enemies":"Gremlin Leader","floor":24.0,"turns":5.0},{"damage":3.0,"enemies":"Shelled Parasite and Fungi","floor":29.0,"turns":3.0},{"damage":13.0,"enemies":"Book of Stabbing","floor":31.0,"turns":4.0},{"damage":26.0,"enemies":"Collector","floor":33.0,"turns":9.0},{"damage":24,"enemies":"3 Darklings","floor":35,"turns":4},{"damage":16,"enemies":"Flame Bruiser 1 Orb","floor":36,"turns":5},{"damage":16,"enemies":"Transient","floor":37,"turns":5},{"damage":10,"enemies":"2 Orb Walkers","floor":41,"turns":4},{"damage":3,"enemies":"Spire Growth","floor":44,"turns":5},{"damage":64,"enemies":"Giant Head","floor":46,"turns":10},{"damage":8,"enemies":"3 Darklings","floor":48,"turns":5},{"damage":54,"enemies":"Awakened One","floor":50,"turns":6}],"seed_played":"-5190751180282262243","potions_obtained":[{"floor":1.0,"key":"LiquidBronze"},{"floor":5.0,"key":"FocusPotion"},{"floor":10.0,"key":"SmokeBomb"},{"floor":14.0,"key":"Strength Potion"},{"floor":16.0,"key":"Swift Potion"},{"floor":31.0,"key":"PowerPotion"},{"floor":33.0,"key":"Swift Potion"},{"floor":44,"key":"Swift Potion"}],"is_trial":false,"path_per_floor":["M","M","$","M","M","R","M","$","T","M","R","?","$","M","R","B",null,"M","M","M","?","?","R","E","R","T","R","$","M","R","E","R","B",null,"M","M","M","$","?","R","E","$","T","M","R","E","$","M","R"],"character_chosen":"DEFECT","items_purchased":["Leap","Defragment","Cold Snap","Self Repair","Sunder","Regen Potion"],"campfire_rested":3,"item_purchase_floors":[3,8,8,28,28,38],"current_hp_per_floor":[67,60,60,60,45,45,33,33,33,20,42,42,42,42,42,29,75,60,58,47,47,47,47,47,47,47,47,47,44,44,41,63,47,75,51,45,39,39,58,58,70,70,70,75,75,21,21,23,45,0],"gold":81,"neow_bonus":"RANDOM_COMMON_RELIC","is_prod":false,"is_daily":false,"chose_seed":false,"campfire_upgraded":8,"win_rate":0,"timestamp":1535381891,"path_taken":["M","M","$","M","M","R","M","$","T","M","R","?","$","M","R","BOSS","M","M","M","?","?","R","E","R","T","R","$","?","R","E","R","BOSS","M","M","M","$","?","R","E","$","T","M","R","E","$","M","R","BOSS"],"build_version":"2018-08-23v2","purchased_purges":3,"victory":false,"max_hp_per_floor":[75,75,75,75,75,75,75,75,75,75,75,75,75,75,75,75,75,75,75,75,75,75,75,75,75,75,75,75,75,75,75,75,75,75,75,75,75,75,75,75,75,75,75,75,75,75,75,75,75,75],"card_choices":[{"not_picked":["Tempest","Sweeping Beam"],"picked":"Streamline","floor":1.0},{"not_picked":["Steam","Compile Driver"],"picked":"Cold Snap","floor":2.0},{"not_picked":["Redo","Heatsinks"],"picked":"Rip and Tear","floor":4.0},{"not_picked":["Stack","Turbo"],"picked":"Lockon","floor":5.0},{"not_picked":["Sweeping Beam","Steam Power"],"picked":"Ball Lightning","floor":7.0},{"not_picked":["Heatsinks","Leap"],"picked":"Go for the Eyes","floor":10.0},{"not_picked":["Gash","Reprogram"],"picked":"Defragment","floor":14.0},{"not_picked":["Meteor Strike","Seek"],"picked":"Electrodynamics","floor":16.0},{"not_picked":["Static Discharge"],"picked":"SKIP","floor":18.0},{"not_picked":[],"picked":"Streamline+1","floor":19.0},{"not_picked":["Sweeping Beam"],"picked":"SKIP","floor":20.0},{"not_picked":[],"picked":"Auto Shields+1","floor":24.0},{"not_picked":["Auto Shields"],"picked":"SKIP","floor":29.0},{"not_picked":[],"picked":"FTL+1","floor":31.0},{"not_picked":["Barrage"],"picked":"SKIP","floor":35},{"not_picked":[],"picked":"Beam Cell+1","floor":36},{"not_picked":[],"picked":"Chill","floor":37},{"not_picked":["Barrage+1"],"picked":"SKIP","floor":41},{"not_picked":[],"picked":"Conserve Battery+1","floor":44},{"not_picked":["Sunder"],"picked":"SKIP","floor":46},{"not_picked":[],"picked":"Stack","floor":48}],"player_experience":980421,"relics_obtained":[{"floor":9.0,"key":"Centennial Puzzle"},{"floor":24.0,"key":"Orichalcum"},{"floor":26.0,"key":"Ancient Tea Set"},{"floor":31.0,"key":"Boot"},{"floor":41,"key":"Whetstone"},{"floor":43,"key":"Smiling Mask"},{"floor":46,"key":"The Courier"}],"event_choices":[{"event_name":"Big Fish","player_choice":"Box","floor":12.0,"damage_taken":0.0},{"event_name":"Back to Basics","player_choice":"Simplicity","floor":21.0,"damage_taken":0.0},{"event_name":"Vampires","player_choice":"Ignored","floor":22.0,"damage_taken":0.0},{"event_name":"Winding Halls","player_choice":"Writhe","floor":39,"damage_taken":0}],"is_beta":false,"boss_relics":[{"not_picked":["Tiny House","Astrolabe"],"picked":"Busted Crown"},{"not_picked":["Empty Cage","Velvet Choker"],"picked":"Runic Pyramid"}],"items_purged_floors":[13,38,42],"is_endless":false,"potions_floor_spawned":[1,5,10,14,16,19,31,33,44],"killed_by":"Awakened One","ascension_level":4}