{"gold_per_floor":[114,94,15,15,27,89,89,124,147,170,203,203,237,251,251,346,346,346,346,346,346,346,346,346,346,346,261,261,261,261,261,261,261,261,261,261,8,8,0,0,0,0,0,0,0,0,0,0,0,0],"floor_reached":50,"playtime":1916,"items_purged":["Injury"],"score":983,"play_id":"ce8f651b-6f5b-4354-9e07-ad9a30da9c2c","local_time":"20180805171522","is_ascension_mode":true,"campfire_choices":[{"data":"FTL","floor":7,"key":"SMITH"},{"data":"Ball Lightning","floor":12,"key":"SMITH"},{"data":"Beam Cell","floor":15,"key":"SMITH"},{"floor":32,"key":"REST"},{"data":"1","floor":40,"key":"LIFT"},{"floor":45,"key":"REST"},{"floor":49,"key":"REST"}],"neow_cost":"NONE","seed_source_timestamp":29091106346167,"circlet_count":0,"master_deck":["Strike_B","Strike_B","Strike_B","Strike_B","Defend_B+1","Defend_B","Defend_B+1","Defend_B","Zap+1","Dualcast+1","Defragment","FTL+1","Ball Lightning+1","Steam","Cold Snap","Beam Cell+1","Reboot","All For One+1","Gash","Melter+1","Scrape","Gash","Scrape","Steam+1","FTL+1","Reinforced Body","Steam Power"],"relics":["Cracked Core","Tiny Chest","Vajra","Lantern","DataDisk","War Paint","Pen Nib","Ectoplasm","Pantograph","Oddly Smooth Stone","Strawberry","Anchor","Smiling Mask","Du-Vu Doll","Whetstone","Girya","Calling Bell","MawBank","Question Card","Calipers","HandDrill","Red Mask","Happy Flower","Darkstone Periapt","Orichalcum"],"potions_floor_usage":[6,8,13,16,20,23,29,33,33,42,47,47,47,47,48,48,48,48,48,50],"damage_taken":[{"damage":0,"enemies":"Small Slimes","floor":1,"turns":2},{"damage":0,"enemies":"Cultist","floor":5,"turns":3},{"damage":0,"enemies":"3 Sentries","floor":6,"turns":6},{"damage":0,"enemies":"Gremlin Nob","floor":8,"turns":3},{"damage":0,"enemies":"3 Sentries","floor":11,"turns":4},{"damage":2,"enemies":"Gremlin Nob","floor":13,"turns":3},{"damage":0,"enemies":"Jaw Worm","floor":14,"turns":2},{"damage":0,"enemies":"Slime Boss","floor":16,"turns":3},{"damage":0,"enemies":"Spheric Guardian","floor":18,"turns":2},{"damage":0,"enemies":"Shell Parasite","floor":20,"turns":3},{"damage":0,"enemies":"Sentry and Sphere","floor":21,"turns":3},{"damage":28,"enemies":"Slaver and Parasite","floor":22,"turns":2},{"damage":11,"enemies":"Slavers","floor":23,"turns":5},{"damage":10,"enemies":"Book of Stabbing","floor":25,"turns":2},{"damage":0,"enemies":"Slavers","floor":28,"turns":4},{"damage":0,"enemies":"Snake Plant","floor":29,"turns":2},{"damage":13,"enemies":"Book of Stabbing","floor":30,"turns":4},{"damage":53,"enemies":"Automaton","floor":33,"turns":8},{"damage":5,"enemies":"3 Shapes","floor":35,"turns":6},{"damage":1,"enemies":"3 Darklings","floor":36,"turns":4},{"damage":19,"enemies":"Nemesis","floor":41,"turns":5},{"damage":3,"enemies":"4 Shapes","floor":42,"turns":3},{"damage":1,"enemies":"Sphere and 2 Shapes","floor":47,"turns":5},{"damage":19,"enemies":"Maw","floor":48,"turns":5},{"damage":98,"enemies":"Awakened One","floor":50,"turns":10}],"seed_played":"-3711650019308282340","potions_obtained":[{"floor":1,"key":"SkillPotion"},{"floor":2,"key":"SneckoOil"},{"floor":6,"key":"Block Potion"},{"floor":13,"key":"AttackPotion"},{"floor":16,"key":"SkillPotion"},{"floor":18,"key":"SteroidPotion"},{"floor":20,"key":"Block Potion"},{"floor":23,"key":"Fire Potion"},{"floor":29,"key":"Strength Potion"},{"floor":36,"key":"Fire Potion"},{"floor":44,"key":"SpeedPotion"},{"floor":44,"key":"Energy Potion"},{"floor":44,"key":"EntropicBrew"},{"floor":47,"key":"EntropicBrew"}],"is_trial":false,"path_per_floor":["M","?","$","?","M","E","R","E","T","T","E","R","E","M","R","B",null,"M","T","M","M","M","E","?","E","T","?","E","M","E","?","R","B",null,"M","M","$","?","?","R","E","M","T","?","R","T","M","M","R"],"character_chosen":"DEFECT","items_purchased":["FTL","HandDrill"],"campfire_rested":3,"item_purchase_floors":[3,37],"current_hp_per_floor":[75,75,75,75,75,75,75,75,75,75,75,75,73,73,73,73,75,75,75,75,75,47,36,43,33,33,33,33,33,20,20,44,16,66,61,60,60,60,60,60,41,38,38,38,62,62,61,42,66,0],"gold":0,"neow_bonus":"UPGRADE_CARD","is_prod":false,"is_daily":false,"chose_seed":false,"campfire_upgraded":3,"win_rate":0,"timestamp":1533482122,"path_taken":["M","?","$","?","?","E","R","E","T","?","E","R","E","M","R","BOSS","M","?","?","M","?","E","?","E","T","?","E","?","E","?","R","BOSS","M","M","$","?","?","R","E","M","T","?","R","?","M","M","R","BOSS"],"build_version":"2018-08-01","purchased_purges":1,"victory":false,"max_hp_per_floor":[75,75,75,75,75,75,75,75,75,75,75,75,75,75,75,75,75,75,75,75,75,75,75,82,82,82,82,82,82,82,82,82,82,82,82,82,82,82,82,82,82,82,82,82,82,82,82,82,82,82],"card_choices":[{"not_picked":["Skim","Stack"],"picked":"Defragment","floor":1},{"not_picked":["Hologram","Hyperbeam"],"picked":"Ball Lightning","floor":5},{"not_picked":["Conserve Battery","Force Field"],"picked":"Steam","floor":6},{"not_picked":["Compile Driver","Loop"],"picked":"Cold Snap","floor":8},{"not_picked":["Cold Snap","Rebound"],"picked":"Beam Cell","floor":11},{"not_picked":["Doom and Gloom","Glacier"],"picked":"Reboot","floor":13},{"not_picked":["Leap","Compile Driver","Turbo"],"picked":"SKIP","floor":14},{"not_picked":["Core Surge","Echo Form"],"picked":"All For One","floor":16},{"not_picked":["Conserve Battery+1","Turbo"],"picked":"Gash","floor":18},{"not_picked":["Turbo+1","Heatsinks","Redo"],"picked":"SKIP","floor":20},{"not_picked":["Ball Lightning","Loop","Hello World"],"picked":"SKIP","floor":21},{"not_picked":["Self Repair","Barrage"],"picked":"Melter","floor":22},{"not_picked":["Coolheaded","Hyperbeam"],"picked":"Scrape","floor":23},{"not_picked":["Auto Shields","Sweeping Beam","Skim"],"picked":"SKIP","floor":25},{"not_picked":["Ball Lightning","Conserve Battery","Streamline"],"picked":"SKIP","floor":28},{"not_picked":["Darkness","Defragment"],"picked":"Gash","floor":29},{"not_picked":["Meteor Strike","Stack","Fusion+1"],"picked":"SKIP","floor":30},{"not_picked":["Hologram","Turbo","Barrage"],"picked":"Steam+1","floor":35},{"not_picked":["Thunder Strike","Rip and Tear","Chill+1"],"picked":"FTL+1","floor":36},{"not_picked":["Compile Driver+1","Redo","Ball Lightning","Conserve Battery+1"],"picked":"SKIP","floor":41},{"not_picked":["Leap+1","Storm+1","Coolheaded+1","Barrage+1"],"picked":"SKIP","floor":42},{"not_picked":["Self Repair","Barrage+1","Storm+1"],"picked":"Reinforced Body","floor":47},{"not_picked":["Turbo","Coolheaded","Sweeping Beam+1"],"picked":"Steam Power","floor":48}],"player_experience":375915,"relics_obtained":[{"floor":6,"key":"Tiny Chest"},{"floor":8,"key":"Vajra"},{"floor":9,"key":"Lantern"},{"floor":10,"key":"DataDisk"},{"floor":11,"key":"War Paint"},{"floor":13,"key":"Pen Nib"},{"floor":19,"key":"Pantograph"},{"floor":23,"key":"Oddly Smooth Stone"},{"floor":25,"key":"Anchor"},{"floor":26,"key":"Smiling Mask"},{"floor":28,"key":"Whetstone"},{"floor":30,"key":"Girya"},{"floor":34,"key":"MawBank"},{"floor":34,"key":"Question Card"},{"floor":34,"key":"Calipers"},{"floor":41,"key":"Happy Flower"},{"floor":43,"key":"Darkstone Periapt"},{"floor":46,"key":"Orichalcum"}],"event_choices":[{"event_name":"The Woman in Blue","player_choice":"Bought 1 Potion","floor":2,"damage_taken":0},{"event_name":"Living Wall","player_choice":"Grow","floor":4,"damage_taken":0},{"event_name":"The Mausoleum","player_choice":"Yes","floor":24,"damage_taken":0},{"event_name":"Addict","player_choice":"Obtained Relic","floor":27,"damage_taken":0},{"event_name":"Duplicator","player_choice":"One dupe","floor":31,"damage_taken":0},{"event_name":"Fountain of Cleansing","player_choice":"Removed Curse","floor":38,"damage_taken":0},{"event_name":"Tomb of Lord Red Mask","player_choice":"Paid","floor":39,"damage_taken":0},{"event_name":"The Lab","player_choice":"Got Potions","floor":44,"damage_taken":0}],"is_beta":true,"boss_relics":[{"not_picked":["Runic Dome","Runic Pyramid"],"picked":"Ectoplasm"},{"not_picked":["Philosopher\u0027s Stone","White Beast Statue"],"picked":"Calling Bell"}],"items_purged_floors":[37],"is_endless":false,"potions_floor_spawned":[1,6,13,16,18,20,23,29,36,47],"killed_by":"Awakened One","ascension_level":5}