{"gold_per_floor":[110,35,35,35,50,50,50,64,64,89,14,44,44,59,59,59],"floor_reached":16,"playtime":593,"items_purged":["Strike_B"],"score":216,"play_id":"86c24b61-977d-497a-86c4-00d1dc2ab32b","local_time":"20190107092734","is_ascension_mode":true,"campfire_choices":[{"data":"Zap","floor":6,"key":"SMITH"},{"floor":13,"key":"REST"},{"data":"Jack Of All Trades","floor":15,"key":"SMITH"}],"neow_cost":"CURSE","seed_source_timestamp":3221912713832,"circlet_count":0,"master_deck":["AscendersBane","Strike_B","Strike_B","Defend_B","Defend_B","Defend_B","Defend_B","Zap+1","Dualcast","Jack Of All Trades+1","Swift Strike","Go for the Eyes","Hologram","Cold Snap","Electrodynamics","Hologram+1","Redo+1"],"relics":["Cracked Core","Mercury Hourglass","Lantern","Toxic Egg 2"],"potions_floor_usage":[10,12,16],"damage_taken":[{"damage":11,"enemies":"Small Slimes","floor":1,"turns":3},{"damage":7,"enemies":"2 Louse","floor":5,"turns":3},{"damage":9,"enemies":"Jaw Worm","floor":8,"turns":2},{"damage":10,"enemies":"Gremlin Nob","floor":10,"turns":3},{"damage":18,"enemies":"3 Sentries","floor":12,"turns":3},{"damage":0,"enemies":"2 Fungi Beasts","floor":14,"turns":2},{"damage":26,"enemies":"The Guardian","floor":16,"turns":8}],"seed_played":"8529897637692913070","potions_obtained":[{"floor":1,"key":"Ancient Potion"},{"floor":5,"key":"SteroidPotion"},{"floor":10,"key":"Energy Potion"},{"floor":14,"key":"Dexterity Potion"}],"is_trial":false,"path_per_floor":["M","?","$","?","M","R","?","M","T","E","$","E","R","M","R","B"],"character_chosen":"DEFECT","items_purchased":[],"campfire_rested":1,"item_purchase_floors":[],"current_hp_per_floor":[53,53,53,46,39,39,39,30,30,20,20,2,23,23,23,0],"gold":59,"neow_bonus":"RANDOM_COLORLESS_2","is_prod":false,"is_daily":false,"chose_seed":false,"campfire_upgraded":2,"win_rate":0,"timestamp":1546813654,"path_taken":["M","?","$","?","?","R","?","M","T","E","$","E","R","M","R","BOSS"],"build_version":"2018-11-15","purchased_purges":1,"victory":false,"max_hp_per_floor":[71,71,71,71,71,71,71,71,71,71,71,71,71,71,71,71],"card_choices":[{"not_picked":["Steam","Reprogram"],"picked":"Go for the Eyes","floor":1},{"not_picked":["Gash","Leap"],"picked":"Hologram","floor":5},{"not_picked":["Stack","Darkness"],"picked":"Cold Snap","floor":8},{"not_picked":["White Noise","Stack"],"picked":"Electrodynamics","floor":10},{"not_picked":["Cold Snap","Gash"],"picked":"Hologram","floor":12},{"not_picked":["Sweeping Beam","Turbo+1"],"picked":"Redo+1","floor":14}],"player_experience":1009805,"relics_obtained":[{"floor":9,"key":"Mercury Hourglass"},{"floor":10,"key":"Lantern"},{"floor":12,"key":"Toxic Egg 2"}],"event_choices":[{"cards_removed":["Pain"],"damage_healed":0,"gold_gain":0,"player_choice":"Card Removal","damage_taken":0,"max_hp_gain":0,"max_hp_loss":0,"event_name":"The Cleric","floor":2,"gold_loss":75},{"cards_removed":["Strike_B"],"damage_healed":0,"gold_gain":0,"player_choice":"Card Removal","damage_taken":7,"max_hp_gain":0,"max_hp_loss":0,"event_name":"Golden Wing","floor":4,"gold_loss":0},{"damage_healed":0,"gold_gain":0,"player_choice":"Ignored","damage_taken":0,"max_hp_gain":0,"max_hp_loss":0,"event_name":"Golden Idol","floor":7,"gold_loss":0}],"is_beta":true,"boss_relics":[],"items_purged_floors":[11],"is_endless":false,"potions_floor_spawned":[1,5,10,14],"killed_by":"The Guardian","ascension_level":20}