{"gold_per_floor":[116,41,116,116,129,159,159,192,192,192,225,245,54,71,71,145,145,159,159,159,177,177,177],"floor_reached":23,"playtime":776,"items_purged":["Strike_B"],"score":418,"play_id":"07591f19-f86e-476f-b67a-73a5890913dc","local_time":"20190206201436","is_ascension_mode":true,"campfire_choices":[{"data":"Zap","floor":10.0,"key":"SMITH"},{"data":"Capacitor","floor":15.0,"key":"SMITH"}],"neow_cost":"NONE","seed_source_timestamp":201135730030412,"circlet_count":0,"master_deck":["AscendersBane","Strike_B","Defend_B","Defend_B","Defend_B","Defend_B","Zap+1","Dualcast","Rip and Tear","Cold Snap","Steam","Conserve Battery","Cold Snap","Tempest","Capacitor+1","FTL","Electrodynamics","Creative AI","Capacitor","Chaos","Echo Form"],"special_seed":0,"relics":["Cracked Core","NeowsBlessing","Gambling Chip","Blood Vial","Ancient Tea Set","Nuclear Battery"],"potions_floor_usage":[23],"damage_taken":[{"damage":0.0,"enemies":"Small Slimes","floor":1.0,"turns":1.0},{"damage":0.0,"enemies":"Jaw Worm","floor":5.0,"turns":1.0},{"damage":0.0,"enemies":"Lagavulin","floor":6.0,"turns":1.0},{"damage":7.0,"enemies":"Gremlin Nob","floor":8.0,"turns":4.0},{"damage":11.0,"enemies":"Lagavulin","floor":11.0,"turns":6.0},{"damage":0.0,"enemies":"2 Louse","floor":12.0,"turns":2.0},{"damage":0.0,"enemies":"Lots of Slimes","floor":14.0,"turns":4.0},{"damage":38.0,"enemies":"Hexaghost","floor":16.0,"turns":12.0},{"damage":16.0,"enemies":"Spheric Guardian","floor":18.0,"turns":4.0},{"damage":12.0,"enemies":"Chosen","floor":21.0,"turns":5.0},{"damage":12.0,"enemies":"Colosseum Slavers","floor":22.0,"turns":2.0},{"damage":0,"enemies":"Gremlin Leader","floor":23,"turns":3}],"seed_played":"2989023232627978352","potions_obtained":[{"floor":1.0,"key":"GamblersBrew"},{"floor":5.0,"key":"Energy Potion"},{"floor":6.0,"key":"Block Potion"},{"floor":12.0,"key":"SkillPotion"},{"floor":18.0,"key":"Weak Potion"},{"floor":21.0,"key":"Swift Potion"}],"is_trial":false,"path_per_floor":["M","?","?","?","M","E","$","E","T","R","E","M","$","M","R","B",null,"M","?","?","M","?","E"],"character_chosen":"DEFECT","items_purchased":["Capacitor","FTL"],"campfire_rested":0,"item_purchase_floors":[13,13],"current_hp_per_floor":[64,64,53,71,71,71,71,64,64,64,55,57,57,59,59,23,59,45,45,45,35,25,27],"gold":177,"neow_bonus":"THREE_ENEMY_KILL","is_prod":false,"is_daily":false,"chose_seed":false,"campfire_upgraded":2,"win_rate":0,"timestamp":1549509276,"path_taken":["M","?","?","?","M","E","?","E","T","R","E","M","$","M","R","BOSS","M","?","?","?","?","E"],"build_version":"2019-01-23","purchased_purges":1,"victory":false,"max_hp_per_floor":[71,71,71,71,71,71,71,71,71,71,71,71,71,71,71,71,71,71,71,71,71,71,71],"card_choices":[{"not_picked":["Darkness","Redo"],"picked":"Rip and Tear","floor":1.0},{"not_picked":["Storm","Go for the Eyes"],"picked":"Cold Snap","floor":5.0},{"not_picked":["Doom and Gloom","Beam Cell"],"picked":"Steam","floor":6.0},{"not_picked":["Stack","Go for the Eyes"],"picked":"Conserve Battery","floor":8.0},{"not_picked":["Beam Cell","Static Discharge"],"picked":"Cold Snap","floor":11.0},{"not_picked":["Conserve Battery","Consume"],"picked":"Tempest","floor":12.0},{"not_picked":["Steam Power","Hologram"],"picked":"Electrodynamics","floor":14.0},{"not_picked":["Biased Cognition","Reboot"],"picked":"Creative AI","floor":16.0},{"not_picked":["Go for the Eyes","Gash","Rebound"],"picked":"SKIP","floor":18.0},{"not_picked":["Conserve Battery","Consume"],"picked":"Echo Form","floor":21.0}],"player_experience":771097,"relics_obtained":[{"floor":6.0,"key":"Gambling Chip"},{"floor":8.0,"key":"Blood Vial"},{"floor":11.0,"key":"Ancient Tea Set"}],"event_choices":[{"cards_removed":["Strike_B"],"damage_healed":0.0,"max_hp_gain":0.0,"max_hp_loss":0.0,"gold_gain":0.0,"event_name":"The Cleric","player_choice":"Card Removal","floor":2.0,"gold_loss":75.0,"damage_taken":0.0},{"damage_healed":0.0,"max_hp_gain":0.0,"max_hp_loss":0.0,"gold_gain":75.0,"event_name":"World of Goop","player_choice":"Gather Gold","floor":3.0,"gold_loss":0.0,"damage_taken":11.0},{"damage_healed":23.0,"max_hp_gain":0.0,"max_hp_loss":0.0,"gold_gain":0.0,"event_name":"Big Fish","player_choice":"Banana","floor":4.0,"gold_loss":0.0,"damage_taken":0.0},{"damage_healed":0.0,"max_hp_gain":0.0,"max_hp_loss":0.0,"gold_gain":0.0,"event_name":"The Library","player_choice":"Read","floor":19.0,"gold_loss":0.0,"damage_taken":0.0,"cards_obtained":["Capacitor"]},{"damage_healed":0.0,"max_hp_gain":0.0,"max_hp_loss":0.0,"gold_gain":0.0,"cards_transformed":["Strike_B"],"event_name":"Transmorgrifier","player_choice":"Transformed","floor":20.0,"gold_loss":0.0,"damage_taken":0.0,"cards_obtained":["Chaos"]},{"damage_healed":0.0,"max_hp_gain":0.0,"max_hp_loss":0.0,"gold_gain":0.0,"event_name":"Colosseum","player_choice":"Fight","floor":22.0,"gold_loss":0.0,"damage_taken":0.0},{"damage_healed":0.0,"max_hp_gain":0.0,"max_hp_loss":0.0,"gold_gain":0.0,"event_name":"Colosseum","player_choice":"Fled From Nobs","floor":22.0,"gold_loss":0.0,"damage_taken":0.0}],"is_beta":false,"boss_relics":[{"not_picked":["Cursed Key","Sozu"],"picked":"Nuclear Battery"}],"items_purged_floors":[13],"is_endless":false,"potions_floor_spawned":[1,5,6,12,18,21],"killed_by":"Gremlin Leader","ascension_level":16}