{"gold_per_floor":[113,129,129,129,144,144,171,183,495,527,566,578],"floor_reached":12,"playtime":667,"items_purged":[],"score":163,"play_id":"e7eb9682-dbf2-4104-9751-9ef4eff0914b","local_time":"20181126074936","is_ascension_mode":true,"campfire_choices":[{"data":"Loop","floor":6.0,"key":"SMITH"},{"floor":8.0,"key":"REST"}],"neow_cost":"NONE","seed_source_timestamp":914007142768190,"circlet_count":0,"master_deck":["AscendersBane","Strike_B","Strike_B","Strike_B","Strike_B","Defend_B","Defend_B","Defend_B","Defend_B","Zap","Dualcast","Sweeping Beam","Coolheaded","Loop+1","Glacier","Gash+1","Undo"],"special_seed":0,"relics":["Cracked Core","Strawberry","Molten Egg 2","Turnip","MawBank","Old Coin","Ornamental Fan"],"potions_floor_usage":[11],"damage_taken":[{"damage":1.0,"enemies":"Cultist","floor":1.0,"turns":3.0},{"damage":4.0,"enemies":"Jaw Worm","floor":2.0,"turns":4.0},{"damage":0.0,"enemies":"2 Louse","floor":5.0,"turns":2.0},{"damage":29.0,"enemies":"Lagavulin","floor":7.0,"turns":7.0},{"damage":23.0,"enemies":"Exordium Wildlife","floor":10.0,"turns":8.0},{"damage":16,"enemies":"Gremlin Nob","floor":11,"turns":4},{"damage":3,"enemies":"Gremlin Gang","floor":12,"turns":2}],"seed_played":"-8551469257805569387","potions_obtained":[{"floor":1.0,"key":"Block Potion"},{"floor":10.0,"key":"FearPotion"},{"floor":11,"key":"FearPotion"}],"is_trial":false,"path_per_floor":["M","M","?","?","M","R","E","R","T","M","E","M"],"character_chosen":"DEFECT","items_purchased":[],"campfire_rested":1,"item_purchase_floors":[],"current_hp_per_floor":[70,66,48,48,48,48,19,42,42,19,3,0],"gold":578,"neow_bonus":"RANDOM_COMMON_RELIC","is_prod":false,"is_daily":false,"chose_seed":false,"campfire_upgraded":1,"win_rate":0,"timestamp":1543247376,"path_taken":["M","M","?","?","M","R","E","R","T","M","E","M"],"build_version":"2018-11-15","purchased_purges":0,"victory":false,"max_hp_per_floor":[78,78,78,78,78,78,78,78,78,78,78,78],"card_choices":[{"not_picked":["Aggregate","Scrape"],"picked":"Sweeping Beam","floor":1.0},{"not_picked":["Chaos","Steam"],"picked":"Coolheaded","floor":2.0},{"not_picked":["Leap","Gash+1"],"picked":"Loop","floor":5.0},{"not_picked":["White Noise","Turbo"],"picked":"Glacier","floor":7.0},{"not_picked":["Redo","All For One+1"],"picked":"Gash+1","floor":10.0},{"not_picked":["Skim","Chill"],"picked":"Undo","floor":11}],"player_experience":1362077,"relics_obtained":[{"floor":4.0,"key":"Turnip"},{"floor":7.0,"key":"MawBank"},{"floor":9.0,"key":"Old Coin"},{"floor":11,"key":"Ornamental Fan"}],"event_choices":[{"damage_healed":0.0,"max_hp_gain":0.0,"max_hp_loss":0.0,"gold_gain":0.0,"event_name":"Scrap Ooze","player_choice":"Success","floor":3.0,"gold_loss":0.0,"damage_taken":18.0,"relics_obtained":["Molten Egg 2"]},{"damage_healed":0.0,"max_hp_gain":0.0,"max_hp_loss":0.0,"gold_gain":0.0,"event_name":"Wheel of Change","player_choice":"Relic","floor":4.0,"gold_loss":0.0,"damage_taken":0.0}],"is_beta":false,"boss_relics":[],"items_purged_floors":[],"is_endless":false,"potions_floor_spawned":[1,10,11],"killed_by":"Gremlin Gang","ascension_level":17}