{"path_per_floor":["M","M","M","M","$","R","E","?","T","R","$","M","E","M","R","B",null,"M","M","?","M","M","R","E"],"character_chosen":"DEFECT","items_purchased":["Blind","Cold Snap","Stack","Hello World"],"gold_per_floor":[112,123,137,148,13,13,47,147,147,147,23,37,70,88,88,192,192,173,184,184,200,215,215,242,242],"floor_reached":25,"campfire_rested":3,"playtime":1131,"item_purchase_floors":[5,5,11,11],"current_hp_per_floor":[82,79,77,48,48,72,58,58,58,58,58,44,29,28,52,31,82,60,60,60,45,25,49,7,0],"items_purged":[],"gold":242,"score":282,"play_id":"c6d90e15-8ebf-47a8-a370-6d4a3aa27712","local_time":"20180607210921","is_prod":false,"is_daily":false,"chose_seed":false,"is_ascension_mode":true,"campfire_upgraded":1,"win_rate":0,"timestamp":1528398561,"campfire_choices":[{"floor":6,"key":"REST"},{"data":"Zap","floor":10,"key":"SMITH"},{"floor":15,"key":"REST"},{"floor":23,"key":"REST"}],"path_taken":["M","M","M","M","$","R","E","?","T","R","?","?","E","M","R","BOSS","M","?","?","M","M","R","E","M"],"build_version":"2018-06-06","seed_source_timestamp":1262335599881,"purchased_purges":0,"victory":false,"master_deck":["Strike_B","Strike_B","Strike_B","Strike_B","Defend_B","Defend_B","Defend_B","Defend_B","Zap+1","Dualcast","Sweeping Beam","Conserve Battery","Rebound","Ball Lightning","Blind","Cold Snap","Defragment","Stack","Hello World","Chill","Ball Lightning+1","Conserve Battery","White Noise+1","Machine Learning","Go for the Eyes+1","Steam+1","Defragment","Cold Snap+1","Hello World+1","Buffer"],"max_hp_per_floor":[82,82,82,82,82,82,82,82,82,82,82,82,82,82,82,82,82,82,82,82,82,82,82,82,82],"relics":["Cracked Core","Dream Catcher","Smiling Mask","Molten Egg 2","Inserter","Vajra"],"card_choices":[{"not_picked":["Streamline","Aggregate"],"picked":"Sweeping Beam","floor":1},{"not_picked":["Blizzard","Barrage"],"picked":"Conserve Battery","floor":2},{"not_picked":["Turbo","Sunder"],"picked":"Rebound","floor":3},{"not_picked":["Blizzard","Darkness"],"picked":"Ball Lightning","floor":4},{"not_picked":["Redo","Compile Driver"],"picked":"Defragment","floor":7},{"not_picked":["Barrage","Melter"],"picked":"Chill","floor":12},{"not_picked":["Recycle","Barrage"],"picked":"Ball Lightning","floor":13},{"not_picked":["Hologram","Stack"],"picked":"Conserve Battery","floor":14},{"not_picked":["Leap","Sunder+1"],"picked":"White Noise","floor":15},{"not_picked":["Biased Cognition","Hyperbeam+1"],"picked":"Machine Learning","floor":16},{"not_picked":["Turbo+1","Redo+1"],"picked":"Go for the Eyes+1","floor":18},{"not_picked":["Auto Shields","Loop"],"picked":"Steam+1","floor":19},{"not_picked":["Turbo+1","Barrage+1"],"picked":"Defragment","floor":21},{"not_picked":["Seek","Steam"],"picked":"Cold Snap+1","floor":22},{"not_picked":["Capacitor+1","Chaos+1"],"picked":"Hello World+1","floor":23},{"not_picked":["Beam Cell+1","Reinforced Body+1"],"picked":"Buffer","floor":24}],"player_experience":230236,"potions_floor_usage":[3,7,16,25,25],"damage_taken":[{"damage":0,"enemies":"Cultist","floor":1,"turns":3},{"damage":3,"enemies":"Small Slimes","floor":2,"turns":3},{"damage":2,"enemies":"Jaw Worm","floor":3,"turns":2},{"damage":29,"enemies":"Gremlin Gang","floor":4,"turns":3},{"damage":14,"enemies":"Gremlin Nob","floor":7,"turns":4},{"damage":14,"enemies":"3 Louse","floor":12,"turns":3},{"damage":15,"enemies":"3 Sentries","floor":13,"turns":6},{"damage":1,"enemies":"2 Fungi Beasts","floor":14,"turns":4},{"damage":36,"enemies":"The Guardian","floor":16,"turns":9},{"damage":22,"enemies":"2 Thieves","floor":18,"turns":4},{"damage":0,"enemies":"Chosen","floor":19,"turns":4},{"damage":15,"enemies":"Snecko","floor":21,"turns":5},{"damage":20,"enemies":"Centurion and Healer","floor":22,"turns":8},{"damage":42,"enemies":"Gremlin Leader","floor":24,"turns":7},{"damage":8,"enemies":"3 Cultists","floor":25,"turns":2}],"relics_obtained":[{"floor":7,"key":"Dream Catcher"},{"floor":9,"key":"Smiling Mask"},{"floor":13,"key":"Molten Egg 2"},{"floor":24,"key":"Vajra"}],"event_choices":[{"event_name":"Golden Shrine","player_choice":"Pray","floor":8,"damage_taken":0},{"event_name":"Accursed Blacksmith","player_choice":"Forge","floor":20,"damage_taken":0}],"boss_relics":[{"not_picked":["Velvet Choker","Runic Dome"],"picked":"Inserter"}],"items_purged_floors":[],"potions_floor_spawned":[2,4,13,14,19,24],"seed_played":"2087228364499909319","killed_by":"3 Cultists","ascension_level":4,"potions_obtained":[{"floor":2,"key":"Energy Potion"},{"floor":4,"key":"Ancient Potion"},{"floor":13,"key":"Strength Potion"},{"floor":14,"key":"Regen Potion"},{"floor":19,"key":"Dexterity Potion"},{"floor":24,"key":"Ancient Potion"}],"is_trial":false}