{"gold_per_floor":[109,119,134,145,160,195,210,210,263,290,309,341,35,46,46,150,150,168,118,118,42,54,81,81,95,95,109,139,139,139],"floor_reached":30,"playtime":1578,"items_purged":[],"score":353,"play_id":"a666a72e-4495-42de-929d-69a8616bbbef","local_time":"20180802232658","is_ascension_mode":true,"campfire_choices":[{"floor":8,"key":"REST"},{"floor":15,"key":"REST"},{"floor":24,"key":"REST"}],"neow_cost":"","seed_source_timestamp":10117963991773,"circlet_count":0,"master_deck":["Defend_G","Defend_G","Defend_G","Defend_G","Defend_G","Strike_G","Strike_G","Strike_G","Strike_G","Strike_G","Survivor","Neutralize","Backstab","Poisoned Stab","Backflip","Backflip","Sucker Punch","Distraction","Poisoned Stab","Deflect","Slice","Backflip","Dagger Spray","After Image","Backstab+1","Infinite Blades","Escape Plan","Footwork+1","Escape Plan","Blade Dance+1","All Out Attack+1"],"relics":["Ring of the Snake","Bag of Preparation","Tiny Chest","Meat on the Bone","Regal Pillow","Unceasing Top","WristBlade","Oddly Smooth Stone","Ancient Tea Set","Paper Crane","Toxic Egg 2"],"potions_floor_usage":[6,7,10,11,12,22,25,27,28],"damage_taken":[{"damage":0,"enemies":"Cultist","floor":1,"turns":4},{"damage":0,"enemies":"Jaw Worm","floor":2,"turns":5},{"damage":4,"enemies":"Small Slimes","floor":3,"turns":4},{"damage":0,"enemies":"Red Slaver","floor":4,"turns":4},{"damage":0,"enemies":"Blue Slaver","floor":5,"turns":6},{"damage":37,"enemies":"Lagavulin","floor":6,"turns":7},{"damage":14,"enemies":"Gremlin Gang","floor":7,"turns":7},{"damage":5,"enemies":"3 Sentries","floor":10,"turns":7},{"damage":4,"enemies":"Large Slime","floor":11,"turns":6},{"damage":20,"enemies":"Lagavulin","floor":12,"turns":6},{"damage":0,"enemies":"Blue Slaver","floor":14,"turns":4},{"damage":35,"enemies":"Slime Boss","floor":16,"turns":13},{"damage":8,"enemies":"Shell Parasite","floor":18,"turns":6},{"damage":8,"enemies":"Chosen","floor":22,"turns":5},{"damage":25,"enemies":"Book of Stabbing","floor":23,"turns":7},{"damage":0,"enemies":"Centurion and Healer","floor":25,"turns":5},{"damage":0,"enemies":"Sentry and Sphere","floor":27,"turns":6},{"damage":62,"enemies":"Gremlin Leader","floor":28,"turns":10},{"damage":22,"enemies":"Snake Plant","floor":30,"turns":3}],"seed_played":"-7170262089519259453","potions_obtained":[{"floor":3,"key":"Fire Potion"},{"floor":5,"key":"Explosive Potion"},{"floor":7,"key":"Fire Potion"},{"floor":10,"key":"Ancient Potion"},{"floor":11,"key":"GamblersBrew"},{"floor":18,"key":"PowerPotion"},{"floor":22,"key":"Explosive Potion"},{"floor":25,"key":"AttackPotion"},{"floor":27,"key":"LiquidBronze"}],"is_trial":false,"path_per_floor":["M","M","M","M","M","E","M","R","T","E","M","E","$","M","R","B",null,"M","?","T","$","M","E","R","M","T","M","E","?"],"character_chosen":"THE_SILENT","items_purchased":["Unceasing Top","Infinite Blades"],"campfire_rested":3,"item_purchase_floors":[13,21],"current_hp_per_floor":[70,70,66,66,66,29,15,36,36,31,39,31,31,43,70,47,70,62,62,62,62,54,41,70,70,70,70,20,20,0],"gold":139,"neow_bonus":"","is_prod":false,"is_daily":false,"chose_seed":false,"campfire_upgraded":0,"win_rate":0,"timestamp":1533245218,"path_taken":["M","M","M","M","M","E","M","R","T","E","?","E","$","M","R","BOSS","M","?","?","$","M","E","R","M","T","M","E","?","M"],"build_version":"2018-08-01","purchased_purges":0,"victory":false,"max_hp_per_floor":[70,70,70,70,70,70,70,70,70,70,70,70,70,70,70,70,70,70,70,70,70,70,70,70,70,70,70,70,70,70],"card_choices":[{"not_picked":["Poisoned Stab","Bane"],"picked":"Backstab","floor":1},{"not_picked":["Flying Knee","Quick Slash"],"picked":"Poisoned Stab","floor":2},{"not_picked":["Expertise","Underhanded Strike"],"picked":"Backflip","floor":3},{"not_picked":["Bullet Time","Flying Knee"],"picked":"Backflip","floor":4},{"not_picked":["Prepared","Deflect"],"picked":"Sucker Punch","floor":5},{"not_picked":["Predator","Expertise"],"picked":"Distraction","floor":6},{"not_picked":["Deflect","Blade Dance"],"picked":"Poisoned Stab","floor":7},{"not_picked":["Bane","Eviscerate"],"picked":"Deflect","floor":10},{"not_picked":["Blade Dance","Dagger Throw"],"picked":"Slice","floor":11},{"not_picked":["Burst","Wraith Form v2"],"picked":"Backflip","floor":12},{"not_picked":["Dodge and Roll","Acrobatics"],"picked":"Dagger Spray","floor":14},{"not_picked":["Burst","Doppelganger"],"picked":"After Image","floor":16},{"not_picked":["Backflip","All Out Attack+1"],"picked":"Backstab+1","floor":18},{"not_picked":["Deflect+1","Terror"],"picked":"Escape Plan","floor":22},{"not_picked":["Underhanded Strike","Endless Agony"],"picked":"Footwork+1","floor":23},{"not_picked":["Deflect","Poisoned Stab+1"],"picked":"Escape Plan","floor":25},{"not_picked":["Deadly Poison","Flying Knee+1"],"picked":"Blade Dance","floor":27},{"not_picked":["Sucker Punch","Skewer"],"picked":"All Out Attack+1","floor":28}],"player_experience":364488,"relics_obtained":[{"floor":6,"key":"Bag of Preparation"},{"floor":9,"key":"Tiny Chest"},{"floor":10,"key":"Meat on the Bone"},{"floor":12,"key":"Regal Pillow"},{"floor":20,"key":"Oddly Smooth Stone"},{"floor":23,"key":"Ancient Tea Set"},{"floor":26,"key":"Paper Crane"},{"floor":28,"key":"Toxic Egg 2"}],"event_choices":[{"event_name":"The Joust","player_choice":"Bet on Owner","floor":19,"damage_taken":0},{"event_name":"Accursed Blacksmith","player_choice":"Forge","floor":29,"damage_taken":0}],"is_beta":true,"boss_relics":[{"not_picked":["Lizard Tail","Sozu"],"picked":"WristBlade"}],"items_purged_floors":[],"is_endless":false,"potions_floor_spawned":[3,5,7,10,11,18,22,25,27],"killed_by":"Snake Plant","ascension_level":4}