{"gold_per_floor":[110,128,138,138,50,80,80,108,132,207,172,17,44,56,56,159,159,178,178,196,196,38,38,69,89,89,89,99,124,124,135,135,233,233,244,258,273,373,384,411,411,411,491,491,505,301,348,364,364,364,364,364,37,72,72],"floor_reached":55,"playtime":1985,"items_purged":["Defend_R","Strike_R"],"score":785,"play_id":"694cadae-2e45-4386-a19c-efddd152bd9a","local_time":"20181208161233","is_ascension_mode":false,"campfire_choices":[{"floor":7.0,"key":"REST"},{"floor":15.0,"key":"REST"},{"data":"Infernal Blade","floor":23.0,"key":"SMITH"},{"floor":27.0,"key":"REST"},{"data":"True Grit","floor":30.0,"key":"SMITH"},{"floor":32.0,"key":"RECALL"},{"floor":42,"key":"REST"},{"floor":49,"key":"REST"},{"data":"Juggernaut","floor":52,"key":"SMITH"}],"neow_cost":"NONE","seed_source_timestamp":0,"circlet_count":0,"master_deck":["Strike_R","Strike_R","Defend_R","Defend_R","Defend_R","Bash","Havoc","Twin Strike","Juggernaut","Shrug It Off","Infernal Blade+1","Uppercut","Headbutt","Pommel Strike","Shrug It Off","Feed","Immolate","True Grit+1","Sentinel","Flash of Steel","Inflame","Intimidate","True Grit+1","True Grit+1","Infernal Blade","Juggernaut+1","Havoc+1","Shrug It Off+1","Iron Wave+1","Metallicize+1","Entrench+1","Inflame","Body Slam+1","Panache"],"special_seed":0,"relics":["Runic Pyramid","Centennial Puzzle","Anchor","Smiling Mask","Happy Flower","Sozu","Vajra","Blood Vial","Ornamental Fan","Mark of Pain","Calipers","FossilizedHelix","Art of War","Ice Cream","Boot","Incense Burner"],"potions_floor_usage":[],"damage_taken":[{"damage":6.0,"enemies":"Cultist","floor":1.0,"turns":3.0},{"damage":2.0,"enemies":"2 Louse","floor":2.0,"turns":4.0},{"damage":1.0,"enemies":"Jaw Worm","floor":3.0,"turns":3.0},{"damage":24.0,"enemies":"3 Sentries","floor":6.0,"turns":7.0},{"damage":18.0,"enemies":"Lagavulin","floor":8.0,"turns":6.0},{"damage":19.0,"enemies":"3 Sentries","floor":13.0,"turns":6.0},{"damage":2.0,"enemies":"3 Louse","floor":14.0,"turns":3.0},{"damage":47.0,"enemies":"Slime Boss","floor":16.0,"turns":14.0},{"damage":0.0,"enemies":"Chosen","floor":18.0,"turns":3.0},{"damage":10.0,"enemies":"2 Thieves","floor":20.0,"turns":4.0},{"damage":38.0,"enemies":"Slavers","floor":24.0,"turns":6.0},{"damage":13.0,"enemies":"Sentry and Sphere","floor":25.0,"turns":4.0},{"damage":1.0,"enemies":"Snecko","floor":28.0,"turns":3.0},{"damage":8.0,"enemies":"Book of Stabbing","floor":29.0,"turns":5.0},{"damage":2.0,"enemies":"Centurion and Healer","floor":31.0,"turns":3.0},{"damage":29.0,"enemies":"Automaton","floor":33.0,"turns":9.0},{"damage":0,"enemies":"Orb Walker","floor":35,"turns":3},{"damage":21,"enemies":"3 Darklings","floor":36,"turns":4},{"damage":22,"enemies":"Writhing Mass","floor":37,"turns":6},{"damage":0,"enemies":"Mind Bloom Boss Battle","floor":38,"turns":5},{"damage":16,"enemies":"Maw","floor":39,"turns":6},{"damage":48,"enemies":"Nemesis","floor":40,"turns":9},{"damage":0,"enemies":"Transient","floor":45,"turns":5},{"damage":18,"enemies":"2 Orb Walkers","floor":47,"turns":6},{"damage":0,"enemies":"Writhing Mass","floor":48,"turns":5},{"damage":14,"enemies":"Time Eater","floor":50,"turns":8},{"damage":45,"enemies":"Shield and Spear","floor":54,"turns":6},{"damage":81,"enemies":"The Heart","floor":55,"turns":5}],"seed_played":"-8152857171129325694","potions_obtained":[{"floor":1.0,"key":"Weak Potion"},{"floor":3.0,"key":"Explosive Potion"},{"floor":8.0,"key":"AttackPotion"},{"floor":13.0,"key":"Ancient Potion"},{"floor":16.0,"key":"Dexterity Potion"}],"is_trial":false,"path_per_floor":["M","M","M","?","$","E","R","E","T","?","?","$","E","M","R","B",null,"M","?","M","?","$","R","E","M","T","R","M","E","R","M","R","B",null,"M","M","M","?","M","E","?","R","T","?","M","$","?","M","R","B",null,"R","$","E","B"],"character_chosen":"IRONCLAD","items_purchased":["Shrug It Off","Infernal Blade","Pommel Strike","Shrug It Off","Sentinel","Flash of Steel","Art of War","Boot","Panache"],"campfire_rested":5,"item_purchase_floors":[5,5,12,12,22,22,46,53,53],"current_hp_per_floor":[74,72,71,64,64,40,64,46,46,35,55,55,36,34,58,14,83,86,86,79,62,62,62,27,17,17,47,51,48,48,51,51,27,112,112,91,74,79,68,25,25,62,62,62,64,64,48,50,85,73,118,118,118,73,0],"gold":72,"neow_bonus":"BOSS_RELIC","is_prod":false,"is_daily":false,"chose_seed":false,"campfire_upgraded":3,"win_rate":0,"timestamp":1544310753,"path_taken":["M","M","?","?","$","E","R","E","T","?","?","?","E","M","R","BOSS","M","?","M","?","?","R","E","?","T","R","M","E","R","M","R","BOSS","M","M","M","?","M","E","?","R","T","?","M","$","?","M","R","BOSS","R","$","E","BOSS"],"build_version":"2018-12-06","purchased_purges":2,"victory":false,"max_hp_per_floor":[80,80,80,80,80,80,80,80,80,80,80,80,80,80,80,83,83,86,86,89,94,94,94,97,100,100,100,103,106,106,109,109,112,112,112,112,115,118,121,124,124,124,124,118,118,118,118,118,118,118,118,118,118,118,118],"card_choices":[{"not_picked":["Burning Pact","Rupture"],"picked":"Havoc","floor":1.0},{"not_picked":["Iron Wave","Clash"],"picked":"Twin Strike","floor":2.0},{"not_picked":["Clash","Flex"],"picked":"Juggernaut","floor":3.0},{"not_picked":["Sever Soul","Heavy Blade"],"picked":"Uppercut","floor":6.0},{"not_picked":["Heavy Blade","Searing Blow"],"picked":"Headbutt","floor":8.0},{"not_picked":["Dual Wield","Battle Trance"],"picked":"Feed","floor":13.0},{"not_picked":["Shrug It Off","Blood for Blood","Cleave"],"picked":"SKIP","floor":14.0},{"not_picked":["Berserk","Brutality"],"picked":"Immolate","floor":16.0},{"not_picked":["Dual Wield","Shrug It Off","Flex"],"picked":"SKIP","floor":18.0},{"not_picked":["Anger","Body Slam+1"],"picked":"True Grit+1","floor":20.0},{"not_picked":["Disarm","Armaments"],"picked":"Inflame","floor":24.0},{"not_picked":["Wild Strike","Corruption"],"picked":"Intimidate","floor":25.0},{"not_picked":["Flame Barrier","Shrug It Off"],"picked":"True Grit","floor":28.0},{"not_picked":["Heavy Blade","Sword Boomerang+1"],"picked":"True Grit+1","floor":29.0},{"not_picked":["Warcry","Headbutt"],"picked":"Infernal Blade","floor":31.0},{"not_picked":["Limit Break","Impervious"],"picked":"Juggernaut","floor":33.0},{"not_picked":["Perfected Strike+1","Whirlwind"],"picked":"Havoc+1","floor":35},{"not_picked":["Clash","Pummel"],"picked":"Shrug It Off+1","floor":36},{"not_picked":["Wild Strike+1","Cleave","Anger"],"picked":"SKIP","floor":37},{"not_picked":["Cleave+1","Whirlwind"],"picked":"Iron Wave+1","floor":39},{"not_picked":["Brutality","Carnage"],"picked":"Metallicize+1","floor":40},{"not_picked":["Cleave","Metallicize+1"],"picked":"Entrench+1","floor":45},{"not_picked":["Hemokinesis+1","Armaments"],"picked":"Inflame","floor":47},{"not_picked":["Cleave+1","Bloodletting"],"picked":"Body Slam+1","floor":48},{"not_picked":["Thunderclap","Clothesline","Perfected Strike"],"picked":"SKIP","floor":54}],"player_experience":540333,"relics_obtained":[{"floor":6.0,"key":"Centennial Puzzle"},{"floor":8.0,"key":"Anchor"},{"floor":9.0,"key":"Smiling Mask"},{"floor":13.0,"key":"Happy Flower"},{"floor":24.0,"key":"Vajra"},{"floor":26.0,"key":"Blood Vial"},{"floor":29.0,"key":"Ornamental Fan"},{"floor":38,"key":"Calipers"},{"floor":40,"key":"FossilizedHelix"},{"floor":47,"key":"Ice Cream"},{"floor":54,"key":"Incense Burner"}],"event_choices":[{"cards_removed":["Strike_R"],"damage_healed":0.0,"max_hp_gain":0.0,"max_hp_loss":0.0,"gold_gain":0.0,"event_name":"Golden Wing","player_choice":"Card Removal","floor":4.0,"gold_loss":0.0,"damage_taken":7.0},{"damage_healed":0.0,"max_hp_gain":0.0,"max_hp_loss":0.0,"gold_gain":75.0,"event_name":"World of Goop","player_choice":"Gather Gold","floor":10.0,"gold_loss":0.0,"damage_taken":11.0},{"damage_healed":20.0,"max_hp_gain":0.0,"max_hp_loss":0.0,"gold_gain":0.0,"event_name":"The Cleric","player_choice":"Healed","floor":11.0,"gold_loss":35.0,"damage_taken":0.0},{"damage_healed":0.0,"max_hp_gain":0.0,"max_hp_loss":0.0,"gold_gain":0.0,"event_name":"Vampires","player_choice":"Ignored","floor":19.0,"gold_loss":0.0,"damage_taken":0.0},{"damage_healed":0.0,"max_hp_gain":5.0,"max_hp_loss":0.0,"gold_gain":0.0,"event_name":"Forgotten Altar","player_choice":"Shed Blood","floor":21.0,"gold_loss":0.0,"damage_taken":22.0},{"damage_healed":0,"gold_gain":0,"player_choice":"Fight","damage_taken":0,"max_hp_gain":0,"max_hp_loss":0,"event_name":"MindBloom","floor":38,"gold_loss":0},{"cards_removed":["Strike_R"],"damage_healed":0,"gold_gain":0,"player_choice":"Removed Attack","damage_taken":0,"max_hp_gain":0,"max_hp_loss":0,"event_name":"Falling","floor":41,"gold_loss":0},{"damage_healed":0,"gold_gain":0,"player_choice":"Max HP","damage_taken":0,"max_hp_gain":0,"max_hp_loss":6,"event_name":"Winding Halls","floor":44,"gold_loss":0},{"damage_healed":0,"gold_gain":0,"player_choice":"Fight","damage_taken":0,"max_hp_gain":0,"max_hp_loss":0,"event_name":"Mysterious Sphere","floor":47,"gold_loss":0}],"is_beta":false,"boss_relics":[{"not_picked":["Fusion Hammer","Busted Crown"],"picked":"Sozu"},{"not_picked":["Pandora\u0027s Box","Coffee Dripper"],"picked":"Mark of Pain"}],"items_purged_floors":[12,46],"is_endless":false,"potions_floor_spawned":[1,3,8,13,16,18,25,28,31,37,38,40,48,54],"killed_by":"The Heart","ascension_level":0}