{"gold_per_floor":[118,118,118,141,155,199,199],"floor_reached":7,"playtime":214,"items_purged":[],"score":97,"play_id":"a5edc10c-dc77-48dd-a726-ebe613d11664","local_time":"20181221160513","is_ascension_mode":true,"campfire_choices":[],"neow_cost":"NONE","seed_source_timestamp":29338412443138,"circlet_count":0,"master_deck":["AscendersBane","Strike_B","Strike_B","Strike_B","Strike_B","Defend_B","Defend_B","Defend_B","Defend_B","Zap","Dualcast","Rip and Tear","Cold Snap","Coolheaded","Rip and Tear","Hologram"],"relics":["Cracked Core","Golden Idol","Bottled Lightning"],"potions_floor_usage":[6],"damage_taken":[{"damage":1,"enemies":"Cultist","floor":1,"turns":3},{"damage":10,"enemies":"Jaw Worm","floor":4,"turns":3},{"damage":6,"enemies":"Small Slimes","floor":5,"turns":2},{"damage":40,"enemies":"3 Sentries","floor":6,"turns":10},{"damage":10,"enemies":"Gremlin Gang","floor":7,"turns":1}],"seed_played":"4068719043662076096","potions_obtained":[{"floor":1,"key":"Swift Potion"}],"is_trial":false,"path_per_floor":["M","?","?","M","M","E","M"],"character_chosen":"DEFECT","items_purchased":[],"campfire_rested":0,"item_purchase_floors":[],"current_hp_per_floor":[63,63,63,53,47,7,0],"gold":199,"neow_bonus":"THREE_CARDS","is_prod":false,"is_daily":false,"chose_seed":false,"campfire_upgraded":0,"win_rate":0,"timestamp":1545437113,"path_taken":["M","?","?","M","M","E","M"],"build_version":"2018-12-20","purchased_purges":0,"victory":false,"max_hp_per_floor":[71,64,64,64,64,64,64],"card_choices":[{"not_picked":["Undo","Double Energy"],"picked":"Rip and Tear","floor":0},{"not_picked":["Steam","Compile Driver"],"picked":"Cold Snap","floor":1},{"not_picked":["Stack","Multi-Cast"],"picked":"Coolheaded","floor":4},{"not_picked":["Rebound","Doom and Gloom"],"picked":"Rip and Tear","floor":5},{"not_picked":["Rebound","Redo","Hologram"],"picked":"SKIP","floor":6},{"not_picked":["Rebound","Redo"],"picked":"Hologram","floor":6}],"player_experience":1612826,"relics_obtained":[{"floor":6,"key":"Bottled Lightning"}],"event_choices":[{"damage_healed":0,"gold_gain":0,"player_choice":"Lose Max HP","damage_taken":0,"relics_obtained":["Golden Idol"],"max_hp_gain":0,"max_hp_loss":7,"event_name":"Golden Idol","floor":2,"gold_loss":0},{"damage_healed":0,"gold_gain":0,"player_choice":"Ignored","damage_taken":0,"max_hp_gain":0,"max_hp_loss":0,"event_name":"Liars Game","floor":3,"gold_loss":0}],"is_beta":false,"boss_relics":[],"items_purged_floors":[],"is_endless":false,"potions_floor_spawned":[1],"killed_by":"Gremlin Gang","ascension_level":18}