{"gold_per_floor":[366,385,219,219,232,232,242,242,265,299,299,309,52,71,71,147,147,167,180,180],"floor_reached":20,"playtime":1179,"items_purged":[],"score":334,"play_id":"b673e32f-bbd7-4cbe-9a59-3d2d440b28c1","local_time":"20190102094515","is_ascension_mode":true,"campfire_choices":[{"data":"Bash","floor":6,"key":"SMITH"},{"data":"Shrug It Off","floor":8,"key":"SMITH"},{"data":"Bludgeon","floor":11,"key":"SMITH"},{"data":"Uppercut","floor":15,"key":"SMITH"}],"neow_cost":"TEN_PERCENT_HP_LOSS","seed_source_timestamp":1042384820299707,"circlet_count":0,"master_deck":["AscendersBane","Strike_R","Defend_R","Defend_R","Defend_R","Defend_R","Bash+1","Dropkick","Shrug It Off+1","Reaper","Headbutt","Bludgeon+1","Impervious","Dropkick","Uppercut+1","Exhume","Carnage+1","Anger+1","Corruption+1","Shrug It Off"],"relics":["Burning Blood","PreservedInsect","Red Skull","Astrolabe"],"potions_floor_usage":[],"damage_taken":[{"damage":9,"enemies":"Small Slimes","floor":1,"turns":4},{"damage":7,"enemies":"2 Louse","floor":2,"turns":3},{"damage":14,"enemies":"Jaw Worm","floor":5,"turns":4},{"damage":4,"enemies":"Exordium Wildlife","floor":7,"turns":4},{"damage":8,"enemies":"Gremlin Nob","floor":10,"turns":3},{"damage":13,"enemies":"2 Fungi Beasts","floor":12,"turns":3},{"damage":21,"enemies":"Large Slime","floor":14,"turns":4},{"damage":28,"enemies":"The Guardian","floor":16,"turns":9},{"damage":16,"enemies":"Spheric Guardian","floor":18,"turns":5},{"damage":28,"enemies":"2 Thieves","floor":19,"turns":3},{"damage":34,"enemies":"Masked Bandits","floor":20,"turns":3}],"seed_played":"-7124165855764415865","potions_obtained":[{"floor":7,"key":"Weak Potion"},{"floor":12,"key":"Fire Potion"}],"is_trial":false,"path_per_floor":["M","M","$","?","M","R","M","R","T","E","R","M","$","M","R","B",null,"M","M","?"],"character_chosen":"IRONCLAD","items_purchased":["Reaper","Impervious","Dropkick"],"campfire_rested":0,"item_purchase_floors":[3,13,13],"current_hp_per_floor":[65,64,64,57,49,49,55,55,55,53,53,54,54,39,39,24,57,47,25,0],"gold":180,"neow_bonus":"TWO_FIFTY_GOLD","is_prod":false,"is_daily":false,"chose_seed":false,"campfire_upgraded":4,"win_rate":0,"timestamp":1546451115,"path_taken":["M","M","$","?","M","R","M","R","T","E","R","M","$","M","R","BOSS","M","M","?"],"build_version":"2018-12-20","purchased_purges":0,"victory":false,"max_hp_per_floor":[68,68,68,68,68,68,68,68,68,68,68,68,68,68,68,68,68,68,68,68],"card_choices":[{"not_picked":["Headbutt","Infernal Blade"],"picked":"Dropkick","floor":1},{"not_picked":["Armaments","Clothesline"],"picked":"Shrug It Off","floor":2},{"not_picked":["Flex","Heavy Blade"],"picked":"Headbutt","floor":5},{"not_picked":["Flex","Body Slam","Sword Boomerang"],"picked":"SKIP","floor":7},{"not_picked":["Heavy Blade","Sword Boomerang"],"picked":"Bludgeon","floor":10},{"not_picked":["Body Slam","Armaments","Sever Soul"],"picked":"SKIP","floor":12},{"not_picked":["Ghostly Armor","Clash"],"picked":"Uppercut","floor":14},{"not_picked":["Barricade","Brutality"],"picked":"Exhume","floor":16},{"not_picked":["Clash","Burning Pact"],"picked":"Shrug It Off","floor":18},{"not_picked":["Anger","Flex+1","Havoc"],"picked":"SKIP","floor":19}],"player_experience":1624193,"relics_obtained":[{"floor":9,"key":"PreservedInsect"},{"floor":10,"key":"Red Skull"}],"event_choices":[{"cards_removed":["Strike_R"],"damage_healed":0,"gold_gain":0,"player_choice":"Card Removal","damage_taken":7,"max_hp_gain":0,"max_hp_loss":0,"event_name":"Golden Wing","floor":4,"gold_loss":0},{"damage_healed":0,"gold_gain":0,"player_choice":"Fought Bandits","damage_taken":0,"max_hp_gain":0,"max_hp_loss":0,"event_name":"Masked Bandits","floor":20,"gold_loss":0}],"is_beta":false,"boss_relics":[{"not_picked":["Runic Dome","Pandora\u0027s Box"],"picked":"Astrolabe"}],"items_purged_floors":[],"is_endless":false,"potions_floor_spawned":[7,12],"killed_by":"Masked Bandits","ascension_level":18}