{"gold_per_floor":[113,129,129,2,21,21,53,72,97,97,110,60,60,27,27,100,100,89,188,188,62,62,62,62,62,62,77,77,91,54,4,4,4],"floor_reached":33,"playtime":1715,"items_purged":[],"score":398,"play_id":"9df05821-ce3d-4df0-9a3f-8b3ade1c2dae","local_time":"20181018114854","is_ascension_mode":true,"campfire_choices":[{"data":"Armaments","floor":6,"key":"SMITH"},{"data":"Combust","floor":10,"key":"SMITH"},{"data":"True Grit","floor":13,"key":"SMITH"},{"floor":15,"key":"REST"},{"data":"Uppercut","floor":23,"key":"SMITH"},{"data":"Fiend Fire","floor":25,"key":"SMITH"},{"data":"Power Through","floor":28,"key":"SMITH"},{"floor":32,"key":"REST"}],"neow_cost":"NONE","seed_source_timestamp":754899599154616,"circlet_count":0,"master_deck":["Strike_R","Strike_R","Strike_R","Defend_R","Defend_R","Defend_R","Defend_R","Bash","AscendersBane","Cleave","Armaments+1","Combust+1","Shrug It Off","True Grit+1","Fiend Fire+1","Uppercut+1","Shrug It Off","Metallicize","Reckless Charge","Power Through+1","Inflame"],"relics":["Burning Blood","Regal Pillow","Oddly Smooth Stone","Boot","Blood Vial","Cursed Key"],"potions_floor_usage":[16,16,33],"damage_taken":[{"damage":9,"enemies":"Jaw Worm","floor":1,"turns":4},{"damage":6,"enemies":"Cultist","floor":2,"turns":3},{"damage":0,"enemies":"Small Slimes","floor":5,"turns":4},{"damage":39,"enemies":"Lagavulin","floor":7,"turns":5},{"damage":7,"enemies":"Gremlin Gang","floor":8,"turns":4},{"damage":8,"enemies":"3 Louse","floor":11,"turns":3},{"damage":60,"enemies":"The Guardian","floor":16,"turns":17},{"damage":30,"enemies":"2 Thieves","floor":18,"turns":4},{"damage":15,"enemies":"3 Byrds","floor":27,"turns":3},{"damage":11,"enemies":"Snake Plant","floor":29,"turns":5},{"damage":83,"enemies":"Champ","floor":33,"turns":9}],"seed_played":"5218031099125658814","potions_obtained":[{"floor":7,"key":"Weak Potion"},{"floor":8,"key":"Energy Potion"},{"floor":18,"key":"SteroidPotion"}],"is_trial":false,"path_per_floor":["M","M","$","?","M","R","E","M","T","R","M","?","R","?","R","B",null,"M","?","?","$","?","R","$","R","T","M","R","M","$","$","R"],"character_chosen":"IRONCLAD","items_purchased":["Shrug It Off","Metallicize","Inflame","PowerPotion"],"campfire_rested":2,"item_purchase_floors":[21,21,30,31],"current_hp_per_floor":[69,69,69,69,75,75,42,41,41,41,41,41,41,41,80,26,67,45,45,45,45,45,45,45,45,45,38,38,35,35,35,74,0],"gold":4,"neow_bonus":"RANDOM_COMMON_RELIC","is_prod":false,"is_daily":false,"chose_seed":false,"campfire_upgraded":6,"win_rate":0,"timestamp":1539888534,"path_taken":["M","M","$","?","M","R","E","?","T","R","M","?","R","?","R","BOSS","M","?","?","$","?","R","$","R","T","M","R","M","?","$","R","BOSS"],"build_version":"2018-10-11","purchased_purges":0,"victory":false,"max_hp_per_floor":[80,80,80,80,80,80,80,80,80,80,80,80,80,80,80,80,80,80,80,80,80,80,80,80,80,80,80,80,80,80,80,80,80],"card_choices":[{"not_picked":["Fire Breathing","Flex"],"picked":"Cleave","floor":1},{"not_picked":["Clothesline","Bloodletting"],"picked":"Armaments","floor":2},{"not_picked":["Thunderclap","Sword Boomerang"],"picked":"Combust","floor":5},{"not_picked":["Entrench","Anger"],"picked":"Shrug It Off","floor":7},{"not_picked":["Carnage","Evolve"],"picked":"True Grit","floor":8},{"not_picked":["True Grit","Iron Wave","Flex"],"picked":"SKIP","floor":11},{"not_picked":["Exhume","Bludgeon"],"picked":"Fiend Fire","floor":16},{"not_picked":["Second Wind","Perfected Strike"],"picked":"Uppercut","floor":18},{"not_picked":["Clothesline","Uppercut"],"picked":"Power Through","floor":27},{"not_picked":["True Grit","Pommel Strike","Carnage"],"picked":"SKIP","floor":29}],"player_experience":1172794,"relics_obtained":[{"floor":7,"key":"Boot"},{"floor":9,"key":"Blood Vial"}],"event_choices":[{"event_name":"WeMeetAgain","player_choice":"Gold","floor":4,"damage_taken":0},{"event_name":"The Cleric","player_choice":"Card Removal","floor":12,"damage_taken":0},{"event_name":"World of Goop","player_choice":"Left","floor":14,"damage_taken":0},{"event_name":"Nest","player_choice":"Stole From Cult","floor":19,"damage_taken":0},{"event_name":"Bonfire Elementals","player_choice":"BASIC","floor":20,"damage_taken":0},{"event_name":"The Library","player_choice":"Read","floor":22,"damage_taken":0}],"is_beta":false,"boss_relics":[{"not_picked":["Philosopher\u0027s Stone","Ectoplasm"],"picked":"Cursed Key"}],"items_purged_floors":[],"is_endless":false,"potions_floor_spawned":[7,8,18],"killed_by":"Champ","ascension_level":13}