{"gold_per_floor":[110,123,123,45,6,6,341,396,408,451,474,486,517,548,560,647,659,683,695],"floor_reached":19,"playtime":1572,"items_purged":[],"score":374,"play_id":"fee90ccf-0d53-41bb-adaf-c0afd12d6ce2","local_time":"20181121094511","is_ascension_mode":true,"campfire_choices":[{"data":"Uppercut","floor":6.0,"key":"SMITH"},{"data":"Shockwave","floor":12.0,"key":"SMITH"},{"data":"Sentinel","floor":15.0,"key":"SMITH"}],"neow_cost":"NONE","seed_source_timestamp":0,"circlet_count":0,"master_deck":["AscendersBane","Strike_R","Strike_R","Defend_R","Defend_R","Defend_R","Defend_R","Bash","Headbutt","Burning Pact","Uppercut+1","Metallicize","Infernal Blade","Shockwave+1","Sentinel+1","Exhume","Battle Trance+1","Spot Weakness+1","Dual Wield+1"],"special_seed":0,"relics":["Burning Blood","NeowsBlessing","Old Coin","MawBank","Meat on the Bone","Dream Catcher","Astrolabe"],"potions_floor_usage":[18],"damage_taken":[{"damage":0.0,"enemies":"Small Slimes","floor":1.0,"turns":1.0},{"damage":0.0,"enemies":"Cultist","floor":2.0,"turns":1.0},{"damage":0.0,"enemies":"Lagavulin","floor":7.0,"turns":1.0},{"damage":16.0,"enemies":"Gremlin Nob","floor":10.0,"turns":4.0},{"damage":7.0,"enemies":"Jaw Worm","floor":11.0,"turns":4.0},{"damage":16.0,"enemies":"Blue Slaver","floor":13.0,"turns":5.0},{"damage":8.0,"enemies":"Red Slaver","floor":14.0,"turns":4.0},{"damage":47.0,"enemies":"Hexaghost","floor":16.0,"turns":12.0},{"damage":38,"enemies":"Spheric Guardian","floor":18,"turns":9},{"damage":0,"enemies":"3 Byrds","floor":19,"turns":1}],"seed_played":"2538655218115361143","potions_obtained":[{"floor":1.0,"key":"AttackPotion"},{"floor":10.0,"key":"Block Potion"},{"floor":16.0,"key":"Energy Potion"}],"is_trial":false,"path_per_floor":["M","M","?","$","$","R","E","T","T","E","M","R","M","M","R","B",null,"M","M"],"character_chosen":"IRONCLAD","items_purchased":["Uppercut","Metallicize"],"campfire_rested":0,"item_purchase_floors":[4,5],"current_hp_per_floor":[74,75,75,75,75,75,75,75,75,65,64,64,54,52,52,23,62,42,42],"gold":695,"neow_bonus":"THREE_ENEMY_KILL","is_prod":false,"is_daily":false,"chose_seed":false,"campfire_upgraded":3,"win_rate":0,"timestamp":1542822311,"path_taken":["M","M","?","?","$","R","E","?","T","E","M","R","M","M","R","BOSS","M","M"],"build_version":"2018-11-15","purchased_purges":0,"victory":false,"max_hp_per_floor":[75,75,75,75,75,75,75,75,75,75,75,75,75,75,75,75,75,75,75],"card_choices":[{"not_picked":["Combust","Searing Blow"],"picked":"Headbutt","floor":1.0},{"not_picked":["Wild Strike","Bloodletting"],"picked":"Burning Pact","floor":2.0},{"not_picked":["True Grit","Offering"],"picked":"Infernal Blade","floor":7.0},{"not_picked":["Perfected Strike","Clash"],"picked":"Shockwave","floor":10.0},{"not_picked":["Havoc","Sentinel","Second Wind"],"picked":"SKIP","floor":11.0},{"not_picked":["Twin Strike","Warcry","Body Slam"],"picked":"SKIP","floor":13.0},{"not_picked":["Rage","Heavy Blade"],"picked":"Sentinel","floor":14.0},{"not_picked":["Limit Break","Brutality"],"picked":"Exhume","floor":16.0},{"not_picked":["Sever Soul","Twin Strike","Warcry"],"picked":"SKIP","floor":18}],"player_experience":1345091,"relics_obtained":[{"floor":7.0,"key":"Old Coin"},{"floor":8.0,"key":"MawBank"},{"floor":9.0,"key":"Meat on the Bone"},{"floor":10.0,"key":"Dream Catcher"}],"event_choices":[{"damage_healed":0.0,"max_hp_gain":0.0,"max_hp_loss":0.0,"gold_gain":0.0,"event_name":"Match and Keep!","player_choice":"0 cards matched","floor":3.0,"gold_loss":0.0,"damage_taken":0.0,"cards_obtained":[]}],"is_beta":false,"boss_relics":[{"not_picked":["Cursed Key","Snecko Eye"],"picked":"Astrolabe"}],"items_purged_floors":[],"is_endless":false,"potions_floor_spawned":[1,10,11,16],"killed_by":"3 Byrds","ascension_level":17}