{"gold_per_floor":[117,131,144,127,141,168,168,193,223,223,241,241,259,259],"floor_reached":14,"playtime":556,"items_purged":[],"score":140,"play_id":"2e0e0838-0842-4aeb-b6b7-b3df7c2e988d","local_time":"20190104200628","is_ascension_mode":true,"campfire_choices":[{"floor":7,"key":"REST"},{"floor":10,"key":"REST"},{"floor":12,"key":"REST"}],"neow_cost":"NONE","seed_source_timestamp":1259067210218215,"circlet_count":0,"master_deck":["Strike_B","Strike_B","Strike_B","Strike_B","Defend_B","Defend_B","Defend_B","Defend_B","Zap","Capacitor","Barrage","White Noise","Sunder","Ball Lightning","Stack","Barrage","Stack","Fusion"],"relics":["Cracked Core","Kunai","Peace Pipe","Tiny Chest"],"potions_floor_usage":[4,11,14],"damage_taken":[{"damage":1,"enemies":"Cultist","floor":1,"turns":4},{"damage":5,"enemies":"Small Slimes","floor":2,"turns":3},{"damage":2,"enemies":"Jaw Worm","floor":3,"turns":3},{"damage":14,"enemies":"Exordium Thugs","floor":4,"turns":4},{"damage":1,"enemies":"2 Fungi Beasts","floor":5,"turns":3},{"damage":36,"enemies":"Gremlin Nob","floor":6,"turns":4},{"damage":30,"enemies":"Lagavulin","floor":8,"turns":7},{"damage":12,"enemies":"Lots of Slimes","floor":11,"turns":2},{"damage":23,"enemies":"Large Slime","floor":13,"turns":5},{"damage":12,"enemies":"2 Fungi Beasts","floor":14,"turns":2}],"seed_played":"4582502135453487709","potions_obtained":[{"floor":1,"key":"Explosive Potion"},{"floor":2,"key":"Dexterity Potion"},{"floor":8,"key":"EssenceOfSteel"},{"floor":11,"key":"Poison Potion"},{"floor":13,"key":"SkillPotion"}],"is_trial":false,"path_per_floor":["M","M","M","M","M","E","R","E","T","R","M","R","M","M"],"character_chosen":"DEFECT","items_purchased":[],"campfire_rested":3,"item_purchase_floors":[],"current_hp_per_floor":[67,62,60,46,45,9,31,1,1,23,11,33,10,0],"gold":259,"neow_bonus":"REMOVE_CARD","is_prod":false,"is_daily":false,"chose_seed":false,"campfire_upgraded":0,"win_rate":0,"timestamp":1546653988,"path_taken":["M","?","M","M","M","E","R","E","T","R","M","R","M","M"],"build_version":"2019-01-03v4","purchased_purges":0,"victory":false,"max_hp_per_floor":[75,75,75,75,75,75,75,75,75,75,75,75,75,75],"card_choices":[{"not_picked":["Steam","Auto Shields"],"picked":"Capacitor","floor":1},{"not_picked":["Go for the Eyes","Gash"],"picked":"Barrage","floor":2},{"not_picked":["Gash","Stack"],"picked":"White Noise","floor":3},{"not_picked":["Meteor Strike","Melter"],"picked":"Sunder","floor":4},{"not_picked":["Skim","Redo"],"picked":"Ball Lightning","floor":5},{"not_picked":["Turbo","Sunder"],"picked":"Stack","floor":6},{"not_picked":["Redo","Conserve Battery"],"picked":"Barrage","floor":8},{"not_picked":["Redo","Streamline"],"picked":"Stack","floor":11},{"not_picked":["Blizzard","Chaos"],"picked":"Fusion","floor":13}],"player_experience":372240,"relics_obtained":[{"floor":6,"key":"Kunai"},{"floor":8,"key":"Peace Pipe"},{"floor":9,"key":"Tiny Chest"}],"event_choices":[],"is_beta":false,"boss_relics":[],"items_purged_floors":[],"is_endless":false,"potions_floor_spawned":[1,2,8,11,13],"killed_by":"2 Fungi Beasts","ascension_level":7}