{"gold_per_floor":[116,116,191,211,261,261,299,299,350,350,371,371,391,434,434,529,529,542,542,542,104,119,119,119,119],"floor_reached":25,"playtime":1418,"items_purged":["Injury"],"score":418,"play_id":"e260acc4-eb00-408e-8b71-c768117adff9","local_time":"20181120132606","is_ascension_mode":true,"campfire_choices":[{"floor":6,"key":"REST"},{"data":"Dualcast","floor":8,"key":"SMITH"},{"floor":10,"key":"REST"},{"floor":12,"key":"REST"},{"data":"Buffer","floor":15,"key":"SMITH"},{"data":"Buffer","floor":23,"key":"SMITH"}],"neow_cost":"NONE","seed_source_timestamp":32279266296579,"circlet_count":0,"master_deck":["AscendersBane","Strike_B","Strike_B","Strike_B","Strike_B","Defend_B","Defend_B","Defend_B","Defend_B","Zap+1","Dualcast+1","BootSequence","Cold Snap","FTL","Buffer+1","Buffer+1","Ball Lightning","Flash of Steel","Self Repair+1","Barrage"],"relics":["Cracked Core","Golden Idol","DataDisk","Bronze Scales","Ornamental Fan","Inserter","Gremlin Horn"],"potions_floor_usage":[7,14,16,25],"damage_taken":[{"damage":3,"enemies":"Jaw Worm","floor":1,"turns":4},{"damage":10,"enemies":"Small Slimes","floor":4,"turns":4},{"damage":41,"enemies":"Lagavulin","floor":7,"turns":8},{"damage":2,"enemies":"Cultist","floor":11,"turns":4},{"damage":2,"enemies":"3 Louse","floor":13,"turns":2},{"damage":0,"enemies":"Gremlin Nob","floor":14,"turns":4},{"damage":23,"enemies":"Hexaghost","floor":16,"turns":9},{"damage":0,"enemies":"Spheric Guardian","floor":18,"turns":4},{"damage":0,"enemies":"Chosen","floor":22,"turns":4},{"damage":64,"enemies":"Slavers","floor":25,"turns":5}],"seed_played":"7667308896577623670","potions_obtained":[{"floor":4,"key":"SpeedPotion"},{"floor":7,"key":"AttackPotion"},{"floor":13,"key":"PowerPotion"},{"floor":16,"key":"Poison Potion"}],"is_trial":false,"path_per_floor":["M","?","?","M","?","R","E","R","T","R","M","R","M","E","R","B",null,"M","?","?","$","M","R","?","E"],"character_chosen":"DEFECT","items_purchased":["Flash of Steel","Gremlin Horn"],"campfire_rested":3,"item_purchase_floors":[21,21],"current_hp_per_floor":[61,61,50,40,40,61,20,20,20,41,39,60,58,58,58,35,62,62,62,62,62,62,62,62,0],"gold":119,"neow_bonus":"UPGRADE_CARD","is_prod":false,"is_daily":false,"chose_seed":false,"campfire_upgraded":3,"win_rate":0,"timestamp":1542680766,"path_taken":["M","?","?","M","?","R","E","R","T","R","?","R","M","E","R","BOSS","M","?","?","$","M","R","?","E"],"build_version":"2018-11-15","purchased_purges":1,"victory":false,"max_hp_per_floor":[71,71,71,71,71,71,71,71,71,71,71,71,71,71,71,71,71,71,71,71,71,71,71,71,71],"card_choices":[{"not_picked":["Turbo","Skim"],"picked":"BootSequence","floor":1},{"not_picked":["Hello World","Gash","Aggregate"],"picked":"SKIP","floor":4},{"not_picked":["Hello World","Gash","Aggregate"],"picked":"SKIP","floor":4},{"not_picked":["Compile Driver","Ball Lightning"],"picked":"Cold Snap","floor":7},{"not_picked":["Leap","Stack"],"picked":"FTL","floor":11},{"not_picked":["Scrape","Gash"],"picked":"Buffer","floor":13},{"not_picked":["Leap","Rip and Tear","Fusion"],"picked":"SKIP","floor":14},{"not_picked":["Thunder Strike","Meteor Strike"],"picked":"Buffer","floor":16},{"not_picked":["Doom and Gloom+1","Aggregate"],"picked":"Ball Lightning","floor":18},{"not_picked":["Conserve Battery","Skim"],"picked":"Self Repair+1","floor":22}],"player_experience":895486,"relics_obtained":[{"floor":7,"key":"DataDisk"},{"floor":9,"key":"Bronze Scales"},{"floor":14,"key":"Ornamental Fan"}],"event_choices":[{"damage_healed":0,"gold_gain":0,"player_choice":"Take Wound","damage_taken":0,"relics_obtained":["Golden Idol"],"max_hp_gain":0,"max_hp_loss":0,"event_name":"Golden Idol","floor":2,"gold_loss":0,"cards_obtained":["Injury"]},{"damage_healed":0,"gold_gain":75,"player_choice":"Gather Gold","damage_taken":11,"max_hp_gain":0,"max_hp_loss":0,"event_name":"World of Goop","floor":3,"gold_loss":0},{"damage_healed":0,"gold_gain":50,"player_choice":"Pray","damage_taken":0,"max_hp_gain":0,"max_hp_loss":0,"event_name":"Golden Shrine","floor":5,"gold_loss":0},{"damage_healed":0,"gold_gain":0,"player_choice":"Ignored","damage_taken":0,"max_hp_gain":0,"max_hp_loss":0,"event_name":"Vampires","floor":19,"gold_loss":0},{"damage_healed":0,"gold_gain":0,"player_choice":"Ignored","damage_taken":0,"max_hp_gain":0,"max_hp_loss":0,"event_name":"Ghosts","floor":20,"gold_loss":0},{"damage_healed":0,"gold_gain":0,"player_choice":"Read","damage_taken":0,"max_hp_gain":0,"max_hp_loss":0,"event_name":"The Library","floor":24,"gold_loss":0,"cards_obtained":["Barrage"]}],"is_beta":true,"boss_relics":[{"not_picked":["White Beast Statue","Nuclear Battery"],"picked":"Inserter"}],"items_purged_floors":[21],"is_endless":false,"potions_floor_spawned":[4,7,13,16],"killed_by":"Slavers","ascension_level":16}