{"path_per_floor":["M","?","M","$","M","E","M","R","T","E","?","E","$","M","R","B",null,"M","?","?","$","?","R","E","M","T"],"character_chosen":"DEFECT","items_purchased":["Genetic Algorithm","Machine Learning","Heatsinks","Pen Nib"],"gold_per_floor":[215,215,238,129,154,193,213,213,213,252,252,290,144,158,158,284,284,300,300,300,110,35,35,75,93,93,93],"floor_reached":27,"campfire_rested":2,"playtime":2187,"item_purchase_floors":[4,13,21,21],"current_hp_per_floor":[71,71,69,69,64,28,20,42,42,15,15,8,8,7,29,14,75,37,37,25,25,25,25,18,25,25,0],"items_purged":["Injury"],"gold":93,"score":324,"play_id":"8add782e-781f-49a3-b04d-3dae444e5416","local_time":"20180603231647","is_prod":false,"is_daily":false,"chose_seed":false,"is_ascension_mode":true,"campfire_upgraded":1,"win_rate":0,"timestamp":1528085807,"campfire_choices":[{"floor":8,"key":"REST"},{"floor":15,"key":"REST"},{"data":"Machine Learning","floor":23,"key":"SMITH"}],"path_taken":["M","?","M","$","?","E","M","R","T","E","?","E","?","?","R","BOSS","M","?","?","$","?","R","E","?","T","E"],"build_version":"2018-05-31","seed_source_timestamp":1392312500454372,"purchased_purges":1,"victory":false,"master_deck":["Defend_B","Defend_B","Defend_B","Zap","Dualcast","Conserve Battery","Genetic Algorithm","Chill","Creative AI+1","Conserve Battery","Self Repair","Steam","Machine Learning+1","Streamline","Steam","Creative AI","Streamline","Ghostly","Ghostly","Ghostly","Ghostly","Ghostly","Bite","Bite","Bite","Bite","Bite","Heatsinks","Aggregate","Ball Lightning"],"max_hp_per_floor":[75,75,75,75,75,75,75,75,75,75,75,75,75,75,75,75,75,75,37,25,25,25,25,25,25,25,25],"relics":["Cracked Core","Golden Idol","Matryoshka","Dream Catcher","Kunai","Bottled Tornado","Du-Vu Doll","Black Star","Pen Nib","Anchor","Oddly Smooth Stone","Orichalcum","Art of War"],"card_choices":[{"not_picked":["Auto Shields","Redo","Turbo"],"picked":"SKIP","floor":1},{"not_picked":["Melter","Static Discharge"],"picked":"Conserve Battery","floor":3},{"not_picked":["Loop","Cold Snap"],"picked":"Chill","floor":5},{"not_picked":["Barrage","Rebound"],"picked":"Creative AI","floor":6},{"not_picked":["Tempest","Gash"],"picked":"Conserve Battery","floor":7},{"not_picked":["Scrape","Chill"],"picked":"Self Repair","floor":10},{"not_picked":["Sweeping Beam","Storm"],"picked":"Steam","floor":12},{"not_picked":["Turbo","Coolheaded"],"picked":"Streamline","floor":14},{"not_picked":["Lockon","Auto Shields"],"picked":"Steam","floor":15},{"not_picked":["Hyperbeam","Meteor Strike"],"picked":"Creative AI","floor":16},{"not_picked":["Beam Cell+1","Recycle"],"picked":"Streamline","floor":18},{"not_picked":["Go for the Eyes","Auto Shields"],"picked":"Aggregate","floor":24},{"not_picked":["Gash","Leap"],"picked":"Ball Lightning","floor":25}],"player_experience":235176,"potions_floor_usage":[5,7,12,12,16,27],"damage_taken":[{"damage":4,"enemies":"Small Slimes","floor":1,"turns":3},{"damage":2,"enemies":"Jaw Worm","floor":3,"turns":4},{"damage":5,"enemies":"Cultist","floor":5,"turns":3},{"damage":36,"enemies":"Lagavulin","floor":6,"turns":9},{"damage":8,"enemies":"Lots of Slimes","floor":7,"turns":5},{"damage":27,"enemies":"3 Sentries","floor":10,"turns":8},{"damage":14,"enemies":"Gremlin Nob","floor":12,"turns":6},{"damage":1,"enemies":"Blue Slaver","floor":14,"turns":5},{"damage":22,"enemies":"Hexaghost","floor":16,"turns":10},{"damage":45,"enemies":"Shell Parasite","floor":18,"turns":11},{"damage":25,"enemies":"Slavers","floor":24,"turns":9},{"damage":14,"enemies":"3 Byrds","floor":25,"turns":9},{"damage":33,"enemies":"Gremlin Leader","floor":27,"turns":7}],"relics_obtained":[{"floor":6,"key":"Matryoshka"},{"floor":9,"key":"Dream Catcher"},{"floor":9,"key":"Kunai"},{"floor":10,"key":"Bottled Tornado"},{"floor":12,"key":"Du-Vu Doll"},{"floor":24,"key":"Anchor"},{"floor":24,"key":"Oddly Smooth Stone"},{"floor":26,"key":"Orichalcum"},{"floor":26,"key":"Art of War"}],"event_choices":[{"event_name":"Golden Idol","player_choice":"Take Wound","floor":2,"damage_taken":0},{"event_name":"Living Wall","player_choice":"Grow","floor":11,"damage_taken":0},{"event_name":"Ghosts","player_choice":"Became a Ghost","floor":19,"damage_taken":0},{"event_name":"Vampires","player_choice":"Became a vampire","floor":20,"damage_taken":0},{"event_name":"Beggar","player_choice":"Gave Gold","floor":22,"damage_taken":0}],"boss_relics":[{"not_picked":["Eternal Feather","Sozu"],"picked":"Black Star"}],"items_purged_floors":[4],"potions_floor_spawned":[1,3,5,10,14,25],"seed_played":"5353065375954767075","killed_by":"Gremlin Leader","ascension_level":2,"potions_obtained":[{"floor":1,"key":"Block Potion"},{"floor":3,"key":"FearPotion"},{"floor":5,"key":"SteroidPotion"},{"floor":10,"key":"AttackPotion"},{"floor":14,"key":"SteroidPotion"},{"floor":25,"key":"GamblersBrew"}],"is_trial":false}