{"gold_per_floor":[117,137,137,137,152,182,182,182,209,209,228,228,258,272,272,368,368,385,385,403,420,36,36,36,36,113,126,126,146,181,181,181,286,286,304,304,321,340,360,360,372,388,411,431,168,168,0,12,12,12,12,12,12,43,43],"floor_reached":56,"playtime":2720,"items_purged":["Strike_R","Strike_R"],"score":1181,"play_id":"0e2a3657-dc82-4042-a8db-d09e74208b0b","local_time":"20190124211258","is_ascension_mode":false,"campfire_choices":[{"data":"Body Slam","floor":7,"key":"SMITH"},{"floor":10,"key":"REST"},{"data":"Iron Wave","floor":12,"key":"SMITH"},{"floor":15,"key":"REST"},{"data":"Juggernaut","floor":23,"key":"SMITH"},{"floor":32,"key":"REST"},{"floor":40,"key":"RECALL"},{"data":"Barricade","floor":46,"key":"SMITH"},{"floor":49,"key":"REST"},{"data":"Metallicize","floor":52,"key":"SMITH"}],"neow_cost":"NONE","seed_source_timestamp":1216730554186504,"circlet_count":0,"master_deck":["Strike_R","Strike_R","Defend_R","Defend_R","Defend_R","Defend_R+1","Bash+1","Pommel Strike","Iron Wave+1","Body Slam+1","Battle Trance","Spot Weakness+1","Rage+1","Disarm+1","Dual Wield+1","Juggernaut+1","Shrug It Off+1","Shockwave+1","Sword Boomerang+1","Metallicize+1","Barricade+1","Seeing Red+1","Entrench+1","True Grit+1","Shrug It Off+1","Limit Break+1","Metallicize","Armaments+1"],"relics":["Burning Blood","Pear","Toxic Egg 2","Bronze Scales","Centennial Puzzle","Velvet Choker","Letter Opener","Singing Bowl","Shuriken","Omamori","Lizard Tail","Red Mask","Bag of Preparation"],"potions_floor_usage":[13,13,38,50,55,55,55],"damage_taken":[{"damage":0,"enemies":"2 Louse","floor":1,"turns":3},{"damage":1,"enemies":"Jaw Worm","floor":2,"turns":3},{"damage":10,"enemies":"Small Slimes","floor":5,"turns":4},{"damage":58,"enemies":"Lagavulin","floor":6,"turns":7},{"damage":1,"enemies":"2 Fungi Beasts","floor":11,"turns":3},{"damage":32,"enemies":"Gremlin Nob","floor":13,"turns":4},{"damage":0,"enemies":"Gremlin Gang","floor":14,"turns":3},{"damage":3,"enemies":"Hexaghost","floor":16,"turns":9},{"damage":12,"enemies":"2 Thieves","floor":18,"turns":3},{"damage":0,"enemies":"Chosen","floor":20,"turns":4},{"damage":6,"enemies":"Centurion and Healer","floor":21,"turns":5},{"damage":8,"enemies":"Snecko","floor":27,"turns":5},{"damage":18,"enemies":"Snake Plant","floor":29,"turns":3},{"damage":9,"enemies":"Gremlin Leader","floor":30,"turns":4},{"damage":23,"enemies":"Automaton","floor":33,"turns":8},{"damage":0,"enemies":"3 Shapes","floor":35,"turns":5},{"damage":17,"enemies":"Orb Walker","floor":37,"turns":4},{"damage":8,"enemies":"Transient","floor":38,"turns":5},{"damage":1,"enemies":"Spire Growth","floor":39,"turns":5},{"damage":21,"enemies":"Sphere and 2 Shapes","floor":41,"turns":4},{"damage":20,"enemies":"Jaw Worm Horde","floor":42,"turns":5},{"damage":0,"enemies":"Maw","floor":44,"turns":7},{"damage":11,"enemies":"Spire Growth","floor":48,"turns":5},{"damage":37,"enemies":"Time Eater","floor":50,"turns":10},{"damage":26,"enemies":"Shield and Spear","floor":54,"turns":10},{"damage":76,"enemies":"The Heart","floor":55,"turns":9}],"seed_played":"-5284756210524073577","potions_obtained":[{"floor":2,"key":"Regen Potion"},{"floor":11,"key":"LiquidBronze"},{"floor":13,"key":"Poison Potion"},{"floor":14,"key":"Strength Potion"},{"floor":18,"key":"LiquidBronze"},{"floor":21,"key":"Explosive Potion"},{"floor":39,"key":"Block Potion"},{"floor":54,"key":"BloodPotion"}],"is_trial":false,"path_per_floor":["M","M","?","T","M","E","R","?","T","R","M","R","E","M","R","B",null,"M","?","M","M","$","R","?","?","T","M","T","M","E","?","R","B",null,"M","?","M","M","M","R","M","M","T","M","$","R","?","M","R","B",null,"R","$","E","B",null],"character_chosen":"IRONCLAD","items_purchased":["Metallicize","Letter Opener","Limit Break+1","Metallicize"],"campfire_rested":4,"item_purchase_floors":[22,22,45,45],"current_hp_per_floor":[80,80,80,90,86,34,34,16,16,43,48,48,34,40,67,70,90,84,84,90,90,90,90,90,90,90,90,90,80,79,60,90,73,101,101,101,90,90,95,95,80,68,68,76,76,76,76,71,103,72,107,107,107,89,29],"gold":43,"neow_bonus":"THREE_CARDS","is_prod":false,"is_daily":false,"chose_seed":false,"campfire_upgraded":5,"win_rate":0,"timestamp":1548331978,"path_taken":["M","M","?","?","M","E","R","?","T","R","M","R","E","M","R","BOSS","M","?","M","?","$","R","?","?","T","M","?","M","E","?","R","BOSS","M","?","?","M","M","R","M","M","T","M","$","R","?","M","R","BOSS","R","$","E","BOSS"],"build_version":"2019-01-23","purchased_purges":2,"victory":true,"max_hp_per_floor":[80,80,80,90,90,90,90,90,90,90,90,90,90,90,90,90,90,90,90,90,90,90,90,90,90,90,92,92,94,96,101,101,101,101,101,101,101,103,103,103,103,105,105,107,107,107,107,107,107,107,107,107,107,109,109],"card_choices":[{"not_picked":["True Grit","Twin Strike"],"picked":"Pommel Strike","floor":0},{"not_picked":["Flex","Wild Strike"],"picked":"Iron Wave","floor":1},{"not_picked":["Pommel Strike","Iron Wave"],"picked":"Body Slam","floor":2},{"not_picked":["Hemokinesis","Headbutt"],"picked":"Battle Trance","floor":5},{"not_picked":["Anger","Blood for Blood"],"picked":"Spot Weakness","floor":6},{"not_picked":["Perfected Strike","Feel No Pain"],"picked":"Rage+1","floor":11},{"not_picked":["Cleave","Burning Pact+1"],"picked":"Disarm+1","floor":13},{"not_picked":["Anger","Clothesline"],"picked":"Dual Wield+1","floor":14},{"not_picked":["Limit Break+1","Demon Form"],"picked":"Juggernaut","floor":16},{"not_picked":["Rampage","Clash"],"picked":"Shrug It Off+1","floor":18},{"not_picked":["Warcry+1","Hemokinesis"],"picked":"Shockwave+1","floor":20},{"not_picked":["Corruption","Warcry+1"],"picked":"Sword Boomerang+1","floor":21},{"not_picked":["Clothesline","Anger","Combust+1"],"picked":"Singing Bowl","floor":27},{"not_picked":["Twin Strike","Headbutt+1","Bloodletting+1"],"picked":"Singing Bowl","floor":29},{"not_picked":["Pummel","Searing Blow","Anger"],"picked":"Singing Bowl","floor":30},{"not_picked":["Reaper","Dark Embrace"],"picked":"Barricade","floor":33},{"not_picked":["Clothesline","Carnage"],"picked":"Seeing Red+1","floor":35},{"not_picked":["Dropkick","Shrug It Off+1"],"picked":"Entrench+1","floor":37},{"not_picked":["Reckless Charge","Heavy Blade","Rupture+1"],"picked":"Singing Bowl","floor":38},{"not_picked":["Clash","Seeing Red+1"],"picked":"True Grit+1","floor":39},{"not_picked":["Carnage","Corruption"],"picked":"Shrug It Off+1","floor":41},{"not_picked":["Dual Wield+1","Dropkick+1","Pommel Strike+1"],"picked":"Singing Bowl","floor":42},{"not_picked":["Whirlwind+1","Body Slam","Headbutt+1"],"picked":"Singing Bowl","floor":44},{"not_picked":["Metallicize+1","Reckless Charge"],"picked":"Armaments+1","floor":48},{"not_picked":["Whirlwind+1","Reckless Charge","Immolate"],"picked":"Singing Bowl","floor":54}],"player_experience":668353,"relics_obtained":[{"floor":4,"key":"Pear"},{"floor":6,"key":"Toxic Egg 2"},{"floor":9,"key":"Bronze Scales"},{"floor":13,"key":"Centennial Puzzle"},{"floor":26,"key":"Singing Bowl"},{"floor":28,"key":"Shuriken"},{"floor":30,"key":"Omamori"},{"floor":54,"key":"Bag of Preparation"}],"event_choices":[{"damage_healed":0,"gold_gain":0,"player_choice":"Ignored","damage_taken":0,"max_hp_gain":0,"max_hp_loss":0,"event_name":"Liars Game","floor":3,"gold_loss":0},{"damage_healed":0,"gold_gain":0,"player_choice":"Entered Light","damage_taken":18,"max_hp_gain":0,"max_hp_loss":0,"event_name":"Shining Light","floor":8,"gold_loss":0,"cards_upgraded":["Bash","Defend_R"]},{"damage_healed":0,"gold_gain":0,"player_choice":"0 cards matched","damage_taken":0,"max_hp_gain":0,"max_hp_loss":0,"event_name":"Match and Keep!","floor":19,"gold_loss":0,"cards_obtained":[]},{"damage_healed":0,"gold_gain":0,"player_choice":"Ignored","damage_taken":0,"max_hp_gain":0,"max_hp_loss":0,"event_name":"Beggar","floor":24,"gold_loss":0},{"damage_healed":0,"gold_gain":0,"player_choice":"Ignored","damage_taken":0,"max_hp_gain":0,"max_hp_loss":0,"event_name":"Vampires","floor":25,"gold_loss":0},{"damage_healed":0,"gold_gain":0,"player_choice":"Shed Blood","damage_taken":24,"max_hp_gain":5,"max_hp_loss":0,"event_name":"Forgotten Altar","floor":31,"gold_loss":0},{"cards_removed":["Strike_R"],"damage_healed":0,"gold_gain":0,"player_choice":"Purged","damage_taken":0,"max_hp_gain":0,"max_hp_loss":0,"event_name":"Purifier","floor":36,"gold_loss":0},{"damage_healed":0,"gold_gain":0,"player_choice":"Paid","damage_taken":0,"relics_obtained":["Red Mask"],"max_hp_gain":0,"max_hp_loss":0,"event_name":"Tomb of Lord Red Mask","floor":47,"gold_loss":168}],"is_beta":false,"boss_relics":[{"not_picked":["Coffee Dripper","Eternal Feather"],"picked":"Velvet Choker"},{"not_picked":["Calling Bell","Runic Dome"],"picked":"Lizard Tail"}],"items_purged_floors":[22,45],"is_endless":false,"potions_floor_spawned":[2,11,13,14,18,21,27,39,41,42,48,54],"ascension_level":0}