{"gold_per_floor":[112,112,60,72,85,85,117,117,117,152,152,162,162,193,193,271,271,281,281,293,311,311],"floor_reached":22,"playtime":802,"items_purged":[],"score":457,"play_id":"91c9f14a-33c7-4350-892a-2251418e8808","local_time":"20181115095852","is_ascension_mode":true,"campfire_choices":[{"data":"Defragment","floor":6,"key":"SMITH"},{"floor":8,"key":"REST"},{"floor":13,"key":"REST"},{"floor":15,"key":"REST"}],"neow_cost":"NONE","seed_source_timestamp":1453324856314306,"circlet_count":0,"master_deck":["AscendersBane","Strike_B","Strike_B","Strike_B","Strike_B","Defend_B","Defend_B","Defend_B","Defend_B","Zap+1","Dualcast","Gash","Sweeping Beam","Gash","Defragment+1","All For One","Ball Lightning","Beam Cell","Multi-Cast","Rip and Tear+1","Coolheaded+1","Undo"],"special_seed":0,"relics":["Cracked Core","Strawberry","Unceasing Top","Bottled Flame","Omamori","Smiling Mask","Nuclear Battery"],"potions_floor_usage":[14,16,20,21],"damage_taken":[{"damage":2,"enemies":"Jaw Worm","floor":1,"turns":3},{"damage":0,"enemies":"Cultist","floor":4,"turns":3},{"damage":8,"enemies":"2 Louse","floor":5,"turns":3},{"damage":32,"enemies":"Gremlin Nob","floor":7,"turns":4},{"damage":25,"enemies":"Lagavulin","floor":10,"turns":4},{"damage":14,"enemies":"Red Slaver","floor":12,"turns":2},{"damage":25,"enemies":"3 Sentries","floor":14,"turns":5},{"damage":0,"enemies":"Slime Boss","floor":16,"turns":6},{"damage":7,"enemies":"Chosen","floor":18,"turns":4},{"damage":20,"enemies":"Shell Parasite","floor":20,"turns":5},{"damage":25,"enemies":"Shelled Parasite and Fungi","floor":21,"turns":4},{"damage":12,"enemies":"Snake Plant","floor":22,"turns":2}],"seed_played":"-374193501140305649","potions_obtained":[{"floor":5,"key":"Ancient Potion"},{"floor":10,"key":"Energy Potion"},{"floor":14,"key":"FearPotion"},{"floor":18,"key":"SkillPotion"},{"floor":21,"key":"FocusPotion"}],"is_trial":false,"path_per_floor":["M","?","$","M","M","R","E","R","T","E","?","M","R","E","R","B",null,"M","?","M","M","M"],"character_chosen":"DEFECT","items_purchased":["Sweeping Beam"],"campfire_rested":3,"item_purchase_floors":[3],"current_hp_per_floor":[69,69,69,69,61,61,29,52,52,27,23,9,32,7,30,30,66,59,52,32,7,0],"gold":311,"neow_bonus":"RANDOM_COMMON_RELIC","is_prod":false,"is_daily":false,"chose_seed":false,"campfire_upgraded":1,"win_rate":0,"timestamp":1542304732,"path_taken":["M","?","?","M","?","R","E","R","T","E","?","?","R","E","R","BOSS","M","?","M","M","?"],"build_version":"2018-11-08","purchased_purges":0,"victory":false,"max_hp_per_floor":[78,78,78,78,78,78,78,78,78,78,78,78,78,78,78,78,78,78,78,78,78,78],"card_choices":[{"not_picked":["Leap","Recycle"],"picked":"Gash","floor":1},{"not_picked":["BootSequence","Turbo"],"picked":"Gash","floor":4},{"not_picked":["Hello World","Stack"],"picked":"Defragment","floor":5},{"not_picked":["Beam Cell","Barrage"],"picked":"All For One","floor":7},{"not_picked":["BootSequence","Hologram"],"picked":"Ball Lightning","floor":10},{"not_picked":["Streamline","Fusion","Compile Driver"],"picked":"SKIP","floor":12},{"not_picked":["FTL","Conserve Battery"],"picked":"Beam Cell","floor":14},{"not_picked":["Hyperbeam","Thunder Strike"],"picked":"Multi-Cast","floor":16},{"not_picked":["Tempest","Scrape+1"],"picked":"Rip and Tear+1","floor":18},{"not_picked":["Sweeping Beam","Lockon"],"picked":"Coolheaded+1","floor":20},{"not_picked":["Consume","BootSequence"],"picked":"Undo","floor":21}],"player_experience":1294057,"relics_obtained":[{"floor":7,"key":"Unceasing Top"},{"floor":9,"key":"Bottled Flame"},{"floor":10,"key":"Omamori"},{"floor":14,"key":"Smiling Mask"}],"event_choices":[{"damage_healed":0,"gold_gain":0,"player_choice":"Forge","damage_taken":0,"max_hp_gain":0,"max_hp_loss":0,"event_name":"Accursed Blacksmith","floor":2,"gold_loss":0,"cards_upgraded":["Zap"]},{"damage_healed":0,"gold_gain":0,"player_choice":"Bought 0 Potions","damage_taken":0,"max_hp_gain":0,"max_hp_loss":0,"event_name":"The Woman in Blue","floor":11,"gold_loss":0},{"damage_healed":0,"gold_gain":0,"player_choice":"","damage_taken":7,"max_hp_gain":0,"max_hp_loss":0,"event_name":"Knowing Skull","floor":19,"potions_obtained":[],"gold_loss":0,"cards_obtained":[]}],"is_beta":false,"boss_relics":[{"not_picked":["Tiny House","Velvet Choker"],"picked":"Nuclear Battery"}],"items_purged_floors":[],"is_endless":false,"potions_floor_spawned":[5,10,14,18,21],"killed_by":"Snake Plant","ascension_level":16}