{"path_per_floor":["M","M","?","M","M","R","?","T","T","R","M","$","M","E","R","B",null,"M","$","M","M","M","R"],"character_chosen":"IRONCLAD","items_purchased":["Shrug It Off"],"gold_per_floor":[118,133,133,143,156,156,156,206,206,206,220,94,107,137,137,235,235,245,145,155,170,189,189,189],"floor_reached":24,"campfire_rested":0,"playtime":1879,"item_purchase_floors":[12],"current_hp_per_floor":[71,73,78,83,56,56,56,56,56,56,62,62,68,65,65,52,77,83,83,76,77,75,75,0],"items_purged":["Strike_R","Defend_R"],"gold":189,"score":280,"play_id":"ef32996f-30b3-4ff4-bf4d-49e66124fecf","local_time":"20180611161725","is_prod":false,"is_daily":false,"chose_seed":false,"is_ascension_mode":true,"campfire_upgraded":4,"win_rate":0,"timestamp":1528759045,"campfire_choices":[{"data":"Armaments","floor":6,"key":"SMITH"},{"data":"Whirlwind","floor":10,"key":"SMITH"},{"data":"Rampage","floor":15,"key":"SMITH"},{"data":"Clothesline","floor":23,"key":"SMITH"}],"path_taken":["M","M","?","M","M","R","?","?","T","R","?","$","M","E","R","BOSS","M","?","M","?","M","R","E"],"build_version":"2018-06-07v3","seed_source_timestamp":1823049966950998,"purchased_purges":2,"victory":false,"master_deck":["Strike_R","Strike_R","Strike_R","Defend_R","Defend_R","Defend_R","Bash","Sword Boomerang","Armaments+1","Whirlwind+1","Shrug It Off","Clothesline+1","Shrug It Off","Rampage+1","Ghostly Armor","Limit Break","Shrug It Off","Headbutt"],"max_hp_per_floor":[80,80,85,85,85,85,85,85,85,85,85,85,85,85,85,85,85,85,85,85,85,85,85,85],"relics":["Burning Blood","Bronze Scales","Bottled Flame","Anchor","Velvet Choker"],"card_choices":[{"not_picked":["Anger","Wild Strike"],"picked":"Sword Boomerang","floor":1},{"not_picked":["Headbutt","Pommel Strike"],"picked":"Armaments","floor":2},{"not_picked":["Intimidate","Warcry"],"picked":"Whirlwind","floor":4},{"not_picked":["Intimidate","Twin Strike"],"picked":"Shrug It Off","floor":5},{"not_picked":["Cleave","Battle Trance"],"picked":"Clothesline","floor":11},{"not_picked":["Dropkick","Whirlwind"],"picked":"Rampage","floor":13},{"not_picked":["Flex","Rampage"],"picked":"Ghostly Armor","floor":14},{"not_picked":["Berserk","Double Tap"],"picked":"Limit Break","floor":16},{"not_picked":["Heavy Blade","Warcry"],"picked":"Shrug It Off","floor":18},{"not_picked":["Iron Wave","Clothesline"],"picked":"Headbutt","floor":20},{"not_picked":["Power Through+1","Exhume","Hemokinesis"],"picked":"SKIP","floor":21},{"not_picked":["Headbutt","Warcry","Shrug It Off"],"picked":"SKIP","floor":22}],"player_experience":845909,"potions_floor_usage":[14,14,14],"damage_taken":[{"damage":7,"enemies":"Small Slimes","floor":1,"turns":4},{"damage":4,"enemies":"2 Louse","floor":2,"turns":3},{"damage":1,"enemies":"Cultist","floor":4,"turns":4},{"damage":33,"enemies":"Exordium Wildlife","floor":5,"turns":5},{"damage":0,"enemies":"Blue Slaver","floor":11,"turns":5},{"damage":0,"enemies":"Lots of Slimes","floor":13,"turns":1},{"damage":24,"enemies":"Lagavulin","floor":14,"turns":7},{"damage":19,"enemies":"The Guardian","floor":16,"turns":13},{"damage":0,"enemies":"3 Byrds","floor":18,"turns":4},{"damage":13,"enemies":"2 Thieves","floor":20,"turns":3},{"damage":5,"enemies":"Snecko","floor":21,"turns":4},{"damage":8,"enemies":"Centurion and Healer","floor":22,"turns":7},{"damage":81,"enemies":"Gremlin Leader","floor":24,"turns":9}],"relics_obtained":[{"floor":8,"key":"Bronze Scales"},{"floor":9,"key":"Bottled Flame"},{"floor":14,"key":"Anchor"}],"event_choices":[{"event_name":"Big Fish","player_choice":"Donut","floor":3,"damage_taken":0},{"event_name":"The Woman in Blue","player_choice":"Bought 0 Potions","floor":7,"damage_taken":0}],"boss_relics":[{"not_picked":["Eternal Feather","Runic Cube"],"picked":"Velvet Choker"}],"items_purged_floors":[12,19],"potions_floor_spawned":[4,5,13,21],"seed_played":"-6597349490820472501","killed_by":"Gremlin Leader","ascension_level":8,"potions_obtained":[{"floor":4,"key":"Dexterity Potion"},{"floor":5,"key":"AttackPotion"},{"floor":13,"key":"Regen Potion"},{"floor":21,"key":"GamblersBrew"}],"is_trial":false}