{"gold_per_floor":[361,36,50,65,65,91,14,14,14,48,48,67,87,103,103,174,174,190,29,39,49,49,75,75,75,98,48,48,48,79,79,79,79],"floor_reached":33,"playtime":1161,"items_purged":["Shame","Decay"],"score":487,"play_id":"7b33465f-247f-4b9b-b245-dc58fb066ae4","local_time":"20181219231414","is_ascension_mode":true,"campfire_choices":[{"floor":8,"key":"REST"},{"floor":15,"key":"REST"},{"floor":25,"key":"REST"},{"floor":29,"key":"REST"},{"floor":32,"key":"REST"}],"neow_cost":"CURSE","seed_source_timestamp":431596784332584,"circlet_count":0,"master_deck":["AscendersBane","Strike_B","Strike_B","Strike_B","Strike_B","Defend_B","Defend_B","Defend_B","Defend_B","Zap","Dualcast","Cold Snap","Apotheosis+1","Sweeping Beam","Glacier","Hologram","Self Repair","Sunder","Leap","Reinforced Body","FTL","Rainbow","Capacitor","Capacitor","Biased Cognition"],"special_seed":0,"relics":["Cracked Core","Membership Card","Letter Opener","Boot","PreservedInsect","Nuclear Battery","Question Card","Blue Candle","Centennial Puzzle","StoneCalendar"],"potions_floor_usage":[10,13,16,22,30,33,33],"damage_taken":[{"damage":0.0,"enemies":"Small Slimes","floor":1.0,"turns":2.0},{"damage":0.0,"enemies":"Cultist","floor":3.0,"turns":3.0},{"damage":1.0,"enemies":"Jaw Worm","floor":4.0,"turns":4.0},{"damage":53,"enemies":"Gremlin Nob","floor":6,"turns":5},{"damage":6,"enemies":"Lagavulin","floor":10,"turns":6},{"damage":16,"enemies":"Large Slime","floor":12,"turns":5},{"damage":17,"enemies":"Exordium Thugs","floor":13,"turns":5},{"damage":0,"enemies":"Looter","floor":14,"turns":3},{"damage":3,"enemies":"The Guardian","floor":16,"turns":13},{"damage":31,"enemies":"Chosen","floor":18,"turns":6},{"damage":23,"enemies":"Shell Parasite","floor":20,"turns":6},{"damage":9,"enemies":"Centurion and Healer","floor":21,"turns":8},{"damage":0,"enemies":"Snake Plant","floor":22,"turns":2},{"damage":29,"enemies":"Book of Stabbing","floor":23,"turns":5},{"damage":54,"enemies":"Gremlin Leader","floor":30,"turns":6},{"damage":37,"enemies":"Automaton","floor":33,"turns":6}],"seed_played":"-5504384736742863257","potions_obtained":[{"floor":4.0,"key":"SkillPotion"},{"floor":10,"key":"Fire Potion"},{"floor":12,"key":"SmokeBomb"},{"floor":13,"key":"Strength Potion"},{"floor":14,"key":"Energy Potion"},{"floor":23,"key":"Poison Potion"},{"floor":31,"key":"FocusPotion"},{"floor":31,"key":"Energy Potion"}],"is_trial":false,"path_per_floor":["M","$","M","M","?","E","$","R","T","E","$","M","M","M","R","B",null,"M","$","M","M","M","E","?","R","T","$","?","R","E","?","R","B"],"character_chosen":"DEFECT","items_purchased":["Membership Card","Apotheosis","Sweeping Beam","Self Repair","Capacitor","Question Card"],"campfire_rested":5,"item_purchase_floors":[2,2,2,7,19,19],"current_hp_per_floor":[68,68,68,67,67,14,14,36,36,40,40,31,21,21,43,50,69,48,48,35,36,36,14,14,36,36,36,36,58,14,14,36,0],"gold":79,"neow_bonus":"TWO_FIFTY_GOLD","is_prod":false,"is_daily":false,"chose_seed":false,"campfire_upgraded":0,"win_rate":0,"timestamp":1545286454,"path_taken":["M","$","M","M","?","E","?","R","T","E","$","M","M","M","R","BOSS","M","$","M","M","M","E","?","R","T","$","?","R","E","?","R","BOSS"],"build_version":"2018-12-13","purchased_purges":2,"victory":false,"max_hp_per_floor":[75,75,75,75,75,75,75,75,75,75,75,75,75,75,75,75,75,75,75,75,75,75,75,75,75,75,75,75,75,75,75,75,75],"card_choices":[{"not_picked":["Conserve Battery","Ball Lightning"],"picked":"Cold Snap","floor":1.0},{"not_picked":["Self Repair","Hello World"],"picked":"Glacier","floor":3.0},{"not_picked":["Consume","Compile Driver"],"picked":"Hologram","floor":4.0},{"not_picked":["Stack","Chaos","Beam Cell"],"picked":"SKIP","floor":6},{"not_picked":["Chaos","Sweeping Beam"],"picked":"Sunder","floor":10},{"not_picked":["Coolheaded","Steam"],"picked":"Leap","floor":12},{"not_picked":["Sweeping Beam","Lockon"],"picked":"Reinforced Body","floor":13},{"not_picked":["Leap","Chaos"],"picked":"FTL","floor":14},{"not_picked":["Biased Cognition","Multi-Cast"],"picked":"Rainbow","floor":16},{"not_picked":["Streamline","Beam Cell","Compile Driver"],"picked":"SKIP","floor":18},{"not_picked":["Leap","Barrage+1","Stack","Doom and Gloom"],"picked":"SKIP","floor":20},{"not_picked":["Hologram","Multi-Cast","Heatsinks"],"picked":"Capacitor","floor":21},{"not_picked":["Coolheaded","Doom and Gloom","Steam Power+1"],"picked":"Biased Cognition","floor":23},{"not_picked":["Fusion","Melter","Coolheaded","Gash"],"picked":"SKIP","floor":30}],"player_experience":713067,"relics_obtained":[{"floor":6,"key":"Letter Opener"},{"floor":9,"key":"Boot"},{"floor":10,"key":"PreservedInsect"},{"floor":23,"key":"Blue Candle"},{"floor":26,"key":"Centennial Puzzle"},{"floor":30,"key":"StoneCalendar"}],"event_choices":[{"damage_healed":0.0,"max_hp_gain":0.0,"max_hp_loss":0.0,"gold_gain":0.0,"event_name":"Upgrade Shrine","player_choice":"Upgraded","floor":5.0,"gold_loss":0.0,"damage_taken":0.0,"cards_upgraded":["Apotheosis"]},{"damage_healed":0,"gold_gain":0,"player_choice":"Smashed Altar","damage_taken":0,"max_hp_gain":0,"max_hp_loss":0,"event_name":"Forgotten Altar","floor":24,"gold_loss":0,"cards_obtained":["Decay"]},{"damage_healed":0,"gold_gain":0,"player_choice":"Ignored","damage_taken":0,"max_hp_gain":0,"max_hp_loss":0,"event_name":"Ghosts","floor":28,"gold_loss":0},{"damage_healed":0,"gold_gain":0,"player_choice":"Got Potions","damage_taken":0,"max_hp_gain":0,"max_hp_loss":0,"event_name":"Lab","floor":31,"gold_loss":0}],"is_beta":false,"boss_relics":[{"not_picked":["Coffee Dripper","Astrolabe"],"picked":"Nuclear Battery"}],"items_purged_floors":[7,27],"is_endless":false,"potions_floor_spawned":[4,10,12,13,14,22,23],"killed_by":"Automaton","ascension_level":13}