{"gold_per_floor":[116,41,56,66,78,109,109,109,134,55,55,68,79,79],"floor_reached":14,"playtime":400,"items_purged":[],"score":184,"play_id":"731ac08a-c987-4dac-b2b5-4c4ec6e71466","local_time":"20181118005007","is_ascension_mode":true,"campfire_choices":[{"data":"Zap","floor":7,"key":"SMITH"},{"floor":11,"key":"REST"}],"neow_cost":"NONE","seed_source_timestamp":775515527725735,"circlet_count":0,"master_deck":["AscendersBane","Strike_B","Strike_B","Defend_B","Defend_B","Defend_B","Defend_B","Zap+1","Dualcast","Trip","Chaos","Ball Lightning","Doom and Gloom","Go for the Eyes","FTL","White Noise","Conserve Battery","Leap"],"relics":["Cracked Core","Pen Nib","Orichalcum"],"potions_floor_usage":[5,6,14],"damage_taken":[{"damage":4,"enemies":"Small Slimes","floor":1,"turns":3},{"damage":4,"enemies":"Jaw Worm","floor":3,"turns":4},{"damage":9,"enemies":"2 Louse","floor":4,"turns":2},{"damage":0,"enemies":"Gremlin Gang","floor":5,"turns":2},{"damage":25,"enemies":"Lagavulin","floor":6,"turns":7},{"damage":12,"enemies":"Looter","floor":12,"turns":3},{"damage":5,"enemies":"Blue Slaver","floor":13,"turns":3},{"damage":19,"enemies":"3 Sentries","floor":14,"turns":4}],"seed_played":"1661291557463053003","potions_obtained":[{"floor":3,"key":"AttackPotion"},{"floor":4,"key":"Strength Potion"},{"floor":6,"key":"Weak Potion"},{"floor":13,"key":"LiquidBronze"}],"is_trial":false,"path_per_floor":["M","?","M","M","M","E","R","?","T","$","R","M","M","E"],"character_chosen":"DEFECT","items_purchased":["White Noise"],"campfire_rested":1,"item_purchase_floors":[10],"current_hp_per_floor":[60,60,56,47,47,22,22,15,15,15,36,24,19,0],"gold":79,"neow_bonus":"RANDOM_COLORLESS","is_prod":false,"is_daily":false,"chose_seed":false,"campfire_upgraded":1,"win_rate":0,"timestamp":1542531007,"path_taken":["M","?","M","M","M","E","R","?","T","?","R","M","M","E"],"build_version":"2018-11-15","purchased_purges":0,"victory":false,"max_hp_per_floor":[71,71,71,71,71,71,71,71,71,71,71,71,71,71],"card_choices":[{"not_picked":["Storm","Heatsinks"],"picked":"Chaos","floor":1},{"not_picked":["Steam","Lockon"],"picked":"Ball Lightning","floor":3},{"not_picked":["Leap","Barrage"],"picked":"Doom and Gloom","floor":4},{"not_picked":["Scrape","Hologram"],"picked":"Go for the Eyes","floor":5},{"not_picked":["Ball Lightning","Hologram"],"picked":"FTL","floor":6},{"not_picked":["FTL","Redo"],"picked":"Conserve Battery","floor":12},{"not_picked":["Recycle","Doom and Gloom"],"picked":"Leap","floor":13}],"player_experience":943666,"relics_obtained":[{"floor":6,"key":"Pen Nib"},{"floor":9,"key":"Orichalcum"}],"event_choices":[{"cards_removed":["Strike_B"],"damage_healed":0,"gold_gain":0,"player_choice":"Card Removal","damage_taken":0,"max_hp_gain":0,"max_hp_loss":0,"event_name":"The Cleric","floor":2,"gold_loss":75},{"cards_removed":["Strike_B"],"damage_healed":0,"gold_gain":0,"player_choice":"Card Removal","damage_taken":7,"max_hp_gain":0,"max_hp_loss":0,"event_name":"Golden Wing","floor":8,"gold_loss":0}],"is_beta":true,"boss_relics":[],"items_purged_floors":[],"is_endless":false,"potions_floor_spawned":[3,4,6,13],"killed_by":"3 Sentries","ascension_level":20}