{"gold_per_floor":[124,411,0,0,36,70,70,70,96,96,10,22,22,22,22,22],"floor_reached":16,"playtime":465,"items_purged":[],"score":106,"play_id":"bfb57ef8-b3cb-4191-b016-9a51d5ead70d","local_time":"20190206172542","is_ascension_mode":true,"campfire_choices":[{"floor":7.0,"key":"REST"},{"floor":10.0,"key":"REST"},{"data":"Dramatic Entrance","floor":13,"key":"SMITH"},{"data":"Sucker Punch","floor":15,"key":"SMITH"}],"neow_cost":"NONE","seed_source_timestamp":0,"circlet_count":0,"master_deck":["Defend_G","Defend_G","Defend_G","Defend_G","Defend_G","Strike_G","Strike_G","Strike_G","Strike_G","Strike_G","Survivor","Neutralize","Heel Hook","Regret","HandOfGreed+1","Poisoned Stab","Sucker Punch+1","Dramatic Entrance+1","Quick Slash","Regret"],"special_seed":0,"relics":["Ring of the Snake","MawBank","Kunai","Frozen Egg 2","Matryoshka","Regal Pillow","Pen Nib","Toxic Egg 2"],"potions_floor_usage":[16],"damage_taken":[{"damage":0.0,"enemies":"Jaw Worm","floor":1.0,"turns":5.0},{"damage":2.0,"enemies":"Cultist","floor":5.0,"turns":4.0},{"damage":30.0,"enemies":"Gremlin Nob","floor":6.0,"turns":4.0},{"damage":0.0,"enemies":"Small Slimes","floor":12.0,"turns":2.0},{"damage":82,"enemies":"The Guardian","floor":16,"turns":11}],"seed_played":"7547671070436376265","potions_obtained":[{"floor":12,"key":"Explosive Potion"}],"is_trial":false,"path_per_floor":["M","?","$","?","M","E","R","?","T","R","$","M","R","?","R","B"],"character_chosen":"THE_SILENT","items_purchased":["Kunai","HandOfGreed","Dramatic Entrance"],"campfire_rested":2,"item_purchase_floors":[3,3,11],"current_hp_per_floor":[70,70,70,63,61,31,52,52,52,70,70,70,70,70,70,0],"gold":22,"neow_bonus":"RANDOM_COMMON_RELIC","is_prod":false,"is_daily":false,"chose_seed":false,"campfire_upgraded":2,"win_rate":0,"timestamp":1549445142,"path_taken":["M","?","?","?","M","E","R","?","T","R","$","?","R","?","R","BOSS"],"build_version":"2019-01-23","purchased_purges":0,"victory":false,"max_hp_per_floor":[70,70,70,70,70,70,70,70,70,70,70,70,70,70,70,70],"card_choices":[{"not_picked":["Prepared","Blade Dance"],"picked":"Heel Hook","floor":1.0},{"not_picked":["Bane","Infinite Blades+1"],"picked":"Poisoned Stab","floor":5.0},{"not_picked":["Infinite Blades+1","Dagger Spray"],"picked":"Sucker Punch","floor":6.0},{"not_picked":["Eviscerate","Dagger Throw"],"picked":"Quick Slash","floor":12}],"player_experience":89010,"relics_obtained":[{"floor":6.0,"key":"Matryoshka"},{"floor":9.0,"key":"Regal Pillow"},{"floor":9.0,"key":"Pen Nib"}],"event_choices":[{"damage_healed":0.0,"max_hp_gain":0.0,"max_hp_loss":0.0,"gold_gain":275.0,"event_name":"Golden Shrine","player_choice":"Desecrate","floor":2.0,"gold_loss":0.0,"damage_taken":0.0,"cards_obtained":["Regret"]},{"damage_healed":0.0,"max_hp_gain":0.0,"max_hp_loss":0.0,"gold_gain":0.0,"event_name":"Scrap Ooze","player_choice":"Success","floor":4.0,"gold_loss":0.0,"damage_taken":7.0,"relics_obtained":["Frozen Egg 2"]},{"damage_healed":0.0,"max_hp_gain":0.0,"max_hp_loss":0.0,"gold_gain":0.0,"event_name":"Accursed Blacksmith","player_choice":"Forge","floor":8.0,"gold_loss":0.0,"damage_taken":0.0,"cards_upgraded":["HandOfGreed"]},{"damage_healed":0,"gold_gain":0,"player_choice":"Box","damage_taken":0,"relics_obtained":["Toxic Egg 2"],"max_hp_gain":0,"max_hp_loss":0,"event_name":"Big Fish","floor":14,"gold_loss":0,"cards_obtained":["Regret"]}],"is_beta":false,"boss_relics":[],"items_purged_floors":[],"is_endless":false,"potions_floor_spawned":[12],"killed_by":"The Guardian","ascension_level":2}