{"gold_per_floor":[115,115,134,32,32,62,62,95,95,95,95,105,105,123,123,197,197,213,1,1,1,16,16,35,35,58,58,70,80,106,20,20,93,93,106,106,0,16,27,27,39,71,71,71],"floor_reached":44,"playtime":1683,"items_purged":[],"score":932,"play_id":"5066169a-fbfb-4454-8c24-2ce116f31938","local_time":"20190107144010","is_ascension_mode":true,"campfire_choices":[{"floor":7,"key":"REST"},{"floor":11,"key":"REST"},{"data":"Zap","floor":13,"key":"SMITH"},{"data":"Static Discharge","floor":15,"key":"SMITH"},{"floor":23,"key":"REST"},{"floor":25,"key":"REST"},{"data":"Chill","floor":27,"key":"SMITH"},{"floor":32,"key":"REST"},{"floor":40,"key":"REST"}],"neow_cost":"TEN_PERCENT_HP_LOSS","seed_source_timestamp":12300324219583,"circlet_count":0,"master_deck":["AscendersBane","Strike_B","Strike_B","Strike_B","Defend_B","Defend_B","Defend_B","Defend_B","Zap+1","Dualcast","Thunder Strike","Zap+1","Glacier","Ball Lightning","Static Discharge+1","Electrodynamics","Glacier","Thunder Strike+1","Cold Snap+1","Rainbow","Chill+1","Undo","Tempest+1","Tempest+1","Machine Learning","Reinforced Body+1","Finesse+1","Chill+1","Coolheaded+1","Hologram+1"],"relics":["Cracked Core","Molten Egg 2","Happy Flower","Meat on the Bone","Velvet Choker","Oddly Smooth Stone","Pen Nib","Toxic Egg 2","Sozu","Dream Catcher","StoneCalendar","Bottled Lightning"],"potions_floor_usage":[8,16,29,30,30,41],"damage_taken":[{"damage":0,"enemies":"Small Slimes","floor":1,"turns":3},{"damage":6,"enemies":"Cultist","floor":3,"turns":3},{"damage":39,"enemies":"3 Sentries","floor":6,"turns":7},{"damage":19,"enemies":"Lagavulin","floor":8,"turns":6},{"damage":1,"enemies":"Jaw Worm","floor":12,"turns":3},{"damage":8,"enemies":"Lots of Slimes","floor":14,"turns":2},{"damage":31,"enemies":"The Guardian","floor":16,"turns":6},{"damage":9,"enemies":"Shell Parasite","floor":18,"turns":4},{"damage":7,"enemies":"Spheric Guardian","floor":22,"turns":4},{"damage":21,"enemies":"Chosen and Byrds","floor":24,"turns":4},{"damage":5,"enemies":"Centurion and Healer","floor":28,"turns":5},{"damage":0,"enemies":"Snecko","floor":29,"turns":3},{"damage":18,"enemies":"Gremlin Leader","floor":30,"turns":6},{"damage":46,"enemies":"Collector","floor":33,"turns":8},{"damage":0,"enemies":"3 Shapes","floor":35,"turns":2},{"damage":17,"enemies":"3 Darklings","floor":38,"turns":3},{"damage":18,"enemies":"Jaw Worm Horde","floor":39,"turns":5},{"damage":25,"enemies":"Transient","floor":41,"turns":6},{"damage":20,"enemies":"Nemesis","floor":42,"turns":5},{"damage":39,"enemies":"Maw","floor":44,"turns":4}],"seed_played":"-8395878939750575938","potions_obtained":[{"floor":6,"key":"Regen Potion"},{"floor":12,"key":"Energy Potion"},{"floor":14,"key":"SteroidPotion"},{"floor":16,"key":"Ancient Potion"},{"floor":24,"key":"PowerPotion"},{"floor":29,"key":"AttackPotion"},{"floor":30,"key":"Fire Potion"},{"floor":33,"key":"LiquidBronze"}],"is_trial":false,"path_per_floor":["M","?","M","$","?","E","R","E","T","?","R","M","R","M","R","B",null,"M","$","?","?","M","R","M","R","T","R","M","M","E","$","R","B",null,"M","T","$","M","M","R","M","E","T","M"],"character_chosen":"DEFECT","items_purchased":["Ball Lightning","Static Discharge","Oddly Smooth Stone","Cold Snap+1","Tempest+1","Finesse+1"],"campfire_rested":6,"item_purchase_floors":[4,4,19,19,31,37],"current_hp_per_floor":[64,64,58,58,51,12,31,27,27,27,46,45,45,37,37,18,53,44,44,27,27,32,52,43,63,63,63,58,58,40,40,60,26,58,58,58,58,41,35,55,42,34,34,0],"gold":71,"neow_bonus":"THREE_RARE_CARDS","is_prod":false,"is_daily":false,"chose_seed":false,"campfire_upgraded":3,"win_rate":0,"timestamp":1546832410,"path_taken":["M","?","?","$","?","E","R","E","T","?","R","?","R","M","R","BOSS","M","?","?","?","?","R","M","R","T","R","M","M","E","$","R","BOSS","M","?","$","?","M","R","M","E","T","M"],"build_version":"2018-11-15","purchased_purges":0,"victory":false,"max_hp_per_floor":[64,64,64,64,64,64,64,64,64,64,64,64,64,64,64,64,64,64,64,69,69,69,69,69,69,69,69,69,69,69,69,69,69,69,69,69,69,69,69,69,69,69,69,69],"card_choices":[{"not_picked":["Multi-Cast","Fission"],"picked":"Thunder Strike","floor":0},{"not_picked":["Stack","Streamline","Beam Cell"],"picked":"SKIP","floor":1},{"not_picked":["Sweeping Beam","BootSequence"],"picked":"Glacier","floor":3},{"not_picked":["Coolheaded","Chill"],"picked":"Electrodynamics","floor":6},{"not_picked":["Streamline+1","Rebound+1","Leap"],"picked":"SKIP","floor":8},{"not_picked":["Beam Cell+1","White Noise"],"picked":"Glacier","floor":12},{"not_picked":["Loop","Turbo","Stack"],"picked":"SKIP","floor":14},{"not_picked":["All For One+1","Rainbow"],"picked":"Thunder Strike+1","floor":16},{"not_picked":["Rebound+1","Chaos","Barrage+1"],"picked":"SKIP","floor":18},{"not_picked":["Hologram","Stack"],"picked":"Chill","floor":22},{"not_picked":["Doom and Gloom+1","Steam Power","Aggregate"],"picked":"SKIP","floor":24},{"not_picked":["Doom and Gloom+1","Aggregate+1","Steam"],"picked":"SKIP","floor":28},{"not_picked":["Barrage+1","Turbo"],"picked":"Undo","floor":29},{"not_picked":["Cold Snap+1","Darkness+1"],"picked":"Tempest","floor":30},{"not_picked":["Biased Cognition","Meteor Strike+1"],"picked":"Machine Learning","floor":33},{"not_picked":["Consume+1","Storm"],"picked":"Reinforced Body+1","floor":35},{"not_picked":["Rebound+1","Leap+1"],"picked":"Chill+1","floor":38},{"not_picked":["Skim+1","Compile Driver+1"],"picked":"Coolheaded+1","floor":39},{"not_picked":["Redo+1","Genetic Algorithm+1","Sweeping Beam+1"],"picked":"SKIP","floor":41},{"not_picked":["BootSequence+1","Go for the Eyes+1"],"picked":"Hologram+1","floor":42}],"player_experience":1015297,"relics_obtained":[{"floor":6,"key":"Molten Egg 2"},{"floor":8,"key":"Happy Flower"},{"floor":9,"key":"Meat on the Bone"},{"floor":26,"key":"Pen Nib"},{"floor":30,"key":"Toxic Egg 2"},{"floor":36,"key":"Dream Catcher"},{"floor":42,"key":"StoneCalendar"},{"floor":43,"key":"Bottled Lightning"}],"event_choices":[{"damage_healed":0,"gold_gain":0,"player_choice":"1 cards matched","damage_taken":0,"max_hp_gain":0,"max_hp_loss":0,"event_name":"Match and Keep!","floor":2,"gold_loss":0,"cards_obtained":["Zap"]},{"cards_removed":["Strike_B"],"damage_healed":0,"gold_gain":0,"player_choice":"Card Removal","damage_taken":7,"max_hp_gain":0,"max_hp_loss":0,"event_name":"Golden Wing","floor":5,"gold_loss":0},{"damage_healed":0,"gold_gain":0,"player_choice":"Grow","damage_taken":0,"max_hp_gain":0,"max_hp_loss":0,"event_name":"Living Wall","floor":10,"gold_loss":0,"cards_upgraded":["Zap"]},{"damage_healed":0,"gold_gain":0,"player_choice":"Shed Blood","damage_taken":22,"max_hp_gain":5,"max_hp_loss":0,"event_name":"Forgotten Altar","floor":20,"gold_loss":0},{"damage_healed":0,"gold_gain":0,"player_choice":"1 cards matched","damage_taken":0,"max_hp_gain":0,"max_hp_loss":0,"event_name":"Match and Keep!","floor":21,"gold_loss":0,"cards_obtained":["Rainbow"]}],"is_beta":true,"boss_relics":[{"not_picked":["Orrery","Empty Cage"],"picked":"Velvet Choker"},{"not_picked":["White Beast Statue","Runic Pyramid"],"picked":"Sozu"}],"items_purged_floors":[],"is_endless":false,"potions_floor_spawned":[6,12,14,16,24,29,30,33,38,41,42],"killed_by":"Maw","ascension_level":20}