{"gold_per_floor":[111,127,138,64,64,64,85,85,133,133,176,196,240,210,210,335,335,358,457,235,150,150,194,194,258,337,337,372,388,388,401,401,530,530,550,550,570,17,17,17,17,53,53,53],"floor_reached":44,"playtime":2434,"items_purged":["Strike_G","Pain"],"score":688,"play_id":"88a05726-c700-4ebc-b49b-b6d0cd615d4c","local_time":"20190101033633","is_ascension_mode":true,"campfire_choices":[{"data":"Neutralize","floor":6,"key":"SMITH"},{"floor":8,"key":"REST"},{"floor":15,"key":"REST"},{"floor":27,"key":"REST"},{"data":"Footwork","floor":30,"key":"SMITH"},{"data":"Infinite Blades","floor":32,"key":"SMITH"},{"floor":40,"key":"REST"}],"neow_cost":"NONE","seed_source_timestamp":1148961264556681,"circlet_count":0,"master_deck":["Defend_G+1","Defend_G+1","Defend_G+1","Defend_G+1","Defend_G+1","Strike_G+1","Strike_G+1","Strike_G+1","Strike_G+1","Survivor","Neutralize+1","Cloak And Dagger","Dodge and Roll","Noxious Fumes+1","All Out Attack+1","Bouncing Flask","Crippling Poison","Dagger Spray+1","Cloak And Dagger","Corpse Explosion","Footwork+1","Backstab","Dagger Spray+1","Pain","Leg Sweep","Infinite Blades+1","Envenom","Sucker Punch","Forethought","Predator+1","Parasite"],"relics":["Ring of the Snake","NeowsBlessing","Golden Idol","PreservedInsect","Pen Nib","Matryoshka","Pantograph","Cursed Key","Blue Candle","Thread and Needle","The Courier","Ginger","Tiny Chest","Whetstone","Pear","Tough Bandages","Philosopher\u0027s Stone","Ornamental Fan","Snake Skull","Bronze Scales","Potion Belt"],"potions_floor_usage":[13,23,28,31,33,42,42,42],"damage_taken":[{"damage":0,"enemies":"Small Slimes","floor":1,"turns":1},{"damage":0,"enemies":"Jaw Worm","floor":2,"turns":1},{"damage":0,"enemies":"2 Louse","floor":3,"turns":1},{"damage":16,"enemies":"Large Slime","floor":7,"turns":8},{"damage":12,"enemies":"3 Sentries","floor":11,"turns":5},{"damage":0,"enemies":"Blue Slaver","floor":12,"turns":4},{"damage":14,"enemies":"Gremlin Nob","floor":13,"turns":4},{"damage":0,"enemies":"Looter","floor":14,"turns":4},{"damage":38,"enemies":"The Guardian","floor":16,"turns":10},{"damage":22,"enemies":"2 Thieves","floor":18,"turns":3},{"damage":11,"enemies":"Slavers","floor":23,"turns":4},{"damage":5,"enemies":"Book of Stabbing","floor":25,"turns":5},{"damage":3,"enemies":"Slavers","floor":28,"turns":1},{"damage":3,"enemies":"Spheric Guardian","floor":29,"turns":3},{"damage":4,"enemies":"Centurion and Healer","floor":31,"turns":4},{"damage":63,"enemies":"Collector","floor":33,"turns":10},{"damage":11,"enemies":"Orb Walker","floor":35,"turns":3},{"damage":19,"enemies":"3 Darklings","floor":37,"turns":4},{"damage":45,"enemies":"Nemesis","floor":42,"turns":5},{"damage":16,"enemies":"Writhing Mass","floor":44,"turns":2}],"seed_played":"-6494123392267991956","potions_obtained":[{"floor":2,"key":"FearPotion"},{"floor":11,"key":"SmokeBomb"},{"floor":12,"key":"SteroidPotion"},{"floor":23,"key":"Dexterity Potion"},{"floor":25,"key":"Block Potion"},{"floor":33,"key":"Energy Potion"},{"floor":37,"key":"SteroidPotion"}],"is_trial":false,"path_per_floor":["M","M","M","$","?","R","M","R","T","?","E","M","E","M","R","B",null,"M","?","$","?","?","E","T","E","T","R","E","M","R","M","R","B",null,"M","?","M","$","?","R","$","E","T","M"],"character_chosen":"THE_SILENT","items_purchased":["Noxious Fumes","GhostInAJar","Backstab","Ornamental Fan","Block Potion","Snake Skull","Bronze Scales"],"campfire_rested":4,"item_purchase_floors":[4,20,20,38,38,38,38],"current_hp_per_floor":[70,70,70,70,53,53,37,58,58,55,43,43,29,29,50,32,61,39,39,39,39,39,28,28,23,33,57,54,51,51,47,47,9,62,51,51,32,32,32,56,56,11,11,0],"gold":53,"neow_bonus":"THREE_ENEMY_KILL","is_prod":false,"is_daily":false,"chose_seed":false,"campfire_upgraded":3,"win_rate":0,"timestamp":1546331793,"path_taken":["M","M","M","$","?","R","M","R","T","?","E","M","E","M","R","BOSS","M","?","$","?","?","E","?","E","T","R","E","M","R","?","R","BOSS","M","?","M","$","?","R","$","E","T","?"],"build_version":"2018-12-20","purchased_purges":2,"victory":false,"max_hp_per_floor":[70,70,70,70,70,70,70,70,70,70,70,70,70,70,70,70,70,70,70,70,70,70,70,70,70,80,80,80,80,80,80,80,80,80,80,80,80,80,80,80,80,80,80,80],"card_choices":[{"not_picked":["Blade Dance","Backflip"],"picked":"Cloak And Dagger","floor":1},{"not_picked":["Acrobatics","Expertise","Bane"],"picked":"SKIP","floor":2},{"not_picked":["Acrobatics","Heel Hook"],"picked":"Dodge and Roll","floor":3},{"not_picked":["Infinite Blades","Slice"],"picked":"All Out Attack","floor":7},{"not_picked":["Dodge and Roll","Catalyst"],"picked":"Bouncing Flask","floor":11},{"not_picked":["Blade Dance","Expertise"],"picked":"Crippling Poison","floor":12},{"not_picked":["Setup","Dagger Throw"],"picked":"Dagger Spray","floor":13},{"not_picked":["Prepared","Underhanded Strike"],"picked":"Cloak And Dagger","floor":14},{"not_picked":["A Thousand Cuts","Die Die Die"],"picked":"Corpse Explosion","floor":16},{"not_picked":["All Out Attack+1","Poisoned Stab"],"picked":"Footwork","floor":18},{"not_picked":["Blur","PiercingWail"],"picked":"Dagger Spray+1","floor":23},{"not_picked":["Endless Agony","Eviscerate","Blade Dance"],"picked":"SKIP","floor":25},{"not_picked":["Underhanded Strike","Bane"],"picked":"Leg Sweep","floor":28},{"not_picked":["Crippling Poison","Finisher","Dodge and Roll"],"picked":"SKIP","floor":29},{"not_picked":["Underhanded Strike","Tactician"],"picked":"Infinite Blades","floor":31},{"not_picked":["Bullet Time","Grand Finale"],"picked":"Envenom","floor":33},{"not_picked":["Prepared+1","Bane+1"],"picked":"Sucker Punch","floor":35},{"not_picked":["Deep Breath","Enlightenment"],"picked":"Forethought","floor":36},{"not_picked":["Eviscerate+1","Bouncing Flask","Cloak And Dagger"],"picked":"SKIP","floor":37},{"not_picked":["Heel Hook+1","Deadly Poison+1"],"picked":"Predator+1","floor":42}],"player_experience":304448,"relics_obtained":[{"floor":9,"key":"PreservedInsect"},{"floor":11,"key":"Matryoshka"},{"floor":13,"key":"Pantograph"},{"floor":23,"key":"Thread and Needle"},{"floor":24,"key":"The Courier"},{"floor":24,"key":"Ginger"},{"floor":25,"key":"Tiny Chest"},{"floor":26,"key":"Whetstone"},{"floor":26,"key":"Pear"},{"floor":28,"key":"Tough Bandages"},{"floor":42,"key":"Potion Belt"}],"event_choices":[{"damage_healed":0,"gold_gain":0,"player_choice":"Take Damage","damage_taken":17,"relics_obtained":["Golden Idol"],"max_hp_gain":0,"max_hp_loss":0,"event_name":"Golden Idol","floor":5,"gold_loss":0},{"damage_healed":0,"gold_gain":0,"player_choice":"Success","damage_taken":3,"relics_obtained":["Pen Nib"],"max_hp_gain":0,"max_hp_loss":0,"event_name":"Scrap Ooze","floor":10,"gold_loss":0},{"damage_healed":0,"gold_gain":99,"player_choice":"Stole From Cult","damage_taken":0,"max_hp_gain":0,"max_hp_loss":0,"event_name":"Nest","floor":19,"gold_loss":0},{"damage_healed":0,"gold_gain":0,"player_choice":"Obtained Relic","damage_taken":0,"relics_obtained":["Blue Candle"],"max_hp_gain":0,"max_hp_loss":0,"event_name":"Addict","floor":21,"gold_loss":85},{"damage_healed":0,"gold_gain":0,"player_choice":"Simplicity","damage_taken":0,"max_hp_gain":0,"max_hp_loss":0,"event_name":"Back to Basics","floor":22,"gold_loss":0,"cards_upgraded":["Defend_G","Defend_G","Defend_G","Defend_G","Defend_G","Strike_G","Strike_G","Strike_G","Strike_G"]},{"damage_healed":0,"gold_gain":0,"player_choice":"Memory 1","damage_taken":0,"max_hp_gain":0,"max_hp_loss":0,"event_name":"SensoryStone","floor":36,"gold_loss":0},{"damage_healed":0,"gold_gain":0,"player_choice":"Forge","damage_taken":0,"max_hp_gain":0,"max_hp_loss":0,"event_name":"Accursed Blacksmith","floor":39,"gold_loss":0,"cards_upgraded":["Noxious Fumes"]}],"is_beta":false,"boss_relics":[{"not_picked":["Calling Bell","Eternal Feather"],"picked":"Cursed Key"},{"not_picked":["White Beast Statue","Lizard Tail"],"picked":"Philosopher\u0027s Stone"}],"items_purged_floors":[20,38],"is_endless":false,"potions_floor_spawned":[2,11,12,23,25,33,37],"killed_by":"Writhing Mass","ascension_level":5}