{"gold_per_floor":[114,131,141,62,18,53,53,88,134,134,35,35,47,59,59,136,136,155,155,155,172,185,185],"floor_reached":23,"playtime":977,"items_purged":["Strike_B"],"score":402,"play_id":"fb9725da-e3bc-497a-9d3b-78a370db3a08","local_time":"20190106191531","is_ascension_mode":true,"campfire_choices":[{"data":"Zap","floor":7,"key":"SMITH"},{"data":"Loop","floor":10,"key":"SMITH"},{"floor":15,"key":"REST"}],"neow_cost":"NONE","seed_source_timestamp":62042675134201,"circlet_count":0,"master_deck":["AscendersBane","Strike_B+1","Strike_B+1","Defend_B+1","Defend_B+1","Defend_B+1","Defend_B+1","Zap+1","Dualcast","Ball Lightning","Go for the Eyes","Loop+1","FTL","Echo Form","Cold Snap","Cold Snap","Loop","Cold Snap","Reboot","Undo+1","Go for the Eyes","Conserve Battery"],"relics":["Cracked Core","NeowsBlessing","Bottled Lightning","Bag of Preparation","Regal Pillow","Pen Nib","Sozu"],"potions_floor_usage":[6,23],"damage_taken":[{"damage":0,"enemies":"Cultist","floor":1,"turns":1},{"damage":0,"enemies":"Small Slimes","floor":2,"turns":1},{"damage":0,"enemies":"Jaw Worm","floor":3,"turns":1},{"damage":7,"enemies":"Gremlin Nob","floor":6,"turns":3},{"damage":25,"enemies":"3 Sentries","floor":8,"turns":7},{"damage":13,"enemies":"Large Slime","floor":13,"turns":4},{"damage":7,"enemies":"Red Slaver","floor":14,"turns":2},{"damage":36,"enemies":"Hexaghost","floor":16,"turns":9},{"damage":15,"enemies":"Spheric Guardian","floor":18,"turns":4},{"damage":4,"enemies":"Shell Parasite","floor":21,"turns":4},{"damage":3,"enemies":"Centurion and Healer","floor":22,"turns":7},{"damage":36,"enemies":"Book of Stabbing","floor":23,"turns":6}],"seed_played":"2644124395306958431","potions_obtained":[{"floor":2,"key":"EssenceOfSteel"},{"floor":8,"key":"GamblersBrew"},{"floor":16,"key":"Energy Potion"}],"is_trial":false,"path_per_floor":["M","M","M","$","$","E","R","E","T","R","$","?","M","M","R","B",null,"M","?","?","M","M","E"],"character_chosen":"DEFECT","items_purchased":["Loop","FTL","Cold Snap"],"campfire_rested":1,"item_purchase_floors":[4,5,11],"current_hp_per_floor":[64,64,64,64,64,57,57,32,32,32,32,32,19,12,48,12,56,41,41,41,37,34,0],"gold":185,"neow_bonus":"THREE_ENEMY_KILL","is_prod":false,"is_daily":false,"chose_seed":false,"campfire_upgraded":2,"win_rate":0,"timestamp":1546762531,"path_taken":["M","?","M","?","$","E","R","E","T","R","$","?","?","M","R","BOSS","M","?","?","?","M","E"],"build_version":"2018-11-15","purchased_purges":1,"victory":false,"max_hp_per_floor":[71,71,71,71,71,71,71,71,71,71,71,71,71,71,71,71,71,71,71,71,71,71,71],"card_choices":[{"not_picked":["Cold Snap","Redo"],"picked":"Ball Lightning","floor":1},{"not_picked":["Hologram","Leap"],"picked":"Go for the Eyes","floor":2},{"not_picked":["Steam","Compile Driver","Go for the Eyes"],"picked":"SKIP","floor":3},{"not_picked":["Lockon","Conserve Battery"],"picked":"Echo Form","floor":6},{"not_picked":["Redo","Hologram"],"picked":"Cold Snap","floor":8},{"not_picked":["Rebound","Turbo"],"picked":"Loop","floor":13},{"not_picked":["Leap","Hologram"],"picked":"Cold Snap","floor":14},{"not_picked":["Multi-Cast","Hyperbeam"],"picked":"Reboot","floor":16},{"not_picked":["Steam","Chill"],"picked":"Undo+1","floor":18},{"not_picked":["Compile Driver","Melter+1"],"picked":"Conserve Battery","floor":21},{"not_picked":["Recycle+1","Go for the Eyes+1","Consume+1"],"picked":"SKIP","floor":22}],"player_experience":994623,"relics_obtained":[{"floor":6,"key":"Bottled Lightning"},{"floor":8,"key":"Bag of Preparation"},{"floor":9,"key":"Regal Pillow"}],"event_choices":[{"damage_healed":0,"gold_gain":0,"player_choice":"Gave Potion","damage_taken":0,"relics_obtained":["Pen Nib"],"max_hp_gain":0,"max_hp_loss":0,"event_name":"WeMeetAgain","floor":12,"gold_loss":0},{"damage_healed":0,"gold_gain":0,"player_choice":"Simplicity","damage_taken":0,"max_hp_gain":0,"max_hp_loss":0,"event_name":"Back to Basics","floor":19,"gold_loss":0,"cards_upgraded":["Strike_B","Strike_B","Strike_B","Defend_B","Defend_B","Defend_B","Defend_B"]},{"damage_healed":0,"gold_gain":0,"cards_transformed":["Strike_B"],"player_choice":"Transformed","damage_taken":0,"max_hp_gain":0,"max_hp_loss":0,"event_name":"Transmorgrifier","floor":20,"gold_loss":0,"cards_obtained":["Go for the Eyes"]}],"is_beta":true,"boss_relics":[{"not_picked":["Fusion Hammer","Busted Crown"],"picked":"Sozu"}],"items_purged_floors":[11],"is_endless":false,"potions_floor_spawned":[2,8,16,21],"killed_by":"Book of Stabbing","ascension_level":20}