{"gold_per_floor":[118,118,133,133,133,54,54,70,70,70,108,108],"floor_reached":12,"playtime":624,"items_purged":[],"score":76,"play_id":"f89d7f7a-9acd-4c99-81bd-08b6e35debd9","local_time":"20180721112414","is_ascension_mode":false,"campfire_choices":[{"data":"Fusion","floor":7.0,"key":"SMITH"}],"neow_cost":"NONE","seed_source_timestamp":0,"circlet_count":0,"master_deck":["Strike_B","Strike_B","Strike_B","Defend_B","Defend_B","Defend_B","Defend_B","Zap","Dualcast","Fusion+1","FTL","Echo Form"],"special_seed":0,"relics":["Cracked Core","Regal Pillow","Golden Idol","Centennial Puzzle","Dead Branch"],"potions_floor_usage":[11,11],"damage_taken":[{"damage":8.0,"enemies":"Small Slimes","floor":1.0,"turns":3.0},{"damage":4.0,"enemies":"2 Louse","floor":3.0,"turns":3.0},{"damage":0.0,"enemies":"Cultist","floor":8.0,"turns":3.0},{"damage":23,"enemies":"Gremlin Nob","floor":11,"turns":5},{"damage":24,"enemies":"Gremlin Gang","floor":12,"turns":2}],"seed_played":"5473761834099173661","potions_obtained":[{"floor":8.0,"key":"Strength Potion"},{"floor":10.0,"key":"Regen Potion"},{"floor":10.0,"key":"PowerPotion"}],"is_trial":false,"path_per_floor":["M","?","M","?","?","$","R","M","T","?","E"],"character_chosen":"DEFECT","items_purchased":["FTL"],"campfire_rested":0,"item_purchase_floors":[6],"current_hp_per_floor":[67,55,51,51,33,33,33,33,33,33,22,0],"gold":108,"neow_bonus":"THREE_CARDS","is_prod":false,"is_daily":false,"chose_seed":false,"campfire_upgraded":1,"win_rate":0.0,"timestamp":1532136254,"path_taken":["M","?","M","?","?","$","R","M","T","?","E","M"],"build_version":"2018-07-19v2","purchased_purges":0,"victory":false,"max_hp_per_floor":[75,75,75,75,75,75,75,75,75,75,75,75],"card_choices":[{"not_picked":["Stack","Streamline"],"picked":"Fusion","floor":0.0},{"not_picked":["Coolheaded","Sweeping Beam","Steam"],"picked":"SKIP","floor":1.0},{"not_picked":["Streamline","Cold Snap","Double Energy"],"picked":"SKIP","floor":3.0},{"not_picked":["Beam Cell","Redo"],"picked":"Echo Form","floor":8.0},{"not_picked":["Barrage","Hologram","Steam Power"],"picked":"SKIP","floor":11}],"player_experience":372561,"relics_obtained":[{"floor":9.0,"key":"Centennial Puzzle"},{"floor":11,"key":"Dead Branch"}],"event_choices":[{"event_name":"Scrap Ooze","player_choice":"success","floor":2.0,"damage_taken":12.0},{"event_name":"Wheel of Change","player_choice":"Card Removal","floor":4.0,"damage_taken":0.0},{"event_name":"Golden Idol","player_choice":"Take Damage","floor":5.0,"damage_taken":0.0},{"event_name":"The Lab","player_choice":"Got Potions","floor":10.0,"damage_taken":0.0}],"is_beta":false,"boss_relics":[],"items_purged_floors":[],"is_endless":false,"potions_floor_spawned":[8],"killed_by":"Gremlin Gang","ascension_level":0}