{"gold_per_floor":[112,54,54,1,20,51,51,86,113,132,112,126,82,92,92,169,169,184,199,212,222,242,242,273,292,292,292,311,338,338,348,348,425,425,439,459,175,185,135,135,135,147,147,147,147,160,160,30,30,30],"floor_reached":50,"playtime":3069,"items_purged":["Strike_B","Strike_B"],"score":1042,"play_id":"b4aee647-4824-4432-a9b2-07ec61c82170","local_time":"20190129141604","is_ascension_mode":true,"campfire_choices":[{"data":"Sunder","floor":7.0,"key":"SMITH"},{"data":"Static Discharge","floor":15.0,"key":"SMITH"},{"floor":23.0,"key":"REST"},{"data":"Self Repair","floor":27.0,"key":"SMITH"},{"data":"Undo","floor":30.0,"key":"SMITH"},{"floor":32.0,"key":"REST"},{"data":"Biased Cognition","floor":40.0,"key":"SMITH"},{"data":"Transmutation","floor":45.0,"key":"SMITH"},{"data":"Stack","floor":47,"key":"SMITH"},{"data":"Static Discharge","floor":49,"key":"SMITH"}],"neow_cost":"NONE","seed_source_timestamp":0,"circlet_count":0,"master_deck":["AscendersBane","Strike_B","Defend_B","Defend_B","Defend_B","Defend_B","Zap","Dualcast","Leap","Ball Lightning","Go for the Eyes","Sunder+1","FTL","Undo+1","Compile Driver","Static Discharge+1","FTL","Electrodynamics","Glacier+1","Self Repair+1","Steam","Conserve Battery+1","Electrodynamics","Hologram+1","Glacier+1","Biased Cognition+1","Stack+1","Mayhem","Transmutation+1","Parasite","Static Discharge+1"],"special_seed":0,"relics":["Cracked Core","NeowsBlessing","Smiling Mask","Ancient Tea Set","Potion Belt","Velvet Choker","Pantograph","Torii","Gambling Chip","Cursed Key"],"potions_floor_usage":[46,50,50,50],"damage_taken":[{"damage":0.0,"enemies":"Small Slimes","floor":1.0,"turns":1.0},{"damage":0.0,"enemies":"Cultist","floor":5.0,"turns":1.0},{"damage":0.0,"enemies":"3 Sentries","floor":6.0,"turns":1.0},{"damage":6.0,"enemies":"Gremlin Nob","floor":8.0,"turns":3.0},{"damage":0.0,"enemies":"2 Louse","floor":10.0,"turns":2.0},{"damage":8.0,"enemies":"Exordium Thugs","floor":12.0,"turns":4.0},{"damage":9.0,"enemies":"Red Slaver","floor":14.0,"turns":3.0},{"damage":34.0,"enemies":"The Guardian","floor":16.0,"turns":9.0},{"damage":5.0,"enemies":"3 Byrds","floor":18.0,"turns":3.0},{"damage":0.0,"enemies":"Chosen","floor":19.0,"turns":3.0},{"damage":13.0,"enemies":"Snecko","floor":20.0,"turns":5.0},{"damage":16.0,"enemies":"Centurion and Healer","floor":21.0,"turns":7.0},{"damage":17.0,"enemies":"Snake Plant","floor":22.0,"turns":3.0},{"damage":15.0,"enemies":"Book of Stabbing","floor":24.0,"turns":4.0},{"damage":5.0,"enemies":"Sentry and Sphere","floor":25.0,"turns":5.0},{"damage":10.0,"enemies":"Cultist and Chosen","floor":28.0,"turns":5.0},{"damage":20.0,"enemies":"Slavers","floor":29.0,"turns":2.0},{"damage":1.0,"enemies":"Chosen and Byrds","floor":31.0,"turns":5.0},{"damage":60.0,"enemies":"Collector","floor":33.0,"turns":13.0},{"damage":0.0,"enemies":"Orb Walker","floor":35.0,"turns":3.0},{"damage":21.0,"enemies":"3 Darklings","floor":36.0,"turns":2.0},{"damage":15.0,"enemies":"Maw","floor":38.0,"turns":9.0},{"damage":0.0,"enemies":"Sphere and 2 Shapes","floor":42.0,"turns":4.0},{"damage":4,"enemies":"Writhing Mass","floor":46,"turns":12},{"damage":76,"enemies":"Awakened One","floor":50,"turns":6}],"seed_played":"6404947173798765873","potions_obtained":[{"floor":5.0,"key":"Weak Potion"},{"floor":8.0,"key":"SpeedPotion"},{"floor":10.0,"key":"Explosive Potion"},{"floor":11.0,"key":"SpeedPotion"},{"floor":16.0,"key":"Poison Potion"},{"floor":22.0,"key":"Weak Potion"},{"floor":24.0,"key":"Regen Potion"},{"floor":25.0,"key":"SkillPotion"},{"floor":33.0,"key":"Regen Potion"},{"floor":36.0,"key":"LiquidBronze"},{"floor":38.0,"key":"GamblersBrew"}],"is_trial":false,"path_per_floor":["M","$","?","$","M","E","R","E","T","M","?","M","$","M","R","B",null,"M","M","M","M","M","R","E","M","T","R","M","E","R","M","R","B",null,"M","M","$","M","$","R","?","M","T","?","R","M","R","$","R","B"],"character_chosen":"DEFECT","items_purchased":["Ball Lightning","Go for the Eyes","Static Discharge","Mayhem","Swift Potion","Dexterity Potion","Static Discharge"],"campfire_rested":2,"item_purchase_floors":[2,4,13,37,37,48,48],"current_hp_per_floor":[64,64,64,64,64,64,64,58,58,58,58,50,50,41,41,7,55,50,50,44,35,25,46,38,40,40,40,40,29,29,38,59,21,59,59,48,48,43,43,43,43,53,53,53,53,59,59,59,59,0],"gold":30,"neow_bonus":"THREE_ENEMY_KILL","is_prod":false,"is_daily":false,"chose_seed":false,"campfire_upgraded":8,"win_rate":0,"timestamp":1548800164,"path_taken":["M","$","?","$","?","E","R","E","T","M","?","M","?","M","R","BOSS","M","M","M","M","M","R","E","M","T","R","M","E","R","M","R","BOSS","M","M","$","M","?","R","?","M","T","?","R","M","R","$","R","BOSS"],"build_version":"2019-01-23","purchased_purges":2,"victory":false,"max_hp_per_floor":[71,71,71,71,71,71,71,71,71,71,71,71,71,71,71,71,71,71,71,71,71,71,71,71,71,71,71,71,71,71,71,71,71,71,71,71,71,71,71,71,71,71,71,71,71,71,71,71,71,71],"card_choices":[{"not_picked":["Auto Shields","Force Field"],"picked":"Leap","floor":1.0},{"not_picked":["Stack","Rebound"],"picked":"Sunder","floor":5.0},{"not_picked":["Rebound","Streamline","Aggregate"],"picked":"SKIP","floor":6.0},{"not_picked":["Turbo","All For One"],"picked":"FTL","floor":8.0},{"not_picked":["Leap","Barrage"],"picked":"Undo","floor":10.0},{"not_picked":["Beam Cell","Streamline"],"picked":"Compile Driver","floor":12.0},{"not_picked":["Turbo","Lockon"],"picked":"FTL","floor":14.0},{"not_picked":["All For One","Seek"],"picked":"Electrodynamics","floor":16.0},{"not_picked":["Tempest","Rebound"],"picked":"Glacier+1","floor":18.0},{"not_picked":["Aggregate","Redo+1"],"picked":"Self Repair","floor":19.0},{"not_picked":["Barrage","Lockon"],"picked":"Steam","floor":20.0},{"not_picked":["Beam Cell","Sweeping Beam","Aggregate+1"],"picked":"SKIP","floor":21.0},{"not_picked":["Ball Lightning+1","Storm"],"picked":"Conserve Battery+1","floor":22.0},{"not_picked":["Leap+1","Conserve Battery"],"picked":"Electrodynamics","floor":24.0},{"not_picked":["Ball Lightning","Redo"],"picked":"Hologram+1","floor":25.0},{"not_picked":["Turbo","Barrage","Conserve Battery"],"picked":"SKIP","floor":28.0},{"not_picked":["Gash","Aggregate","Conserve Battery"],"picked":"SKIP","floor":29.0},{"not_picked":["Scrape+1","Leap"],"picked":"Glacier+1","floor":31.0},{"not_picked":["All For One","Amplify"],"picked":"Biased Cognition","floor":33.0},{"not_picked":["Cold Snap","Melter"],"picked":"Stack","floor":35.0},{"not_picked":["Stack","Leap","Sunder"],"picked":"SKIP","floor":36.0},{"not_picked":["Recycle","Darkness","Barrage"],"picked":"SKIP","floor":38.0},{"not_picked":["Flash of Steel","Swift Strike"],"picked":"Transmutation","floor":41.0},{"not_picked":["Leap","Fusion","Reprogram"],"picked":"SKIP","floor":42.0},{"not_picked":["Turbo","Cold Snap","Redo"],"picked":"SKIP","floor":46}],"player_experience":1782299,"relics_obtained":[{"floor":6.0,"key":"Smiling Mask"},{"floor":8.0,"key":"Ancient Tea Set"},{"floor":9.0,"key":"Potion Belt"},{"floor":24.0,"key":"Pantograph"},{"floor":26.0,"key":"Torii"},{"floor":29.0,"key":"Gambling Chip"}],"event_choices":[{"cards_removed":["Strike_B"],"damage_healed":0.0,"max_hp_gain":0.0,"max_hp_loss":0.0,"gold_gain":0.0,"event_name":"Bonfire Elementals","player_choice":"Offered Basic","floor":3.0,"gold_loss":0.0,"damage_taken":0.0},{"damage_healed":0.0,"max_hp_gain":0.0,"max_hp_loss":0.0,"gold_gain":0.0,"event_name":"The Woman in Blue","player_choice":"Bought 1 Potion","floor":11.0,"gold_loss":0.0,"damage_taken":0.0},{"damage_healed":0.0,"max_hp_gain":0.0,"max_hp_loss":0.0,"gold_gain":0.0,"event_name":"SensoryStone","player_choice":"Memory 1","floor":41.0,"gold_loss":0.0,"damage_taken":0.0},{"damage_healed":0.0,"max_hp_gain":0.0,"max_hp_loss":0.0,"gold_gain":0.0,"event_name":"Tomb of Lord Red Mask","player_choice":"Ignored","floor":44.0,"gold_loss":0.0,"damage_taken":0.0}],"is_beta":false,"boss_relics":[{"not_picked":["Lizard Tail","White Beast Statue"],"picked":"Velvet Choker"},{"not_picked":["Sozu","Runic Dome"],"picked":"Cursed Key"}],"items_purged_floors":[37,39],"is_endless":false,"potions_floor_spawned":[5,8,10,12,16,22,24,25,28,33,36,38,42],"killed_by":"Awakened One","ascension_level":20}