{"gold_per_floor":[116,116,41,2,102,102,102,117,144,156,167,180,180,214,214,318,318,337,337,321,332,332,332,332,355,382,382],"floor_reached":27,"playtime":1764,"items_purged":["Regret"],"score":274,"play_id":"71b7d941-273d-45e7-9e86-b8b327cdacd3","local_time":"20180731215941","is_ascension_mode":true,"campfire_choices":[{"data":"Defragment","floor":6,"key":"SMITH"},{"data":"Streamline","floor":13,"key":"SMITH"},{"floor":15,"key":"REST"},{"floor":23,"key":"REST"}],"neow_cost":"NONE","seed_source_timestamp":97547656521323,"circlet_count":0,"master_deck":["Strike_B","Strike_B","Defend_B","Defend_B","Defend_B","Defend_B+1","Zap+1","Dualcast","Conserve Battery+1","Defragment+1","Streamline+1","Loop","Leap","Creative AI+1","Steam","Go for the Eyes"],"relics":["Cracked Core","War Paint","DataDisk","Anchor","Black Star","Enchiridion","Potion Belt","Juzu Bracelet"],"potions_floor_usage":[11,14,21,27],"damage_taken":[{"damage":7,"enemies":"Jaw Worm","floor":1,"turns":2},{"damage":0,"enemies":"Small Slimes","floor":8,"turns":2},{"damage":0,"enemies":"Cultist","floor":10,"turns":2},{"damage":0,"enemies":"Exordium Thugs","floor":11,"turns":3},{"damage":5,"enemies":"2 Fungi Beasts","floor":12,"turns":4},{"damage":17,"enemies":"3 Sentries","floor":14,"turns":5},{"damage":33,"enemies":"Hexaghost","floor":16,"turns":8},{"damage":22,"enemies":"Shell Parasite","floor":18,"turns":7},{"damage":18,"enemies":"2 Thieves","floor":20,"turns":4},{"damage":4,"enemies":"Snecko","floor":21,"turns":6},{"damage":25,"enemies":"Slavers","floor":27,"turns":4}],"seed_played":"-4422669937444463922","potions_obtained":[{"floor":8,"key":"SteroidPotion"},{"floor":10,"key":"AttackPotion"},{"floor":18,"key":"EssenceOfSteel"},{"floor":21,"key":"LiquidBronze"}],"is_trial":false,"path_per_floor":["M","?","$","$","?","R","?","M","T","M","M","M","R","E","R","B",null,"M","?","M","M","?","R","?","T","T"],"character_chosen":"DEFECT","items_purchased":["Defragment"],"campfire_rested":2,"item_purchase_floors":[4],"current_hp_per_floor":[61,61,61,61,61,61,54,54,54,54,54,49,49,32,54,21,62,40,40,22,18,2,24,24,24,24,0],"gold":382,"neow_bonus":"UPGRADE_CARD","is_prod":false,"is_daily":false,"chose_seed":false,"campfire_upgraded":2,"win_rate":0,"timestamp":1533038381,"path_taken":["M","?","?","$","?","R","?","?","T","M","?","M","R","E","R","BOSS","M","?","?","M","?","R","?","?","T","E"],"build_version":"2018-07-26","purchased_purges":1,"victory":false,"max_hp_per_floor":[75,75,75,75,75,75,75,75,75,75,75,75,75,75,75,75,75,75,75,75,75,75,75,75,75,75,75],"card_choices":[{"not_picked":["Go for the Eyes","Reprogram"],"picked":"Conserve Battery","floor":1},{"not_picked":["Rebound","Blizzard","Rip and Tear"],"picked":"SKIP","floor":8},{"not_picked":["Steam","Aggregate"],"picked":"Streamline","floor":10},{"not_picked":["Streamline","Ball Lightning"],"picked":"Loop","floor":11},{"not_picked":["Rebound","Redo"],"picked":"Leap","floor":12},{"not_picked":["Hello World","Streamline","Turbo"],"picked":"SKIP","floor":14},{"not_picked":["Hyperbeam","Amplify"],"picked":"Creative AI","floor":16},{"not_picked":["Steam+1","Sunder","Redo+1"],"picked":"SKIP","floor":18},{"not_picked":["Turbo","Skim"],"picked":"Steam","floor":20},{"not_picked":["Ball Lightning","Turbo"],"picked":"Go for the Eyes","floor":21}],"player_experience":582824,"relics_obtained":[{"floor":9,"key":"DataDisk"},{"floor":14,"key":"Anchor"},{"floor":22,"key":"Enchiridion"},{"floor":25,"key":"Potion Belt"},{"floor":26,"key":"Juzu Bracelet"}],"event_choices":[{"event_name":"Big Fish","player_choice":"Box","floor":2,"damage_taken":0},{"event_name":"Golden Shrine","player_choice":"Pray","floor":5,"damage_taken":0},{"event_name":"Golden Wing","player_choice":"Card Removal","floor":7,"damage_taken":0},{"event_name":"Accursed Blacksmith","player_choice":"Forge","floor":19,"damage_taken":0},{"event_name":"Cursed Tome","player_choice":"Obtained Book","floor":22,"damage_taken":0},{"event_name":"Back to Basics","player_choice":"Elegance","floor":24,"damage_taken":0}],"is_beta":false,"boss_relics":[{"not_picked":["Eternal Feather","White Beast Statue"],"picked":"Black Star"}],"items_purged_floors":[3],"is_endless":false,"potions_floor_spawned":[8,10,18,21],"killed_by":"Slavers","ascension_level":6}