{"gold_per_floor":[111,127,140,160,179,179,204,204,204,204,204,229,244,319,319,319],"floor_reached":16,"playtime":824,"items_purged":[],"score":135,"play_id":"790a7e60-4767-432c-a362-ca1b0117adfb","local_time":"20181227022203","is_ascension_mode":true,"campfire_choices":[{"data":"Corruption","floor":6,"key":"SMITH"},{"floor":8,"key":"REST"},{"data":"Fire Breathing","floor":10,"key":"SMITH"},{"floor":15,"key":"REST"}],"neow_cost":"NONE","seed_source_timestamp":714103015123536,"circlet_count":0,"master_deck":["Strike_R","Strike_R","Strike_R","Strike_R","Strike_R","Defend_R","Defend_R","Defend_R","Defend_R","Bash","Madness","Corruption+1","Iron Wave","True Grit","Flex","Flex","Fire Breathing+1","Seeing Red","Havoc"],"relics":["Burning Blood","Omamori","Golden Idol"],"potions_floor_usage":[4,7,13,16],"damage_taken":[{"damage":13,"enemies":"Jaw Worm","floor":1,"turns":4},{"damage":0,"enemies":"Small Slimes","floor":2,"turns":3},{"damage":10,"enemies":"Cultist","floor":3,"turns":5},{"damage":2,"enemies":"2 Fungi Beasts","floor":4,"turns":4},{"damage":10,"enemies":"Red Slaver","floor":5,"turns":4},{"damage":40,"enemies":"3 Sentries","floor":7,"turns":10},{"damage":4,"enemies":"Exordium Wildlife","floor":12,"turns":4},{"damage":25,"enemies":"Large Slime","floor":13,"turns":6},{"damage":67,"enemies":"Hexaghost","floor":16,"turns":11}],"seed_played":"155131966253788653","potions_obtained":[{"floor":2,"key":"Poison Potion"},{"floor":4,"key":"Ancient Potion"},{"floor":5,"key":"SteroidPotion"},{"floor":7,"key":"Regen Potion"},{"floor":13,"key":"SteroidPotion"}],"is_trial":false,"path_per_floor":["M","M","M","M","M","R","E","R","T","R","?","M","M","?","R","B"],"character_chosen":"IRONCLAD","items_purchased":[],"campfire_rested":2,"item_purchase_floors":[],"current_hp_per_floor":[65,71,67,71,67,67,33,57,57,57,57,59,55,44,68,1],"gold":319,"neow_bonus":"RANDOM_COLORLESS","is_prod":false,"is_daily":false,"chose_seed":false,"campfire_upgraded":2,"win_rate":0,"timestamp":1545895323,"path_taken":["M","M","M","M","M","R","E","R","T","R","?","M","M","?","R","BOSS"],"build_version":"2018-12-20","purchased_purges":0,"victory":false,"max_hp_per_floor":[80,80,80,80,80,80,80,80,80,80,80,80,80,80,80,80],"card_choices":[{"not_picked":["Combust","Clothesline"],"picked":"Corruption","floor":1},{"not_picked":["Headbutt","Shrug It Off"],"picked":"Iron Wave","floor":2},{"not_picked":["Anger","Clash"],"picked":"True Grit","floor":3},{"not_picked":["Seeing Red","Whirlwind"],"picked":"Flex","floor":4},{"not_picked":["Perfected Strike","Burning Pact"],"picked":"Flex","floor":5},{"not_picked":["Wild Strike","Body Slam"],"picked":"Fire Breathing","floor":7},{"not_picked":["Havoc","Twin Strike"],"picked":"Seeing Red","floor":12},{"not_picked":["Rupture","Wild Strike"],"picked":"Havoc","floor":13}],"player_experience":263089,"relics_obtained":[{"floor":7,"key":"Omamori"}],"event_choices":[{"damage_healed":0,"gold_gain":0,"player_choice":"Take Wound","damage_taken":0,"relics_obtained":["Golden Idol"],"max_hp_gain":0,"max_hp_loss":0,"event_name":"Golden Idol","floor":11,"gold_loss":0,"cards_obtained":["Injury"]},{"damage_healed":0,"gold_gain":75,"player_choice":"Gather Gold","damage_taken":11,"max_hp_gain":0,"max_hp_loss":0,"event_name":"World of Goop","floor":14,"gold_loss":0}],"is_beta":false,"boss_relics":[],"items_purged_floors":[],"is_endless":false,"potions_floor_spawned":[2,4,5,7,13],"killed_by":"Hexaghost","ascension_level":6}