{"gold_per_floor":[114,114,114,124,143,143,168,168,168,168,186,186],"floor_reached":12,"playtime":352,"items_purged":[],"score":137,"play_id":"57fe8649-4673-40e9-bcdd-471e9fff0823","local_time":"20180923095421","is_ascension_mode":true,"campfire_choices":[{"data":"Armaments","floor":6,"key":"SMITH"},{"floor":10,"key":"REST"}],"neow_cost":"PERCENT_DAMAGE","seed_source_timestamp":87054177076815,"circlet_count":0,"master_deck":["Strike_R","Strike_R","Strike_R","Strike_R","Strike_R","Defend_R","Defend_R","Defend_R","Defend_R","Bash","AscendersBane","Armaments+1","Decay","True Grit","Wild Strike","Demon Form","Metallicize"],"relics":["Burning Blood","Magic Flower","StoneCalendar"],"potions_floor_usage":[7],"damage_taken":[{"damage":10,"enemies":"Cultist","floor":1,"turns":5},{"damage":14,"enemies":"Jaw Worm","floor":4,"turns":3},{"damage":3,"enemies":"2 Louse","floor":5,"turns":4},{"damage":53,"enemies":"Lagavulin","floor":7,"turns":9},{"damage":30,"enemies":"Gremlin Gang","floor":11,"turns":7},{"damage":10,"enemies":"2 Fungi Beasts","floor":12,"turns":4}],"seed_played":"8143706974251392576","potions_obtained":[{"floor":4,"key":"BloodPotion"}],"is_trial":false,"path_per_floor":["M","?","?","M","M","R","E","?","T","R","M"],"character_chosen":"IRONCLAD","items_purchased":[],"campfire_rested":1,"item_purchase_floors":[],"current_hp_per_floor":[54,54,54,46,49,49,10,5,5,31,10,0],"gold":186,"neow_bonus":"TWENTY_PERCENT_HP_BONUS","is_prod":false,"is_daily":false,"chose_seed":false,"campfire_upgraded":1,"win_rate":0,"timestamp":1537721661,"path_taken":["M","?","?","M","M","R","E","?","T","R","M","M"],"build_version":"2018-09-20","purchased_purges":0,"victory":false,"max_hp_per_floor":[89,89,89,89,89,89,89,89,89,89,89,89],"card_choices":[{"not_picked":["Anger","Cleave"],"picked":"Armaments","floor":1},{"not_picked":["Clash","Armaments"],"picked":"True Grit","floor":4},{"not_picked":["Rupture","Entrench"],"picked":"Wild Strike","floor":5},{"not_picked":["Heavy Blade","Flex"],"picked":"Demon Form","floor":7},{"not_picked":["Pommel Strike","Clothesline"],"picked":"Metallicize","floor":11}],"player_experience":825141,"relics_obtained":[{"floor":7,"key":"Magic Flower"},{"floor":9,"key":"StoneCalendar"}],"event_choices":[{"event_name":"Liars Game","player_choice":"disagreed","floor":2,"damage_taken":0},{"event_name":"Wheel of Change","player_choice":"Curse","floor":3,"damage_taken":0},{"event_name":"Scrap Ooze","player_choice":"unsuccessful","floor":8,"damage_taken":5}],"is_beta":true,"boss_relics":[],"items_purged_floors":[],"is_endless":false,"potions_floor_spawned":[4],"killed_by":"2 Fungi Beasts","ascension_level":15}