{"gold_per_floor":[114,289,289,299,309,335,335,335],"floor_reached":8,"playtime":362,"items_purged":[],"score":92,"play_id":"1402551c-9187-4cc2-ad48-d99844731695","local_time":"20190203154235","is_ascension_mode":true,"campfire_choices":[],"neow_cost":"NONE","seed_source_timestamp":506522258556603,"circlet_count":0,"master_deck":["AscendersBane","Strike_R","Strike_R","Strike_R","Strike_R","Strike_R+1","Defend_R","Defend_R","Defend_R","Defend_R","Bash","Armaments","Doubt","Reaper+1","Warcry","Shrug It Off","Shrug It Off"],"relics":["Burning Blood","The Courier"],"potions_floor_usage":[6,6],"damage_taken":[{"damage":12,"enemies":"Jaw Worm","floor":1,"turns":2},{"damage":1,"enemies":"Cultist","floor":4,"turns":4},{"damage":15,"enemies":"2 Louse","floor":5,"turns":3},{"damage":59,"enemies":"Lagavulin","floor":6,"turns":10},{"damage":6,"enemies":"Exordium Wildlife","floor":8,"turns":1}],"seed_played":"-1319391510931602378","potions_obtained":[{"floor":1,"key":"LiquidBronze"},{"floor":5,"key":"SkillPotion"}],"is_trial":false,"path_per_floor":["M","?","?","M","M","E","?","M"],"character_chosen":"IRONCLAD","items_purchased":[],"campfire_rested":0,"item_purchase_floors":[],"current_hp_per_floor":[74,74,74,79,70,20,2,0],"gold":335,"neow_bonus":"TEN_PERCENT_HP_BONUS","is_prod":false,"is_daily":false,"chose_seed":false,"campfire_upgraded":0,"win_rate":0,"timestamp":1549230155,"path_taken":["M","?","?","?","?","E","?","M"],"build_version":"2019-01-23","purchased_purges":0,"victory":false,"max_hp_per_floor":[88,88,88,88,88,88,88,88],"card_choices":[{"not_picked":["Blood for Blood","Anger"],"picked":"Armaments","floor":1},{"not_picked":["Headbutt","Clash"],"picked":"Warcry","floor":4},{"not_picked":["True Grit","Disarm"],"picked":"Shrug It Off","floor":5},{"not_picked":["Entrench","Cleave"],"picked":"Shrug It Off","floor":6}],"player_experience":526644,"relics_obtained":[{"floor":6,"key":"The Courier"}],"event_choices":[{"damage_healed":0,"gold_gain":175,"player_choice":"AGREE","damage_taken":0,"max_hp_gain":0,"max_hp_loss":0,"event_name":"Liars Game","floor":2,"gold_loss":0,"cards_obtained":["Doubt"]},{"damage_healed":0,"gold_gain":0,"player_choice":"1 cards matched","damage_taken":0,"max_hp_gain":0,"max_hp_loss":0,"event_name":"Match and Keep!","floor":3,"gold_loss":0,"cards_obtained":["Reaper"]},{"damage_healed":0,"gold_gain":0,"player_choice":"Entered Light","damage_taken":18,"max_hp_gain":0,"max_hp_loss":0,"event_name":"Shining Light","floor":7,"gold_loss":0,"cards_upgraded":["Strike_R","Reaper"]}],"is_beta":false,"boss_relics":[],"items_purged_floors":[],"is_endless":false,"potions_floor_spawned":[1,5],"killed_by":"Exordium Wildlife","ascension_level":13}