{"gold_per_floor":[112,122,122,47,58,58,71,83,83,83,258,284,234,244,244,342,342,358,377,395,395,310,310,337,337,390,402,420,420],"floor_reached":29,"playtime":3102,"items_purged":["Defend_B"],"score":297,"play_id":"f38edfb1-dfbc-43a9-9027-e419fa9c5202","local_time":"20180703162538","is_ascension_mode":false,"campfire_choices":[{"data":"Zap","floor":6,"key":"SMITH"},{"data":"Cold Snap","floor":10,"key":"SMITH"},{"data":"Blizzard","floor":15,"key":"SMITH"},{"data":"Rainbow","floor":23,"key":"SMITH"},{"data":"Redo","floor":25,"key":"SMITH"}],"neow_cost":"NONE","seed_source_timestamp":550133299339689,"circlet_count":0,"master_deck":["Strike_B","Strike_B","Strike_B","Defend_B","Defend_B","Defend_B","Zap+1","Dualcast","Static Discharge","Chill","Glacier","Cold Snap+1","Ball Lightning","Blizzard+1","Rainbow+1","Redo+1","Compile Driver+1","Decay"],"relics":["Cracked Core","Vajra","Shuriken","Unceasing Top","Orrery","Molten Egg 2","Bird Faced Urn","Anchor"],"potions_floor_usage":[12,20,24,27,27,29],"damage_taken":[{"damage":5,"enemies":"Small Slimes","floor":1,"turns":3},{"damage":2,"enemies":"2 Louse","floor":2,"turns":2},{"damage":0,"enemies":"Jaw Worm","floor":5,"turns":5},{"damage":0,"enemies":"Gremlin Gang","floor":7,"turns":5},{"damage":4,"enemies":"Exordium Wildlife","floor":8,"turns":3},{"damage":12,"enemies":"Gremlin Nob","floor":12,"turns":5},{"damage":0,"enemies":"Large Slime","floor":14,"turns":3},{"damage":0,"enemies":"Hexaghost","floor":16,"turns":9},{"damage":11,"enemies":"Chosen","floor":18,"turns":4},{"damage":8,"enemies":"3 Byrds","floor":19,"turns":4},{"damage":10,"enemies":"Cultist and Chosen","floor":20,"turns":5},{"damage":31,"enemies":"Gremlin Leader","floor":24,"turns":9},{"damage":14,"enemies":"Centurion and Healer","floor":27,"turns":9},{"damage":0,"enemies":"3 Cultists","floor":28,"turns":5},{"damage":0,"enemies":"Snecko","floor":29,"turns":4}],"seed_played":"4202879282792289834","potions_obtained":[{"floor":2,"key":"Swift Potion"},{"floor":5,"key":"Block Potion"},{"floor":7,"key":"SteroidPotion"},{"floor":12,"key":"Fire Potion"},{"floor":14,"key":"Dexterity Potion"},{"floor":24,"key":"GamblersBrew"},{"floor":27,"key":"Strength Potion"},{"floor":28,"key":"GamblersBrew"}],"is_trial":false,"path_per_floor":["M","M","?","$","M","R","M","M","T","R","?","E","?","M","R","B",null,"M","M","M","?","?","R","E","R","T","M","M"],"character_chosen":"DEFECT","items_purchased":[],"campfire_rested":0,"item_purchase_floors":[],"current_hp_per_floor":[70,68,43,43,43,43,43,39,39,39,39,27,27,27,27,27,75,64,56,46,46,46,46,15,15,15,1,1,1],"gold":420,"neow_bonus":"TRANSFORM_CARD","is_prod":false,"is_daily":false,"chose_seed":false,"campfire_upgraded":5,"win_rate":0,"timestamp":1530599138,"path_taken":["M","M","?","$","M","R","M","M","T","R","?","E","?","?","R","BOSS","M","M","M","?","?","R","E","R","T","M","?","?"],"build_version":"2018-06-28","purchased_purges":1,"victory":false,"max_hp_per_floor":[75,75,75,75,75,75,75,75,75,75,75,75,75,75,75,75,75,75,75,75,75,75,75,75,75,75,75,75,75],"card_choices":[{"not_picked":["Stack","Sweeping Beam"],"picked":"Chill","floor":1},{"not_picked":["Turbo","Hologram"],"picked":"Glacier","floor":2},{"not_picked":["Stack","Steam","Auto Shields"],"picked":"SKIP","floor":5},{"not_picked":["Barrage","Sweeping Beam"],"picked":"Cold Snap","floor":7},{"not_picked":["Streamline","Turbo","Beam Cell"],"picked":"SKIP","floor":8},{"not_picked":["Aggregate","Undo"],"picked":"Ball Lightning","floor":12},{"not_picked":["Storm","Creative AI"],"picked":"Blizzard","floor":14},{"not_picked":["Biased Cognition","Echo Form"],"picked":"Rainbow","floor":16},{"not_picked":["Scrape","Storm"],"picked":"Redo","floor":17},{"not_picked":["Turbo+1","Gash","Redo"],"picked":"SKIP","floor":18},{"not_picked":["Aggregate","Beam Cell","Reinforced Body+1"],"picked":"SKIP","floor":19},{"not_picked":["Reinforced Body+1","Barrage"],"picked":"Compile Driver+1","floor":20},{"not_picked":["Genetic Algorithm","Leap+1","Thunder Strike+1"],"picked":"SKIP","floor":24},{"not_picked":["Gash+1","Leap","Aggregate"],"picked":"SKIP","floor":27},{"not_picked":["Compile Driver+1","Static Discharge","Redo"],"picked":"SKIP","floor":28}],"player_experience":453215,"relics_obtained":[{"floor":9,"key":"Shuriken"},{"floor":12,"key":"Unceasing Top"},{"floor":24,"key":"Bird Faced Urn"},{"floor":26,"key":"Anchor"}],"event_choices":[{"event_name":"Scrap Ooze","player_choice":"success","floor":3,"damage_taken":25},{"event_name":"Liars Game","player_choice":"agreed","floor":11,"damage_taken":0},{"event_name":"The Cleric","player_choice":"Card Removal","floor":13,"damage_taken":0},{"event_name":"Wheel of Change","player_choice":"Curse","floor":21,"damage_taken":0},{"event_name":"Addict","player_choice":"Obtained Relic","floor":22,"damage_taken":0}],"boss_relics":[{"not_picked":["Fusion Hammer","Ectoplasm"],"picked":"Orrery"}],"items_purged_floors":[4],"is_endless":false,"potions_floor_spawned":[2,5,7,12,14,18,24,27,28],"killed_by":"Snecko","ascension_level":0}