{"gold_per_floor":[119,132,15,290,301,327,341,341,341,360,389,389,420,434,434,505,505,516,516,32,48,48,48,58,58],"floor_reached":25,"playtime":790,"items_purged":[],"score":446,"play_id":"0d878c2e-369b-46bb-999b-08b9c00852fd","local_time":"20181212110902","is_ascension_mode":true,"campfire_choices":[{"floor":8,"key":"REST"},{"floor":12,"key":"REST"},{"data":"Armaments","floor":15,"key":"SMITH"},{"floor":23,"key":"REST"}],"neow_cost":"NONE","seed_source_timestamp":141350093002549,"circlet_count":0,"master_deck":["AscendersBane","Strike_R","Strike_R","Strike_R","Strike_R","Defend_R","Defend_R","Defend_R","Bash","Twin Strike","True Grit","Inflame","Shrug It Off","Regret","Headbutt","Havoc","Body Slam","Burning Pact","Pommel Strike","Armaments+1","Flame Barrier","Dark Embrace","Shockwave","Armaments","Dropkick","Flying Knee"],"relics":["Burning Blood","NeowsBlessing","Red Skull","Blue Candle","Singing Bowl","Oddly Smooth Stone","Philosopher\u0027s Stone","Shuriken","PrismaticShard"],"potions_floor_usage":[10,13,13,18,24,25],"damage_taken":[{"damage":0,"enemies":"2 Louse","floor":1,"turns":1},{"damage":0,"enemies":"Cultist","floor":2,"turns":1},{"damage":0,"enemies":"Small Slimes","floor":5,"turns":1},{"damage":34,"enemies":"3 Sentries","floor":6,"turns":9},{"damage":17,"enemies":"Blue Slaver","floor":7,"turns":4},{"damage":5,"enemies":"Red Slaver","floor":10,"turns":3},{"damage":35,"enemies":"Gremlin Nob","floor":11,"turns":4},{"damage":24,"enemies":"3 Sentries","floor":13,"turns":5},{"damage":5,"enemies":"Gremlin Gang","floor":14,"turns":5},{"damage":19,"enemies":"The Guardian","floor":16,"turns":14},{"damage":41,"enemies":"3 Byrds","floor":18,"turns":5},{"damage":18,"enemies":"Spheric Guardian","floor":21,"turns":4},{"damage":30,"enemies":"3 Cultists","floor":24,"turns":5},{"damage":33,"enemies":"Shelled Parasite and Fungi","floor":25,"turns":1}],"seed_played":"-1071953791363702370","potions_obtained":[{"floor":7,"key":"SteroidPotion"},{"floor":10,"key":"Fire Potion"},{"floor":11,"key":"AttackPotion"},{"floor":16,"key":"Explosive Potion"},{"floor":18,"key":"LiquidBronze"},{"floor":24,"key":"PowerPotion"}],"is_trial":false,"path_per_floor":["M","M","$","?","M","E","M","R","T","M","E","R","E","M","R","B",null,"M","?","$","M","?","R","M","M"],"character_chosen":"IRONCLAD","items_purchased":["Inflame","Shrug It Off","Shuriken","PrismaticShard"],"campfire_rested":3,"item_purchase_floors":[3,3,20,20],"current_hp_per_floor":[74,75,75,75,75,47,36,58,58,59,30,52,34,35,35,22,62,27,27,27,17,17,40,16,0],"gold":58,"neow_bonus":"THREE_ENEMY_KILL","is_prod":false,"is_daily":false,"chose_seed":false,"campfire_upgraded":1,"win_rate":0,"timestamp":1544638142,"path_taken":["M","M","$","?","?","E","M","R","T","?","E","R","E","M","R","BOSS","M","?","$","M","?","R","M","M"],"build_version":"2018-12-06","purchased_purges":0,"victory":false,"max_hp_per_floor":[75,75,75,75,75,75,75,75,75,75,75,75,75,75,75,75,75,75,75,75,77,77,77,77,77],"card_choices":[{"not_picked":["Wild Strike","Iron Wave"],"picked":"Twin Strike","floor":1},{"not_picked":["Feel No Pain","Rage"],"picked":"True Grit","floor":2},{"not_picked":["Flex","Entrench"],"picked":"Headbutt","floor":5},{"not_picked":["Combust","Thunderclap"],"picked":"Havoc","floor":6},{"not_picked":["Twin Strike","Ghostly Armor"],"picked":"Body Slam","floor":7},{"not_picked":["Battle Trance","Twin Strike"],"picked":"Burning Pact","floor":10},{"not_picked":["Rampage","Thunderclap"],"picked":"Pommel Strike","floor":11},{"not_picked":["Bloodletting","Perfected Strike"],"picked":"Armaments","floor":13},{"not_picked":["Sentinel","Rage"],"picked":"Flame Barrier","floor":14},{"not_picked":["Brutality","Bludgeon"],"picked":"Dark Embrace","floor":16},{"not_picked":["Wild Strike","Battle Trance"],"picked":"Shockwave","floor":18},{"not_picked":["Combust","Warcry","Deadly Poison"],"picked":"Singing Bowl","floor":21},{"not_picked":["Lockon","Forethought"],"picked":"Flying Knee","floor":24}],"player_experience":610250,"relics_obtained":[{"floor":6,"key":"Red Skull"},{"floor":9,"key":"Blue Candle"},{"floor":11,"key":"Singing Bowl"},{"floor":13,"key":"Oddly Smooth Stone"}],"event_choices":[{"damage_healed":0,"gold_gain":275,"player_choice":"Desecrate","damage_taken":0,"max_hp_gain":0,"max_hp_loss":0,"event_name":"Golden Shrine","floor":4,"gold_loss":0,"cards_obtained":["Regret"]},{"damage_healed":0,"gold_gain":0,"player_choice":"Ignored","damage_taken":0,"max_hp_gain":0,"max_hp_loss":0,"event_name":"Ghosts","floor":19,"gold_loss":0},{"damage_healed":0,"gold_gain":0,"cards_transformed":["Defend_R","Strike_R"],"player_choice":"Became Test Subject","damage_taken":0,"max_hp_gain":0,"max_hp_loss":0,"event_name":"Drug Dealer","floor":22,"gold_loss":0,"cards_obtained":["Armaments","Dropkick"]}],"is_beta":false,"boss_relics":[{"not_picked":["Black Star","Cursed Key"],"picked":"Philosopher\u0027s Stone"}],"items_purged_floors":[],"is_endless":false,"potions_floor_spawned":[7,10,11,16,18,24],"killed_by":"Shelled Parasite and Fungi","ascension_level":20}