{"path_per_floor":["M","?","?","?","?","E","R","M","T","M","E","$","M","M","R","B",null,"M","?","M","?","$"],"character_chosen":"IRONCLAD","items_purchased":[],"gold_per_floor":[112,112,112,112,112,139,139,156,183,194,224,149,168,187,187,288,288,301,301,312,237,137,137],"floor_reached":23,"campfire_rested":2,"playtime":760,"current_hp_per_floor":[71,68,68,61,61,15,39,43,43,39,36,36,27,23,47,11,80,28,28,19,19,19,0],"items_purged":["Defend_R","Strike_R"],"gold":137,"score":245,"play_id":"2638b799-d84a-45fb-9f32-b75b0e83e9d8","local_time":"20180401210619","is_prod":false,"is_daily":false,"is_ascension_mode":true,"campfire_upgraded":0,"timestamp":1522634779,"path_taken":["M","?","?","?","?","E","R","M","T","M","E","$","?","M","R","BOSS","M","?","M","?","$","E"],"build_version":"2018-03-29v2","purchased_purges":2,"victory":false,"master_deck":["Strike_R","Defend_R","Defend_R","Bash","Berserk","Disarm","Berserk","Ghostly","Ghostly","Ghostly","Ghostly","Ghostly"],"max_hp_per_floor":[80,80,80,80,80,80,80,80,80,80,80,80,80,80,80,80,80,80,40,40,40,40,40],"relics":["Burning Blood","Blood Vial","Pantograph","Bag of Marbles","Bronze Scales","Black Star"],"card_choices":[{"not_picked":["Shockwave","Heavy Blade"],"picked":"Berserk","floor":6},{"not_picked":["Pommel Strike","True Grit"],"picked":"Disarm","floor":14},{"not_picked":["Double Tap","Juggernaut"],"picked":"Berserk","floor":16}],"player_experience":115308,"potions_floor_usage":[6,6,11,11,16,20],"damage_taken":[{"damage":15,"enemies":"Small Slimes","floor":1,"turns":3},{"damage":54,"enemies":"Lagavulin","floor":6,"turns":6},{"damage":4,"enemies":"2 Louse","floor":8,"turns":4},{"damage":12,"enemies":"Jaw Worm","floor":10,"turns":3},{"damage":20,"enemies":"Gremlin Nob","floor":11,"turns":4},{"damage":17,"enemies":"Looter","floor":13,"turns":3},{"damage":12,"enemies":"3 Louse","floor":14,"turns":4},{"damage":69,"enemies":"Hexaghost","floor":16,"turns":11},{"damage":58,"enemies":"Chosen","floor":18,"turns":6},{"damage":17,"enemies":"Spheric Guardian","floor":20,"turns":7},{"damage":22,"enemies":"Book of Stabbing","floor":23,"turns":6}],"event_choices":[{"event_name":"Scrap Ooze","player_choice":"success","floor":2,"damage_taken":3},{"event_name":"Living Wall","player_choice":"Forget","floor":3,"damage_taken":0},{"event_name":"Golden Wing","player_choice":"Card Removal","floor":4,"damage_taken":0},{"event_name":"The Lab","player_choice":"Got Potions","floor":5,"damage_taken":0},{"event_name":"Ghosts","player_choice":"Became a Ghost","floor":19,"damage_taken":0},{"event_name":"Beggar","player_choice":"Gave Gold","floor":21,"damage_taken":0}],"boss_relics":[{"not_picked":["Pandora\u0027s Box","Cursed Key"],"picked":"Black Star"}],"potions_floor_spawned":[1,6,10,14,16,18,20],"seed_played":"953793948952652981","killed_by":"Book of Stabbing","ascension_level":2,"is_trial":false}