{"gold_per_floor":[209,224,234,250,268,303,303,328,328,328,328,363,382,5,5,100,100,117,117,117,33,50,50,50],"floor_reached":24,"playtime":5267,"items_purged":[],"score":227,"play_id":"237482a9-d64f-4599-931c-fb6b5aab6db8","local_time":"20181207000903","is_ascension_mode":true,"campfire_choices":[{"floor":7,"key":"REST"},{"floor":11,"key":"REST"},{"floor":15,"key":"REST"},{"floor":23,"key":"REST"}],"neow_cost":"NONE","seed_source_timestamp":1089674896145806,"circlet_count":0,"master_deck":["Strike_B","Strike_B","Strike_B","Strike_B","Defend_B","Defend_B","Defend_B","Defend_B","Zap","Dualcast","Defragment","Rebound","Sweeping Beam","Hologram","Defragment","Streamline","Undo","Steam","Coolheaded","Sunder+1","Creative AI","Lockon+1","Finesse","Barrage+1"],"relics":["Cracked Core","Dodecahedron","WingedGreaves","Molten Egg 2","Juzu Bracelet","FossilizedHelix","Black Star"],"potions_floor_usage":[13,16,16,22],"damage_taken":[{"damage":2,"enemies":"Jaw Worm","floor":1,"turns":4},{"damage":1,"enemies":"Small Slimes","floor":2,"turns":4},{"damage":6,"enemies":"2 Louse","floor":3,"turns":3},{"damage":16,"enemies":"Large Slime","floor":4,"turns":6},{"damage":0,"enemies":"Lots of Slimes","floor":5,"turns":1},{"damage":26,"enemies":"Gremlin Nob","floor":6,"turns":4},{"damage":21,"enemies":"Lagavulin","floor":8,"turns":6},{"damage":36,"enemies":"3 Sentries","floor":12,"turns":6},{"damage":28,"enemies":"Exordium Wildlife","floor":13,"turns":4},{"damage":5,"enemies":"The Guardian","floor":16,"turns":12},{"damage":28,"enemies":"3 Byrds","floor":18,"turns":5},{"damage":31,"enemies":"Colosseum Slavers","floor":19,"turns":5},{"damage":0,"enemies":"Chosen","floor":22,"turns":6},{"damage":47,"enemies":"Slavers","floor":24,"turns":2}],"seed_played":"971987910423422195","potions_obtained":[{"floor":2,"key":"Energy Potion"},{"floor":3,"key":"LiquidBronze"},{"floor":6,"key":"Explosive Potion"},{"floor":18,"key":"Dexterity Potion"},{"floor":22,"key":"SteroidPotion"}],"is_trial":false,"path_per_floor":["M","M","M","M","M","E","R","E","T","?","R","E","M","$","R","B",null,"M","?","?","$","M","R","E"],"character_chosen":"DEFECT","items_purchased":["FossilizedHelix","Sunder+1","Finesse"],"campfire_rested":4,"item_purchase_floors":[14,14,21],"current_hp_per_floor":[73,72,66,50,50,24,46,25,25,50,72,36,8,8,30,25,75,47,16,16,16,16,38,0],"gold":50,"neow_bonus":"HUNDRED_GOLD","is_prod":false,"is_daily":false,"chose_seed":false,"campfire_upgraded":0,"win_rate":0,"timestamp":1544159343,"path_taken":["M","M","M","M","M","E","R","E","T","?","R","E","M","$","R","BOSS","M","?","?","?","M","R","E"],"build_version":"2018-12-06","purchased_purges":0,"victory":false,"max_hp_per_floor":[75,75,75,75,75,75,75,75,75,75,75,75,75,75,75,75,75,75,75,75,75,75,75,75],"card_choices":[{"not_picked":["Beam Cell","Barrage"],"picked":"Defragment","floor":1},{"not_picked":["Redo","Turbo"],"picked":"Rebound","floor":2},{"not_picked":["Stack","Scrape"],"picked":"Sweeping Beam","floor":3},{"not_picked":["Stack","Double Energy"],"picked":"Hologram","floor":4},{"not_picked":["Aggregate","Fusion"],"picked":"Defragment","floor":5},{"not_picked":["Thunder Strike","Go for the Eyes"],"picked":"Streamline","floor":6},{"not_picked":["Skim","Fission"],"picked":"Undo","floor":8},{"not_picked":["Heatsinks","Force Field"],"picked":"Steam","floor":12},{"not_picked":["Glacier","Conserve Battery"],"picked":"Coolheaded","floor":13},{"not_picked":["Multi-Cast","Meteor Strike+1"],"picked":"Creative AI","floor":16},{"not_picked":["Blizzard+1","Tempest"],"picked":"Lockon+1","floor":18},{"not_picked":["Conserve Battery","Stack"],"picked":"Barrage+1","floor":22}],"player_experience":150185,"relics_obtained":[{"floor":6,"key":"Dodecahedron"},{"floor":8,"key":"WingedGreaves"},{"floor":9,"key":"Molten Egg 2"},{"floor":12,"key":"Juzu Bracelet"}],"event_choices":[{"damage_healed":25,"gold_gain":0,"player_choice":"Banana","damage_taken":0,"max_hp_gain":0,"max_hp_loss":0,"event_name":"Big Fish","floor":10,"gold_loss":0},{"damage_healed":0,"gold_gain":0,"player_choice":"Fight","damage_taken":0,"max_hp_gain":0,"max_hp_loss":0,"event_name":"Colosseum","floor":19,"gold_loss":0},{"damage_healed":0,"gold_gain":0,"player_choice":"Fled From Nobs","damage_taken":0,"max_hp_gain":0,"max_hp_loss":0,"event_name":"Colosseum","floor":19,"gold_loss":0},{"damage_healed":0,"gold_gain":0,"player_choice":"Ignored","damage_taken":0,"max_hp_gain":0,"max_hp_loss":0,"event_name":"Beggar","floor":20,"gold_loss":0}],"is_beta":false,"boss_relics":[{"not_picked":["Runic Pyramid","FrozenCore"],"picked":"Black Star"}],"items_purged_floors":[],"is_endless":false,"potions_floor_spawned":[2,3,6,12,18,22],"killed_by":"Slavers","ascension_level":1}