{"gold_per_floor":[112,92,106,117,131,131,166,166,166,166,196,208,224,242,242,315,315,330,343,393,393,62,93,93,293,318,318,28,28,2,21,21,100,100,114,131,149,149],"floor_reached":38,"playtime":3628,"items_purged":["Strike_G"],"score":865,"play_id":"f57ff762-80d4-4126-932d-fb656301cd8a","local_time":"20190128134715","is_ascension_mode":true,"campfire_choices":[{"data":"Dagger Spray","floor":6,"key":"SMITH"},{"data":"Neutralize","floor":8,"key":"SMITH"},{"floor":15,"key":"REST"},{"floor":24,"key":"REST"},{"data":"Catalyst","floor":27,"key":"SMITH"},{"data":"Dodge and Roll","floor":29,"key":"SMITH"},{"data":"Footwork","floor":32,"key":"SMITH"}],"neow_cost":"NONE","seed_source_timestamp":1024906582806821,"circlet_count":0,"master_deck":["AscendersBane","Defend_G","Defend_G","Defend_G","Defend_G","Survivor","Neutralize+1","Deadly Poison","Dagger Throw","Footwork+1","Dagger Spray+1","Well Laid Plans","All Out Attack+1","Dagger Throw+1","Predator+1","Sucker Punch+1","Bullet Time","Poisoned Stab+1","Underhanded Strike+1","Glass Knife+1","Dagger Throw+1","Dagger Throw+1","Catalyst+1","Crippling Poison","Dodge and Roll+1","Flying Knee+1","Dodge and Roll","Tools of the Trade","Deflect+1","PiercingWail","PiercingWail"],"relics":["Ring of the Snake","Mercury Hourglass","Molten Egg 2","Gremlin Horn","Centennial Puzzle","Astrolabe","Snake Skull","Mummified Hand","Dream Catcher","Happy Flower","Empty Cage"],"potions_floor_usage":[7,11,14,33,37],"damage_taken":[{"damage":0,"enemies":"Small Slimes","floor":1,"turns":4},{"damage":0,"enemies":"Cultist","floor":3,"turns":4},{"damage":0,"enemies":"2 Louse","floor":4,"turns":3},{"damage":1,"enemies":"Looter","floor":5,"turns":4},{"damage":32,"enemies":"Lagavulin","floor":7,"turns":6},{"damage":31,"enemies":"Gremlin Nob","floor":11,"turns":4},{"damage":0,"enemies":"2 Fungi Beasts","floor":12,"turns":2},{"damage":0,"enemies":"Gremlin Gang","floor":13,"turns":1},{"damage":0,"enemies":"Large Slime","floor":14,"turns":3},{"damage":15,"enemies":"The Guardian","floor":16,"turns":11},{"damage":1,"enemies":"Chosen","floor":18,"turns":3},{"damage":0,"enemies":"Spheric Guardian","floor":19,"turns":3},{"damage":0,"enemies":"Gremlin Leader","floor":23,"turns":4},{"damage":12,"enemies":"Snake Plant","floor":31,"turns":3},{"damage":43,"enemies":"Automaton","floor":33,"turns":10},{"damage":5,"enemies":"Orb Walker","floor":35,"turns":2},{"damage":3,"enemies":"3 Shapes","floor":36,"turns":5},{"damage":30,"enemies":"Writhing Mass","floor":37,"turns":6},{"damage":24,"enemies":"Jaw Worm Horde","floor":38,"turns":2}],"seed_played":"5983871986959393889","potions_obtained":[{"floor":2,"key":"PowerPotion"},{"floor":3,"key":"Explosive Potion"},{"floor":7,"key":"AttackPotion"},{"floor":11,"key":"Explosive Potion"},{"floor":14,"key":"SpeedPotion"},{"floor":19,"key":"Energy Potion"},{"floor":33,"key":"Poison Potion"},{"floor":37,"key":"LiquidBronze"}],"is_trial":false,"path_per_floor":["M","?","M","M","M","R","E","R","T","?","E","M","M","M","R","B",null,"M","M","?","?","$","E","R","?","T","R","$","R","$","M","R","B",null,"M","M","M","M"],"character_chosen":"THE_SILENT","items_purchased":["Snake Skull","Catalyst","Crippling Poison","Happy Flower","Dodge and Roll","Flying Knee+1"],"campfire_rested":2,"item_purchase_floors":[22,22,22,28,28,30],"current_hp_per_floor":[65,65,65,65,64,64,32,32,32,32,1,1,1,1,22,7,56,55,55,55,35,35,35,58,58,58,58,58,58,58,46,46,3,59,54,51,21,0],"gold":149,"neow_bonus":"TEN_PERCENT_HP_BONUS","is_prod":false,"is_daily":false,"chose_seed":false,"campfire_upgraded":5,"win_rate":0,"timestamp":1548712035,"path_taken":["M","?","?","M","M","R","E","R","T","?","E","M","M","?","R","BOSS","M","?","?","?","$","E","R","?","T","R","$","R","$","M","R","BOSS","M","M","?","M"],"build_version":"2019-01-23","purchased_purges":1,"victory":false,"max_hp_per_floor":[72,72,72,72,72,72,72,72,72,72,72,72,72,72,72,72,72,72,72,72,77,77,77,77,77,77,77,77,77,77,77,77,77,77,77,77,77,77],"card_choices":[{"not_picked":["Dodge and Roll","Sucker Punch"],"picked":"Deadly Poison","floor":1},{"not_picked":["Flying Knee","Blur"],"picked":"Dagger Throw","floor":3},{"not_picked":["Bane","Accuracy"],"picked":"Footwork","floor":4},{"not_picked":["Flechettes","Choke"],"picked":"Dagger Spray","floor":5},{"not_picked":["PiercingWail","Deflect"],"picked":"Well Laid Plans","floor":7},{"not_picked":["Expertise","Sucker Punch+1"],"picked":"All Out Attack+1","floor":11},{"not_picked":["Deflect","Blade Dance"],"picked":"Dagger Throw+1","floor":12},{"not_picked":["PiercingWail","Deadly Poison"],"picked":"Predator+1","floor":13},{"not_picked":["Finisher+1","Storm of Steel"],"picked":"Sucker Punch+1","floor":14},{"not_picked":["Phantasmal Killer","Storm of Steel"],"picked":"Bullet Time","floor":16},{"not_picked":["Slice+1","Acrobatics"],"picked":"Dagger Throw+1","floor":18},{"not_picked":["Masterful Stab+1","Quick Slash+1"],"picked":"Dagger Throw+1","floor":19},{"not_picked":["Accuracy","Doppelganger","Eviscerate+1"],"picked":"SKIP","floor":23},{"not_picked":["Blade Dance","Bane+1"],"picked":"Dodge and Roll","floor":31},{"not_picked":["Bullet Time","Grand Finale+1"],"picked":"Tools of the Trade","floor":33},{"not_picked":["Flying Knee+1","Backstab+1"],"picked":"Deflect+1","floor":35},{"not_picked":["Blur","Backstab+1"],"picked":"PiercingWail","floor":36},{"not_picked":["Eviscerate+1","Finisher+1"],"picked":"PiercingWail","floor":37}],"player_experience":1773683,"relics_obtained":[{"floor":7,"key":"Mercury Hourglass"},{"floor":9,"key":"Molten Egg 2"},{"floor":11,"key":"Centennial Puzzle"},{"floor":23,"key":"Mummified Hand"},{"floor":26,"key":"Dream Catcher"}],"event_choices":[{"damage_healed":0,"gold_gain":0,"player_choice":"Bought 1 Potion","damage_taken":0,"max_hp_gain":0,"max_hp_loss":0,"event_name":"The Woman in Blue","floor":2,"gold_loss":0},{"damage_healed":0,"gold_gain":0,"player_choice":"Gave Potion","damage_taken":0,"relics_obtained":["Gremlin Horn"],"max_hp_gain":0,"max_hp_loss":0,"event_name":"WeMeetAgain","floor":10,"gold_loss":0},{"damage_healed":0,"gold_gain":50,"player_choice":"Stole From Cult","damage_taken":0,"max_hp_gain":0,"max_hp_loss":0,"event_name":"Nest","floor":20,"gold_loss":0},{"damage_healed":0,"gold_gain":0,"player_choice":"Shed Blood","damage_taken":25,"max_hp_gain":5,"max_hp_loss":0,"event_name":"Forgotten Altar","floor":21,"gold_loss":0},{"damage_healed":0,"gold_gain":250,"player_choice":"Bet on Owner","damage_taken":0,"max_hp_gain":0,"max_hp_loss":0,"event_name":"The Joust","floor":25,"gold_loss":50}],"is_beta":false,"boss_relics":[{"not_picked":["Coffee Dripper","Busted Crown"],"picked":"Astrolabe"},{"not_picked":["Black Star","Pandora\u0027s Box"],"picked":"Empty Cage"}],"items_purged_floors":[28],"is_endless":false,"potions_floor_spawned":[3,7,11,14,19,33,36,37],"killed_by":"Jaw Worm Horde","ascension_level":19}