{"path_per_floor":["M","M","M","$","?","E","M","E","T","M","E","M","M","M","R","B",null,"M","M","M","M","M","E","$","?","T","E","M","E","?","T","R","B",null,"M","M","?","$","M","E","R","M","T","M","M","R","$","?","R"],"character_chosen":"IRONCLAD","items_purchased":["Ginger","Happy Flower","Bag of Preparation"],"gold_per_floor":[119,131,143,68,68,103,114,139,139,150,178,191,205,222,222,326,326,344,360,371,384,394,425,325,285,285,312,327,389,389,389,389,490,490,509,521,521,50,70,105,105,119,146,161,172,172,19,19,19],"floor_reached":50,"campfire_rested":3,"playtime":3961,"current_hp_per_floor":[80,80,80,80,80,58,68,57,64,68,51,57,63,69,69,47,87,87,68,59,46,45,29,29,29,29,32,29,17,17,17,58,8,87,87,77,77,77,59,36,77,58,58,29,10,51,51,73,73],"items_purged":["Defend_R","Defend_R"],"gold":19,"score":510,"play_id":"3e540a4f-def1-4d71-bd64-5a9d36816073","is_prod":false,"is_daily":false,"is_ascension_mode":false,"campfire_upgraded":1,"path_taken":["M","M","M","$","?","E","M","E","T","M","E","M","M","M","R","BOSS","M","M","M","M","M","E","$","?","T","E","M","E","?","?","R","BOSS","M","M","?","$","M","E","R","M","T","M","?","R","?","?","R","BOSS"],"build_version":"2018-02-22-PROD2","purchased_purges":2,"victory":false,"master_deck":["Strike_R","Strike_R","Strike_R","Strike_R","Strike_R","Bash+1","Clash","Heavy Blade","Flex","Pommel Strike","Clash","Warcry+1","Brutality","Seeing Red","Wild Strike+1","Perfected Strike+1","Wild Strike+1","Warcry+1","Clash","Flex","Seeing Red","Brutality","Pommel Strike+1","Inflame+1","Twin Strike+1","Headbutt+1","Flex","Reckless Charge","Havoc+1","Headbutt+1","Warcry+1","Infernal Blade+1","Pommel Strike+1"],"max_hp_per_floor":[80,80,80,80,80,80,80,80,87,87,87,87,87,87,87,87,87,87,87,87,87,87,87,87,87,87,87,87,87,87,87,87,87,87,87,87,87,87,87,87,87,87,87,87,87,87,87,87,87],"relics":["Burning Blood","Gambling Chip","War Paint","Strawberry","Orichalcum","Question Card","Matryoshka","Bronze Scales","Calipers","Peace Pipe","Tiny Chest","Regal Pillow","Ice Cream","Astrolabe","Ginger","Happy Flower","Toolbox","Ancient Tea Set","Bag of Preparation"],"card_choices":[{"not_picked":["Evolve","Iron Wave"],"picked":"Clash"},{"not_picked":["Armaments","Clothesline"],"picked":"Heavy Blade"},{"not_picked":["Body Slam","Headbutt"],"picked":"Battle Trance"},{"not_picked":["Armaments","Sword Boomerang"],"picked":"Fiend Fire"},{"not_picked":["Shrug It Off","Burning Pact"],"picked":"Flex"},{"not_picked":["Shrug It Off","Blood for Blood"],"picked":"Pommel Strike"},{"not_picked":["Thunderclap","Reckless Charge"],"picked":"Clash"},{"not_picked":["Blood for Blood","Intimidate"],"picked":"Warcry"},{"not_picked":["Immolate","Impervious"],"picked":"Brutality"},{"not_picked":["Body Slam","Twin Strike","Pommel Strike"],"picked":"Seeing Red"},{"not_picked":["Cleave","Body Slam","Thunderclap"],"picked":"Wild Strike"},{"not_picked":["Armaments","Infernal Blade","Uppercut"],"picked":"Perfected Strike"},{"not_picked":["Iron Wave","Body Slam","Twin Strike"],"picked":"Wild Strike"},{"not_picked":["Second Wind","Brutality","Fire Breathing"],"picked":"Warcry"},{"not_picked":["True Grit","Clothesline","Twin Strike"],"picked":"Clash"},{"not_picked":["Limit Break","Dropkick","Body Slam"],"picked":"Flex"},{"not_picked":["Entrench","Armaments","Headbutt"],"picked":"Seeing Red"},{"not_picked":["Fiend Fire","Reaper","Impervious"],"picked":"Brutality"},{"not_picked":["Dropkick","Armaments","Clash"],"picked":"Headbutt"},{"not_picked":["Metallicize","Shrug It Off","Perfected Strike"],"picked":"Flex"},{"not_picked":["Entrench","Iron Wave","Clothesline"],"picked":"Havoc"},{"not_picked":["Sword Boomerang","Immolate","Heavy Blade"],"picked":"Headbutt"},{"not_picked":["Twin Strike","Infernal Blade","Anger"],"picked":"Warcry"},{"not_picked":["Havoc","Ghostly Armor","Rage"],"picked":"Infernal Blade"},{"not_picked":["Body Slam","Battle Trance","Headbutt"],"picked":"Pommel Strike"}],"player_experience":49694,"potions_floor_usage":[22,23,23,23,27,29,33,33,50,50],"damage_taken":[{"damage":3.0,"enemies":"Small Slimes","floor":1.0,"turns":3.0},{"damage":0.0,"enemies":"2 Louse","floor":2.0,"turns":3.0},{"damage":0.0,"enemies":"Cultist","floor":3.0,"turns":3.0},{"damage":28.0,"enemies":"Gremlin Nob","floor":6.0,"turns":4.0},{"damage":11.0,"enemies":"Gremlin Gang","floor":7.0,"turns":7.0},{"damage":17.0,"enemies":"3 Sentries","floor":8.0,"turns":6.0},{"damage":2.0,"enemies":"Looter","floor":10.0,"turns":2.0},{"damage":23.0,"enemies":"Lagavulin","floor":11.0,"turns":4.0},{"damage":0.0,"enemies":"2 Fungi Beasts","floor":12.0,"turns":2.0},{"damage":0.0,"enemies":"Large Slime","floor":13.0,"turns":3.0},{"damage":0.0,"enemies":"Looter","floor":14.0,"turns":1.0},{"damage":28.0,"enemies":"The Guardian","floor":16.0,"turns":6.0},{"damage":6,"enemies":"Spheric Guardian","floor":18,"turns":3},{"damage":25,"enemies":"3 Byrds","floor":19,"turns":6},{"damage":15,"enemies":"Snake Plant","floor":20,"turns":3},{"damage":19,"enemies":"Centurion and Healer","floor":21,"turns":5},{"damage":7,"enemies":"Cultist and Chosen","floor":22,"turns":5},{"damage":22,"enemies":"Book of Stabbing","floor":23,"turns":3},{"damage":3,"enemies":"Gremlin Leader","floor":27,"turns":2},{"damage":9,"enemies":"Snecko","floor":28,"turns":3},{"damage":18,"enemies":"Slavers","floor":29,"turns":4},{"damage":56,"enemies":"Collector","floor":33,"turns":5},{"damage":4,"enemies":"Orb Walker","floor":35,"turns":2},{"damage":16,"enemies":"3 Shapes","floor":36,"turns":2},{"damage":24,"enemies":"Sphere and 2 Shapes","floor":39,"turns":3},{"damage":29,"enemies":"2 Orb Walkers","floor":40,"turns":3},{"damage":25,"enemies":"3 Darklings","floor":42,"turns":2},{"damage":35,"enemies":"Maw","floor":44,"turns":4},{"damage":25,"enemies":"Sphere and 2 Shapes","floor":45,"turns":3},{"damage":112,"enemies":"Awakened One","floor":50,"turns":5}],"event_choices":[{"event_name":"Liars Game","player_choice":"disagreed","floor":5.0,"damage_taken":0.0},{"event_name":"The Woman in Blue","player_choice":"Bought 3 Potions","floor":25,"damage_taken":0},{"event_name":"Vampires","player_choice":"Ignored","floor":30,"damage_taken":0},{"event_name":"Transmorgrifier","player_choice":"Transform","floor":37,"damage_taken":0},{"event_name":"Winding Halls","player_choice":"Writhe","floor":48,"damage_taken":0}],"boss_relics":[{"not_picked":["Mark of Pain","Runic Dome"],"picked":"Question Card"},{"not_picked":["Cursed Key","Snecko Eye"],"picked":"Astrolabe"}],"potions_floor_spawned":[1,2,8,12,13,14,20,21,22,28,35,42],"seed_played":"-997567356888866007","killed_by":"Awakened One","ascension_level":0,"is_trial":false}