{"gold_per_floor":[109,109,127,77,27,27,60,84,84,105,105,124,124,224,224,347,347,370,386,18,38,61,61,79,79,102,102,102,115,148,66,66,66],"floor_reached":33,"playtime":1898,"items_purged":[],"score":320,"play_id":"4e1f6287-bbae-4c4f-a527-8ef6ce7f55e1","local_time":"20190206143137","is_ascension_mode":true,"campfire_choices":[{"floor":6,"key":"REST"},{"floor":11,"key":"REST"},{"floor":13,"key":"REST"},{"floor":15,"key":"RECALL"},{"floor":23,"key":"REST"},{"floor":25,"key":"REST"},{"data":"Noxious Fumes","floor":28,"key":"SMITH"},{"floor":32,"key":"REST"}],"neow_cost":"PERCENT_DAMAGE","seed_source_timestamp":437156811195285,"circlet_count":0,"master_deck":["Defend_G","Defend_G","Defend_G","Defend_G","Defend_G","Strike_G","Strike_G","Strike_G","Strike_G","Survivor","Neutralize","Madness","Blind","Quick Slash","Poisoned Stab","Dagger Throw","Venomology","Backstab","Terror","Infinite Blades","Corpse Explosion","Blade Dance+1","Blur","Noxious Fumes+1","Deadly Poison","Dagger Spray","Bane+1","Backflip","Setup+1","Accuracy"],"relics":["Ring of the Snake","Golden Idol","Nunchaku","Shuriken","Runic Dome","Thread and Needle","Potion Belt","CultistMask","Peace Pipe"],"potions_floor_usage":[12,12,16,19,21,24,29,30,30,33,33],"damage_taken":[{"damage":0,"enemies":"Jaw Worm","floor":1,"turns":7},{"damage":0,"enemies":"2 Louse","floor":3,"turns":4},{"damage":32,"enemies":"Lagavulin","floor":7,"turns":6},{"damage":0,"enemies":"Cultist","floor":8,"turns":3},{"damage":3,"enemies":"Blue Slaver","floor":10,"turns":3},{"damage":1,"enemies":"Gremlin Gang","floor":12,"turns":4},{"damage":35,"enemies":"Slime Boss","floor":16,"turns":7},{"damage":5,"enemies":"Shell Parasite","floor":18,"turns":3},{"damage":13,"enemies":"Spheric Guardian","floor":19,"turns":4},{"damage":6,"enemies":"Centurion and Healer","floor":21,"turns":5},{"damage":9,"enemies":"Cultist and Chosen","floor":22,"turns":4},{"damage":30,"enemies":"Shelled Parasite and Fungi","floor":24,"turns":6},{"damage":11,"enemies":"Centurion and Healer","floor":29,"turns":6},{"damage":36,"enemies":"Book of Stabbing","floor":30,"turns":5},{"damage":48,"enemies":"Automaton","floor":33,"turns":8}],"seed_played":"8760315337461761087","potions_obtained":[{"floor":1,"key":"GhostInAJar"},{"floor":12,"key":"GhostInAJar"},{"floor":29,"key":"EssenceOfSteel"}],"is_trial":false,"path_per_floor":["M","?","M","?","$","R","E","M","T","M","R","M","R","?","R","B",null,"M","M","$","M","M","R","M","R","T","?","R","M","E","$","R","B"],"character_chosen":"THE_SILENT","items_purchased":["Dagger Throw","Noxious Fumes","Thread and Needle","Accuracy"],"campfire_rested":6,"item_purchase_floors":[5,20,20,31],"current_hp_per_floor":[49,32,32,32,32,53,21,21,21,18,39,38,59,59,59,24,70,65,52,52,46,37,58,28,49,49,49,49,50,14,14,35,0],"gold":66,"neow_bonus":"RANDOM_COLORLESS_2","is_prod":false,"is_daily":false,"chose_seed":false,"campfire_upgraded":1,"win_rate":0,"timestamp":1549459897,"path_taken":["M","?","M","?","$","R","E","M","T","M","R","M","R","?","R","BOSS","M","M","$","M","M","R","?","R","T","?","R","?","E","?","R","BOSS"],"build_version":"2019-01-23","purchased_purges":0,"victory":false,"max_hp_per_floor":[70,70,70,70,70,70,70,70,70,70,70,70,70,70,70,70,70,70,70,70,70,70,70,70,70,70,70,70,70,70,70,70,70],"card_choices":[{"not_picked":["Setup","Prepared"],"picked":"Quick Slash","floor":1},{"not_picked":["Catalyst","Leg Sweep"],"picked":"Poisoned Stab","floor":3},{"not_picked":["Backflip","Riddle With Holes"],"picked":"Venomology","floor":7},{"not_picked":["Reflex","Dagger Throw"],"picked":"Backstab","floor":8},{"not_picked":["Poisoned Stab","Underhanded Strike"],"picked":"Terror","floor":10},{"not_picked":["Masterful Stab","Calculated Gamble"],"picked":"Infinite Blades","floor":12},{"not_picked":["Glass Knife","Night Terror"],"picked":"Corpse Explosion","floor":16},{"not_picked":["Quick Slash","Tactician"],"picked":"Blade Dance+1","floor":18},{"not_picked":["Dagger Throw","Outmaneuver"],"picked":"Blur","floor":19},{"not_picked":["Expertise","Dagger Throw"],"picked":"Deadly Poison","floor":21},{"not_picked":["Flying Knee","Cloak And Dagger"],"picked":"Dagger Spray","floor":22},{"not_picked":["Poisoned Stab","Blade Dance"],"picked":"Bane+1","floor":24},{"not_picked":["Dagger Spray+1","Blade Dance+1"],"picked":"Backflip","floor":29},{"not_picked":["Riddle With Holes","Backflip"],"picked":"Setup+1","floor":30}],"player_experience":583495,"relics_obtained":[{"floor":7,"key":"Nunchaku"},{"floor":9,"key":"Shuriken"},{"floor":26,"key":"Potion Belt"},{"floor":30,"key":"Peace Pipe"}],"event_choices":[{"damage_healed":0,"gold_gain":0,"player_choice":"Take Damage","damage_taken":17,"relics_obtained":["Golden Idol"],"max_hp_gain":0,"max_hp_loss":0,"event_name":"Golden Idol","floor":2,"gold_loss":0},{"cards_removed":["Strike_G"],"damage_healed":0,"gold_gain":0,"player_choice":"Card Removal","damage_taken":0,"max_hp_gain":0,"max_hp_loss":0,"event_name":"The Cleric","floor":4,"gold_loss":50},{"damage_healed":0,"gold_gain":100,"player_choice":"Pray","damage_taken":0,"max_hp_gain":0,"max_hp_loss":0,"event_name":"Golden Shrine","floor":14,"gold_loss":0},{"damage_healed":0,"gold_gain":0,"player_choice":"Trade","damage_taken":0,"relics_obtained":["CultistMask"],"max_hp_gain":0,"max_hp_loss":0,"event_name":"FaceTrader","floor":27,"gold_loss":0}],"is_beta":false,"boss_relics":[{"not_picked":["Lizard Tail","Velvet Choker"],"picked":"Runic Dome"}],"items_purged_floors":[],"is_endless":false,"potions_floor_spawned":[1,12,16,18,21,22,29],"killed_by":"Automaton","ascension_level":4}