{"path_per_floor":["M","?","?","?","M","?","R","M","T","T","M","$","R","M","R","B",null,"M","?","?","?","$","E","R","$","T","M","?","R","M","M","R"],"character_chosen":"DEFECT","items_purchased":["Toxic Egg 2","Redo","Capacitor","Impulse","Darkness","Poison Potion"],"gold_per_floor":[114,289,289,289,299,299,299,311,335,635,650,166,166,176,176,276,276,245,170,170,170,42,77,77,77,77,97,97,97,114,130,130,130],"floor_reached":33,"campfire_rested":4,"playtime":1238,"current_hp_per_floor":[69,69,62,55,49,74,74,62,62,62,55,55,75,71,71,34,75,26,26,26,51,51,1,23,23,23,8,8,30,13,10,34,0],"items_purged":["Doubt"],"gold":130,"score":253,"play_id":"c7d63350-eb0d-42e3-b7af-a4b2aba78219","local_time":"20180509002111","is_prod":false,"is_daily":false,"chose_seed":false,"is_ascension_mode":false,"campfire_upgraded":2,"timestamp":1525818071,"path_taken":["M","?","?","?","M","?","R","M","T","?","?","$","R","M","R","BOSS","M","?","?","?","?","E","R","$","T","?","?","R","M","M","R","BOSS"],"build_version":"2018-05-07","seed_source_timestamp":14528800779321,"purchased_purges":1,"victory":false,"master_deck":["Strike_B","Strike_B","Defend_B","Defend_B","Defend_B","Zap","Dualcast","Hello World+1","Cold Snap","Coolheaded","Chaos+1","Ball Lightning","Redo+1","Capacitor","Impulse+1","Prime","Rainbow+1","Chill+1","Darkness+1","Tempest+1","Reprogram+1","White Noise+1","Conserve Battery+1"],"max_hp_per_floor":[75,75,75,75,75,75,75,75,75,75,75,75,75,75,75,75,75,75,75,75,75,75,75,75,75,75,75,75,75,75,80,80,80],"relics":["Cracked Core","Question Card","Omamori","Old Coin","Toxic Egg 2","Runic Pyramid","Bottled Lightning","Prayer Wheel"],"card_choices":[{"not_picked":["Aggregate","Sweeping Beam"],"picked":"Cold Snap","floor":1},{"not_picked":["Aggregate","Skim","Impulse"],"picked":"Coolheaded","floor":5},{"not_picked":["Force Field","Streamline","Hyperbeam"],"picked":"Chaos","floor":8},{"not_picked":["Loop","Cold Snap","Beam Cell"],"picked":"Ball Lightning","floor":11},{"not_picked":["Streamline","Force Field","Skim"],"picked":"Prime","floor":14},{"not_picked":["Amplify","Echo Form","Thunder Strike"],"picked":"Rainbow","floor":16},{"not_picked":["Cold Snap","Leap","Go for the Eyes"],"picked":"Chill","floor":18},{"not_picked":["Scrape","Stack","Sunder"],"picked":"Tempest","floor":23},{"not_picked":["Cold Snap","Streamline","Blizzard"],"picked":"Reprogram","floor":27},{"not_picked":["Rebound","Darkness","Barrage"],"picked":"White Noise","floor":30},{"not_picked":["Rebound","Sweeping Beam","Aggregate"],"picked":"Conserve Battery","floor":31}],"player_experience":58079,"potions_floor_usage":[16,23,31,33],"damage_taken":[{"damage":6,"enemies":"Jaw Worm","floor":1,"turns":3},{"damage":6,"enemies":"Small Slimes","floor":5,"turns":3},{"damage":12,"enemies":"2 Louse","floor":8,"turns":3},{"damage":7,"enemies":"Blue Slaver","floor":11,"turns":4},{"damage":4,"enemies":"Looter","floor":14,"turns":4},{"damage":37,"enemies":"The Guardian","floor":16,"turns":10},{"damage":49,"enemies":"2 Thieves","floor":18,"turns":5},{"damage":50,"enemies":"Book of Stabbing","floor":23,"turns":5},{"damage":15,"enemies":"Shell Parasite","floor":27,"turns":4},{"damage":17,"enemies":"Snecko","floor":30,"turns":4},{"damage":8,"enemies":"Cultist and Chosen","floor":31,"turns":5},{"damage":36,"enemies":"Automaton","floor":33,"turns":4}],"event_choices":[{"event_name":"Liars Game","player_choice":"agreed","floor":2,"damage_taken":0},{"event_name":"Scrap Ooze","player_choice":"success","floor":3,"damage_taken":7},{"event_name":"Golden Wing","player_choice":"Card Removal","floor":4,"damage_taken":0},{"event_name":"Big Fish","player_choice":"Banana","floor":6,"damage_taken":0},{"event_name":"Beggar","player_choice":"Gave Gold","floor":19,"damage_taken":0},{"event_name":"Vampires","player_choice":"Ignored","floor":20,"damage_taken":0},{"event_name":"The Library","player_choice":"Heal","floor":21,"damage_taken":0},{"event_name":"Forgotten Altar","player_choice":"Smashed Altar","floor":28,"damage_taken":0}],"boss_relics":[{"not_picked":["Calling Bell","Lizard Tail"],"picked":"Runic Pyramid"}],"potions_floor_spawned":[5,30,31],"seed_played":"-6913349473051310869","killed_by":"Automaton","ascension_level":0,"is_trial":false}