{"gold_per_floor":[110,110,110,130,149,182,207,207,260,260,29,65,90,116,116,241,241,257,66,90,66,84,84,99,168,194,145,186,186,186,224,224,349,349,370,87,87,107,130,130,463,463],"floor_reached":42,"playtime":2660,"items_purged":[],"score":538,"play_id":"7be97cd2-5c55-4bcb-aa73-1ff54ba51ec8","local_time":"20181206212510","is_ascension_mode":true,"campfire_choices":[{"floor":10,"key":"REST"},{"floor":15,"key":"REST"},{"data":"Heavy Blade","floor":23,"key":"SMITH"},{"floor":29,"key":"REST"},{"floor":32,"key":"REST"},{"floor":40,"key":"REST"}],"neow_cost":"NONE","seed_source_timestamp":1082485395026634,"circlet_count":0,"master_deck":["Strike_R","Strike_R","Strike_R","Strike_R","Strike_R","Defend_R","Defend_R","Defend_R","Defend_R","Bash","Rage+1","True Grit","Fire Breathing+1","Rage","Warcry","PanicButton","Flex","Pommel Strike","Limit Break","Rage+1","Havoc","Seeing Red","Heavy Blade+1","Uppercut","Fire Breathing+1","Shrug It Off+1","Infernal Blade+1","True Grit+1","Impervious+1","Battle Trance+1","Infernal Blade+1","Discovery+1","Madness+1","Madness+1","Headbutt+1","Havoc+1"],"relics":["Black Blood","NeowsBlessing","Red Skull","Art of War","Tiny Chest","Bronze Scales","Unceasing Top","Orichalcum","Mark of Pain","Happy Flower","Toxic Egg 2","Juzu Bracelet","Red Mask","Bag of Preparation","Pen Nib","Centennial Puzzle"],"potions_floor_usage":[6,20,28,28,33,39,42],"damage_taken":[{"damage":0,"enemies":"Small Slimes","floor":1,"turns":1},{"damage":0,"enemies":"2 Louse","floor":4,"turns":1},{"damage":0,"enemies":"Cultist","floor":5,"turns":1},{"damage":44,"enemies":"Gremlin Nob","floor":6,"turns":5},{"damage":7,"enemies":"Looter","floor":7,"turns":3},{"damage":29,"enemies":"3 Sentries","floor":12,"turns":10},{"damage":0,"enemies":"Blue Slaver","floor":13,"turns":3},{"damage":33,"enemies":"Hexaghost","floor":16,"turns":11},{"damage":8,"enemies":"3 Byrds","floor":18,"turns":5},{"damage":44,"enemies":"Chosen","floor":20,"turns":7},{"damage":15,"enemies":"Snecko","floor":22,"turns":6},{"damage":11,"enemies":"Centurion and Healer","floor":24,"turns":5},{"damage":6,"enemies":"Masked Bandits","floor":28,"turns":2},{"damage":10,"enemies":"Slavers","floor":31,"turns":6},{"damage":62,"enemies":"Automaton","floor":33,"turns":10},{"damage":24,"enemies":"Orb Walker","floor":35,"turns":5},{"damage":10,"enemies":"3 Shapes","floor":38,"turns":4},{"damage":32,"enemies":"Maw","floor":39,"turns":7},{"damage":89,"enemies":"Giant Head","floor":42,"turns":9}],"seed_played":"-3505644750208277609","potions_obtained":[{"floor":1,"key":"SkillPotion"},{"floor":4,"key":"Block Potion"},{"floor":6,"key":"SteroidPotion"},{"floor":12,"key":"Swift Potion"},{"floor":20,"key":"Explosive Potion"},{"floor":22,"key":"Ancient Potion"},{"floor":35,"key":"AttackPotion"},{"floor":39,"key":"AttackPotion"}],"is_trial":false,"path_per_floor":["M","?","?","M","M","E","M","?","T","R","$","E","M","T","R","B",null,"M","$","M","$","M","R","M","T","T","$","?","R","?","E","R","B",null,"M","$","?","M","M","R","?","E"],"character_chosen":"IRONCLAD","items_purchased":["Bronze Scales","PanicButton","Havoc","Happy Flower","Heavy Blade","Shrug It Off+1","Infernal Blade+1","Centennial Puzzle","Discovery+1"],"campfire_rested":5,"item_purchase_floors":[11,11,19,19,21,27,36,36,36],"current_hp_per_floor":[80,60,60,66,72,34,33,17,17,41,41,18,24,24,48,21,80,78,78,40,40,31,31,26,26,26,26,26,50,50,46,70,14,80,66,66,56,56,34,58,58,0],"gold":463,"neow_bonus":"THREE_ENEMY_KILL","is_prod":false,"is_daily":false,"chose_seed":false,"campfire_upgraded":1,"win_rate":0,"timestamp":1544149510,"path_taken":["M","?","?","M","?","E","M","?","T","R","$","E","M","?","R","BOSS","M","$","M","$","M","R","M","?","T","?","?","R","?","E","R","BOSS","M","$","?","M","M","R","?","E"],"build_version":"2018-12-06","purchased_purges":0,"victory":false,"max_hp_per_floor":[80,80,80,80,80,80,80,80,80,80,80,80,80,80,80,80,80,80,80,80,80,80,80,80,80,80,80,80,80,80,80,80,80,80,80,80,80,80,80,80,80,80],"card_choices":[{"not_picked":["Seeing Red","Thunderclap"],"picked":"Rage","floor":1},{"not_picked":["Pummel","Cleave"],"picked":"True Grit","floor":4},{"not_picked":["Blood for Blood","Thunderclap"],"picked":"Fire Breathing","floor":5},{"not_picked":["Hemokinesis","Entrench"],"picked":"Rage","floor":6},{"not_picked":["Dropkick","Thunderclap"],"picked":"Warcry","floor":7},{"not_picked":["Offering","Warcry"],"picked":"Flex","floor":12},{"not_picked":["Second Wind","True Grit"],"picked":"Pommel Strike","floor":13},{"not_picked":["Brutality","Double Tap"],"picked":"Limit Break","floor":16},{"not_picked":["True Grit+1","Perfected Strike"],"picked":"Rage+1","floor":18},{"not_picked":["Rage","Clash"],"picked":"Seeing Red","floor":20},{"not_picked":["Second Wind","Blood for Blood"],"picked":"Uppercut","floor":22},{"not_picked":["Sword Boomerang","Perfected Strike"],"picked":"Fire Breathing+1","floor":24},{"not_picked":["Clash+1","Anger"],"picked":"Infernal Blade+1","floor":28},{"not_picked":["Cleave","Exhume+1"],"picked":"True Grit+1","floor":31},{"not_picked":["Demon Form","Double Tap+1"],"picked":"Impervious+1","floor":33},{"not_picked":["Headbutt+1","Wild Strike"],"picked":"Battle Trance+1","floor":35},{"not_picked":["Evolve+1","Anger+1"],"picked":"Headbutt+1","floor":38},{"not_picked":["Blood for Blood","Headbutt+1"],"picked":"Havoc+1","floor":39}],"player_experience":143780,"relics_obtained":[{"floor":6,"key":"Art of War"},{"floor":9,"key":"Tiny Chest"},{"floor":12,"key":"Unceasing Top"},{"floor":14,"key":"Orichalcum"},{"floor":25,"key":"Toxic Egg 2"},{"floor":26,"key":"Juzu Bracelet"},{"floor":28,"key":"Red Mask"},{"floor":31,"key":"Pen Nib"}],"event_choices":[{"damage_healed":0,"gold_gain":0,"player_choice":"Take Damage","damage_taken":20,"relics_obtained":["Golden Idol"],"max_hp_gain":0,"max_hp_loss":0,"event_name":"Golden Idol","floor":2,"gold_loss":0},{"damage_healed":0,"gold_gain":0,"player_choice":"Gave Potion","damage_taken":0,"relics_obtained":["Red Skull"],"max_hp_gain":0,"max_hp_loss":0,"event_name":"WeMeetAgain","floor":3,"gold_loss":0},{"damage_healed":0,"gold_gain":0,"player_choice":"Entered Light","damage_taken":16,"max_hp_gain":0,"max_hp_loss":0,"event_name":"Shining Light","floor":8,"gold_loss":0,"cards_upgraded":["Rage","Fire Breathing"]},{"damage_healed":0,"gold_gain":0,"player_choice":"Fought Bandits","damage_taken":0,"max_hp_gain":0,"max_hp_loss":0,"event_name":"Masked Bandits","floor":28,"gold_loss":0},{"damage_healed":0,"gold_gain":0,"player_choice":"Opened","damage_taken":0,"relics_obtained":["Bag of Preparation"],"max_hp_gain":0,"max_hp_loss":0,"event_name":"The Mausoleum","floor":30,"gold_loss":0},{"damage_healed":0,"gold_gain":0,"player_choice":"Embrace Madness","damage_taken":10,"max_hp_gain":0,"max_hp_loss":0,"event_name":"Winding Halls","floor":37,"gold_loss":0,"cards_obtained":["Madness","Madness"]},{"damage_healed":0,"gold_gain":333,"player_choice":"Gave Idol","damage_taken":0,"max_hp_gain":0,"max_hp_loss":0,"event_name":"The Moai Head","floor":41,"relics_lost":["Golden Idol"],"gold_loss":0}],"is_beta":false,"boss_relics":[{"not_picked":["Pandora\u0027s Box","White Beast Statue"],"picked":"Mark of Pain"},{"not_picked":["Orrery","Calling Bell"],"picked":"Black Blood"}],"items_purged_floors":[],"is_endless":false,"potions_floor_spawned":[1,4,6,12,20,22,35,39],"killed_by":"Giant Head","ascension_level":3}