{"path_per_floor":["M","M","M","M","M","R","E","R","T","?","E","R","$","M","R","B",null,"M","M","M","$","?","R","E","M","T","M","R","M","M","M","R","B",null,"M","M","M","?","$","E","?","R","T","R","E","R","$","M","R","B"],"character_chosen":"THE_SILENT","items_purchased":["Apotheosis","Well Laid Plans","Noxious Fumes","Predator","Bane"],"gold_per_floor":[117,132,152,165,184,184,215,215,215,215,246,246,32,44,44,118,118,132,143,162,16,0,0,29,48,48,68,68,83,103,119,119,198,198,208,220,236,236,136,167,167,167,167,167,200,200,112,132,132,132],"floor_reached":51,"campfire_rested":6,"playtime":5514,"item_purchase_floors":[],"current_hp_per_floor":[59,53,44,43,21,40,26,45,45,45,45,45,45,45,45,25,56,47,31,18,18,18,39,39,27,27,25,49,49,44,37,63,14,70,73,75,76,76,76,76,76,76,83,83,85,85,85,79,111,85],"items_purged":["Strike_G","Strike_G"],"gold":132,"score":1784,"play_id":"e7db5370-34a4-47f2-a28d-b645a5f72953","local_time":"20180619123618","is_prod":false,"is_daily":false,"chose_seed":false,"is_ascension_mode":true,"campfire_upgraded":4,"win_rate":0,"timestamp":1529436978,"campfire_choices":[{"floor":6.0,"key":"REST"},{"floor":8.0,"key":"REST"},{"data":"Neutralize","floor":12.0,"key":"SMITH"},{"data":"Apotheosis","floor":15.0,"key":"SMITH"},{"floor":23.0,"key":"REST"},{"floor":28.0,"key":"REST"},{"floor":32.0,"key":"REST"},{"data":"Noxious Fumes","floor":42,"key":"SMITH"},{"data":"Adrenaline","floor":44,"key":"SMITH"},{"data":"Strike_G","floor":46,"key":"PURGE"},{"floor":49,"key":"REST"}],"path_taken":["M","M","M","M","M","R","E","R","T","?","E","R","$","M","R","BOSS","M","M","M","$","?","R","E","M","T","M","R","?","M","M","R","BOSS","M","M","M","?","?","E","?","R","T","R","E","R","$","M","R","BOSS"],"build_version":"2018-06-14v2","seed_source_timestamp":0,"purchased_purges":2,"victory":true,"master_deck":["Defend_G","Defend_G","Defend_G","Defend_G","Defend_G","Survivor","Neutralize+1","AscendersBane","Caltrops","Cloak And Dagger","Predator","Infinite Blades","Backflip","Dash","Dagger Spray","Apotheosis+1","Well Laid Plans","Leg Sweep","Tools of the Trade","Noxious Fumes+1","Terror","Backflip","Adrenaline+1","Accuracy","Cloak And Dagger+1","Predator","Bane","Envenom"],"max_hp_per_floor":[66,66,66,66,66,66,66,66,66,66,66,66,66,66,66,66,66,68,70,72,72,72,72,74,76,76,80,80,82,84,88,88,88,88,92,94,98,98,98,100,100,100,107,107,109,109,109,111,111,111],"special_seed":0,"relics":["Ring of the Snake","Ancient Tea Set","Singing Bowl","Mercury Hourglass","Kunai","Empty Cage","Prayer Wheel","Calipers","Sozu","Ginger","Ice Cream","Strawberry","Peace Pipe"],"card_choices":[{"not_picked":["Bane","Accuracy"],"picked":"Caltrops","floor":1.0},{"not_picked":["Slice","Acrobatics"],"picked":"Cloak And Dagger","floor":2.0},{"not_picked":["Backflip","Expertise"],"picked":"Predator","floor":3.0},{"not_picked":["Eviscerate","Flying Knee"],"picked":"Infinite Blades","floor":4.0},{"not_picked":["Deadly Poison","Flechettes"],"picked":"Backflip","floor":5.0},{"not_picked":["Die Die Die","Flying Knee"],"picked":"Dash","floor":7.0},{"not_picked":["Choke","Underhanded Strike"],"picked":"Dagger Spray","floor":11.0},{"not_picked":["Sucker Punch","All Out Attack"],"picked":"Leg Sweep","floor":14.0},{"not_picked":["Storm of Steel","Corpse Explosion"],"picked":"Tools of the Trade","floor":16.0},{"not_picked":["Outmaneuver","Quick Slash","Dodge and Roll"],"picked":"Singing Bowl","floor":18.0},{"not_picked":["Poisoned Stab","Catalyst","Heel Hook"],"picked":"Singing Bowl","floor":19.0},{"not_picked":["Poisoned Stab","Backflip+1","Prepared"],"picked":"Singing Bowl","floor":20.0},{"not_picked":["Escape Plan","All Out Attack","Dagger Throw"],"picked":"Singing Bowl","floor":24.0},{"not_picked":["Flying Knee","Deflect","Sucker Punch"],"picked":"Singing Bowl","floor":25.0},{"not_picked":["Bane","Quick Slash","Doppelganger"],"picked":"SKIP","floor":25.0},{"not_picked":["Concentrate","Riddle With Holes","Sucker Punch"],"picked":"Singing Bowl","floor":27.0},{"not_picked":["Prepared","Dodge and Roll","Outmaneuver"],"picked":"Singing Bowl","floor":27.0},{"not_picked":["Dodge and Roll","Infinite Blades+1"],"picked":"Terror","floor":29.0},{"not_picked":["Setup","Flying Knee","Well Laid Plans"],"picked":"Singing Bowl","floor":29.0},{"not_picked":["Poisoned Stab","Heel Hook","Setup+1"],"picked":"Singing Bowl","floor":30.0},{"not_picked":["Dagger Throw","Underhanded Strike"],"picked":"Backflip","floor":30.0},{"not_picked":["Distraction","Poisoned Stab+1","Concentrate"],"picked":"Singing Bowl","floor":31.0},{"not_picked":["Crippling Poison","Tactician","Riddle With Holes"],"picked":"Singing Bowl","floor":31.0},{"not_picked":["Grand Finale","Glass Knife"],"picked":"Adrenaline","floor":33.0},{"not_picked":["Deflect","Leg Sweep","Dodge and Roll"],"picked":"Singing Bowl","floor":35.0},{"not_picked":["Endless Agony","Deadly Poison","Underhanded Strike"],"picked":"Singing Bowl","floor":35.0},{"not_picked":["Deflect+1","Bane"],"picked":"Accuracy","floor":36.0},{"not_picked":["Quick Slash","Bouncing Flask","Deflect"],"picked":"Singing Bowl","floor":36.0},{"not_picked":["Backflip","Doppelganger","Expertise"],"picked":"Singing Bowl","floor":37.0},{"not_picked":["Expertise","Deadly Poison","Choke+1"],"picked":"Singing Bowl","floor":37.0},{"not_picked":["Sucker Punch+1","Deflect"],"picked":"Cloak And Dagger+1","floor":38.0},{"not_picked":["Dodge and Roll","Caltrops","Deflect"],"picked":"Singing Bowl","floor":40.0},{"not_picked":["Underhanded Strike","Quick Slash","Dagger Throw+1"],"picked":"Singing Bowl","floor":45},{"not_picked":["Catalyst","Distraction","Dash"],"picked":"Singing Bowl","floor":48},{"not_picked":["Dodge and Roll","Outmaneuver"],"picked":"Envenom","floor":48}],"player_experience":888296,"potions_floor_usage":[],"damage_taken":[{"damage":0.0,"enemies":"2 Louse","floor":1.0,"turns":5.0},{"damage":6.0,"enemies":"Jaw Worm","floor":2.0,"turns":6.0},{"damage":9.0,"enemies":"Cultist","floor":3.0,"turns":4.0},{"damage":1.0,"enemies":"Blue Slaver","floor":4.0,"turns":4.0},{"damage":22.0,"enemies":"Exordium Thugs","floor":5.0,"turns":7.0},{"damage":14.0,"enemies":"3 Sentries","floor":7.0,"turns":9.0},{"damage":0.0,"enemies":"Gremlin Nob","floor":11.0,"turns":2.0},{"damage":0.0,"enemies":"2 Fungi Beasts","floor":14.0,"turns":2.0},{"damage":20.0,"enemies":"Slime Boss","floor":16.0,"turns":11.0},{"damage":11.0,"enemies":"Spheric Guardian","floor":18.0,"turns":7.0},{"damage":18.0,"enemies":"Chosen","floor":19.0,"turns":8.0},{"damage":15.0,"enemies":"Snake Plant","floor":20.0,"turns":5.0},{"damage":2.0,"enemies":"Gremlin Leader","floor":24.0,"turns":8.0},{"damage":14.0,"enemies":"3 Cultists","floor":25.0,"turns":5.0},{"damage":6.0,"enemies":"Centurion and Healer","floor":27.0,"turns":7.0},{"damage":2.0,"enemies":"Cultist and Chosen","floor":29.0,"turns":6.0},{"damage":7.0,"enemies":"Sentry and Sphere","floor":30.0,"turns":8.0},{"damage":11.0,"enemies":"Snake Plant","floor":31.0,"turns":6.0},{"damage":49.0,"enemies":"Automaton","floor":33.0,"turns":13.0},{"damage":1.0,"enemies":"Orb Walker","floor":35.0,"turns":4.0},{"damage":0.0,"enemies":"3 Shapes","floor":36.0,"turns":5.0},{"damage":3.0,"enemies":"Maw","floor":37.0,"turns":7.0},{"damage":0.0,"floor":38.0,"turns":6.0},{"damage":2.0,"enemies":"Giant Head","floor":40.0,"turns":8.0},{"damage":0,"enemies":"Nemesis","floor":45,"turns":8},{"damage":8,"enemies":"Sphere and 2 Shapes","floor":48,"turns":5},{"damage":26,"enemies":"Time Eater","floor":50,"turns":12}],"relics_obtained":[{"floor":7.0,"key":"Singing Bowl"},{"floor":9.0,"key":"Mercury Hourglass"},{"floor":11.0,"key":"Kunai"},{"floor":24.0,"key":"Prayer Wheel"},{"floor":26.0,"key":"Calipers"},{"floor":38.0,"key":"Ginger"},{"floor":40.0,"key":"Ice Cream"},{"floor":43,"key":"Strawberry"},{"floor":45,"key":"Peace Pipe"}],"event_choices":[{"event_name":"Shining Light","player_choice":"Ignored","floor":10.0,"damage_taken":0.0},{"event_name":"Masked Bandits","player_choice":"Paid Bandits 16 gold","floor":22.0,"damage_taken":0.0},{"event_name":"MindBloom","player_choice":"Fight","floor":38.0,"damage_taken":0.0},{"event_name":"Mysterious Sphere","player_choice":"Ignore","floor":41,"damage_taken":0}],"boss_relics":[{"not_picked":["Lizard Tail","Fusion Hammer"],"picked":"Empty Cage"},{"not_picked":["Velvet Choker","Runic Pyramid"],"picked":"Sozu"}],"items_purged_floors":[],"is_endless":false,"potions_floor_spawned":[1,4,11,14,20,24,25,30,31,35,38,40,45],"seed_played":"-8721557601727946955","ascension_level":15,"potions_obtained":[{"floor":1.0,"key":"SteroidPotion"},{"floor":4.0,"key":"SteroidPotion"},{"floor":11.0,"key":"Dexterity Potion"},{"floor":14.0,"key":"GamblersBrew"},{"floor":20.0,"key":"FearPotion"},{"floor":24.0,"key":"PowerPotion"},{"floor":25.0,"key":"SteroidPotion"},{"floor":30.0,"key":"Fire Potion"},{"floor":31.0,"key":"Weak Potion"}],"is_trial":false}