{"path_per_floor":["M","M","M","$","?","R","M","E","T","?","R","$","R","$","R","B",null,"M","M","?","$","M","R","E","M","T","R","M","R","M"],"character_chosen":"THE_SILENT","items_purchased":["Footwork","Crippling Poison"],"gold_per_floor":[112,129,139,64,64,64,74,108,108,108,108,40,40,40,40,141,141,159,174,174,0,17,17,49,61,84,84,98,98,111,111],"floor_reached":31,"campfire_rested":2,"playtime":2467,"current_hp_per_floor":[63,63,63,63,63,63,63,62,76,76,76,76,76,76,76,55,77,74,70,70,70,45,45,18,18,18,58,36,76,76,0],"items_purged":["Strike_G","Strike_G"],"gold":111,"score":370,"play_id":"0ea40792-58f2-4daa-81bd-e275d04bd90e","local_time":"20180524103922","is_prod":false,"is_daily":false,"chose_seed":false,"is_ascension_mode":true,"campfire_upgraded":4,"timestamp":1527183562,"campfire_choices":[{"data":"Noxious Fumes","floor":6.0,"key":"SMITH"},{"data":"Malaise","floor":11.0,"key":"SMITH"},{"data":"Footwork","floor":13.0,"key":"SMITH"},{"data":"Strike_G","floor":15.0,"key":"PURGE"},{"data":"Footwork","floor":23,"key":"SMITH"},{"floor":27,"key":"REST"},{"floor":29,"key":"REST"}],"path_taken":["M","?","M","$","?","R","M","E","T","?","R","$","R","$","R","BOSS","M","M","?","$","?","R","E","M","T","R","M","R","M","E"],"build_version":"2018-05-17","seed_source_timestamp":0,"purchased_purges":2,"victory":false,"master_deck":["Defend_G","Defend_G","Defend_G","Defend_G","Defend_G","Strike_G","Strike_G","Survivor","Neutralize","Noxious Fumes+1","Malaise+1","Dagger Spray","Poisoned Stab","Poisoned Stab","Footwork+1","Burst","Footwork+1","Deflect","Catalyst+1","Backflip","Crippling Poison","Footwork+1","Well Laid Plans"],"max_hp_per_floor":[70,70,70,70,70,70,70,70,84,84,84,84,84,84,84,84,84,84,84,84,84,84,84,84,84,84,84,84,84,84,84],"relics":["Ring of the Snake","NeowsBlessing","Peace Pipe","Mango","Orrery","Du-Vu Doll","Regal Pillow"],"card_choices":[{"not_picked":["Dagger Throw","Dagger Spray"],"picked":"Noxious Fumes","floor":1.0},{"not_picked":["Bouncing Flask","Reflex"],"picked":"Malaise","floor":2.0},{"not_picked":["Infinite Blades","Deflect"],"picked":"Dagger Spray","floor":3.0},{"not_picked":["Underhanded Strike","Bane"],"picked":"Poisoned Stab","floor":7.0},{"not_picked":["Bane","All Out Attack"],"picked":"Poisoned Stab","floor":8.0},{"not_picked":["Tools of the Trade","Doppelganger"],"picked":"Burst","floor":16.0},{"not_picked":["Backstab","Reflex"],"picked":"Footwork","floor":17.0},{"not_picked":["Underhanded Strike","Slice"],"picked":"Deflect","floor":17.0},{"not_picked":["Accuracy","Underhanded Strike"],"picked":"Catalyst","floor":18},{"not_picked":["Blade Dance+1","Outmaneuver"],"picked":"Backflip","floor":19},{"not_picked":["Heel Hook","Riddle With Holes","A Thousand Cuts"],"picked":"SKIP","floor":22},{"not_picked":["Deadly Poison+1","Reflex"],"picked":"Footwork+1","floor":24},{"not_picked":["Bane","Setup"],"picked":"Well Laid Plans","floor":25},{"not_picked":["Outmaneuver","Dagger Spray","Sucker Punch"],"picked":"SKIP","floor":28},{"not_picked":["Sucker Punch+1","Cloak And Dagger","Dash"],"picked":"SKIP","floor":30}],"player_experience":693539,"potions_floor_usage":[18,24,28,31],"damage_taken":[{"damage":0.0,"enemies":"Cultist","floor":1.0,"turns":1.0},{"damage":0.0,"enemies":"Jaw Worm","floor":2.0,"turns":1.0},{"damage":0.0,"enemies":"3 Louse","floor":3.0,"turns":2.0},{"damage":0.0,"enemies":"Blue Slaver","floor":7.0,"turns":5.0},{"damage":13.0,"enemies":"Gremlin Nob","floor":8.0,"turns":5.0},{"damage":21.0,"enemies":"The Guardian","floor":16.0,"turns":10.0},{"damage":3,"enemies":"3 Byrds","floor":18,"turns":6},{"damage":4,"enemies":"Shell Parasite","floor":19,"turns":9},{"damage":25,"enemies":"Centurion and Healer","floor":22,"turns":8},{"damage":42,"enemies":"Slavers","floor":24,"turns":9},{"damage":0,"enemies":"Snake Plant","floor":25,"turns":5},{"damage":22,"enemies":"Slaver and Parasite","floor":28,"turns":10},{"damage":0,"enemies":"Centurion and Healer","floor":30,"turns":9},{"damage":90,"enemies":"Gremlin Leader","floor":31,"turns":6}],"relics_obtained":[{"floor":8.0,"key":"Peace Pipe"},{"floor":9.0,"key":"Mango"},{"floor":24,"key":"Du-Vu Doll"},{"floor":26,"key":"Regal Pillow"}],"event_choices":[{"event_name":"The Lab","player_choice":"Got Potions","floor":5.0,"damage_taken":0.0},{"event_name":"Golden Wing","player_choice":"Ignored","floor":10.0,"damage_taken":0.0},{"event_name":"Accursed Blacksmith","player_choice":"Forge","floor":20,"damage_taken":0}],"boss_relics":[],"potions_floor_spawned":[1,7,16,22,24,25,30],"seed_played":"1625697990331510903","killed_by":"Gremlin Leader","ascension_level":9,"potions_obtained":[{"floor":1.0,"key":"Regen Potion"},{"floor":5.0,"key":"PowerPotion"},{"floor":5.0,"key":"Fire Potion"},{"floor":16.0,"key":"SpeedPotion"},{"floor":22,"key":"Regen Potion"},{"floor":24,"key":"Block Potion"},{"floor":25,"key":"Poison Potion"},{"floor":30,"key":"GamblersBrew"}],"is_trial":false}