{"gold_per_floor":[110,110,122,134,134,164,178,207,207,207,236,248,73,73,73,176,176,189,189,99,115,30,30,60,60,60,74,74,107,121,132,132,228,228,245,291,305,305,275,307,327,327,327,341,374,374,374],"floor_reached":47,"playtime":2521,"items_purged":["Strike_B","Reprogram+1"],"score":596,"play_id":"e889ffe3-feec-435e-88ad-227a27985654","local_time":"20190201204814","is_ascension_mode":true,"campfire_choices":[{"data":"Hologram","floor":10,"key":"SMITH"},{"data":"Coolheaded","floor":15,"key":"SMITH"},{"data":"Defragment","floor":23,"key":"SMITH"},{"data":"Defragment","floor":25,"key":"SMITH"},{"data":"Dualcast","floor":28,"key":"SMITH"},{"data":"FTL","floor":32,"key":"SMITH"},{"data":"1","floor":42,"key":"LIFT"},{"data":"Buffer","floor":46,"key":"SMITH"}],"neow_cost":"NONE","seed_source_timestamp":355004383444465,"circlet_count":0,"master_deck":["Defend_B+1","Zap+1","Dualcast+1","FTL","Hologram+1","Gash","Defragment+1","Defragment+1","Coolheaded+1","Reboot","Darkness+1","Steam+1","FTL+1","All For One","Gash+1","White Noise+1","Machine Learning","Gash+1","Coolheaded+1","Redo+1","Madness+1","Madness+1","Buffer+1"],"relics":["Cracked Core","Smiling Mask","Bronze Scales","Ancient Tea Set","Bottled Lightning","Bag of Preparation","Astrolabe","Strawberry","Dodecahedron","Toxic Egg 2","Mummified Hand","Empty Cage","Girya","Pen Nib","Sundial","Meat on the Bone"],"potions_floor_usage":[8,11,11,29,33,33,33,40,47,47,47],"damage_taken":[{"damage":0,"enemies":"2 Louse","floor":1,"turns":2},{"damage":0,"enemies":"Small Slimes","floor":3,"turns":2},{"damage":1,"enemies":"Jaw Worm","floor":4,"turns":2},{"damage":13,"enemies":"Lagavulin","floor":6,"turns":5},{"damage":2,"enemies":"3 Louse","floor":7,"turns":4},{"damage":10,"enemies":"Gremlin Nob","floor":8,"turns":3},{"damage":5,"enemies":"Lagavulin","floor":11,"turns":3},{"damage":0,"enemies":"Large Slime","floor":12,"turns":3},{"damage":8,"enemies":"Slime Boss","floor":16,"turns":9},{"damage":17,"enemies":"3 Byrds","floor":18,"turns":3},{"damage":5,"enemies":"Shell Parasite","floor":21,"turns":3},{"damage":26,"enemies":"Gremlin Leader","floor":24,"turns":4},{"damage":4,"enemies":"Snecko","floor":27,"turns":3},{"damage":2,"enemies":"Slavers","floor":29,"turns":3},{"damage":0,"enemies":"Chosen and Byrds","floor":30,"turns":4},{"damage":0,"enemies":"Centurion and Healer","floor":31,"turns":3},{"damage":10,"enemies":"Collector","floor":33,"turns":6},{"damage":0,"enemies":"Orb Walker","floor":35,"turns":1},{"damage":32,"enemies":"2 Orb Walkers","floor":36,"turns":3},{"damage":0,"enemies":"3 Shapes","floor":37,"turns":2},{"damage":6,"enemies":"Giant Head","floor":40,"turns":5},{"damage":0,"enemies":"Maw","floor":41,"turns":4},{"damage":0,"enemies":"Spire Growth","floor":44,"turns":2},{"damage":25,"enemies":"Nemesis","floor":45,"turns":5},{"damage":14,"enemies":"Jaw Worm Horde","floor":47,"turns":2}],"seed_played":"-1584199433549516098","potions_obtained":[{"floor":4,"key":"Swift Potion"},{"floor":6,"key":"AttackPotion"},{"floor":7,"key":"PowerPotion"},{"floor":12,"key":"LiquidBronze"},{"floor":18,"key":"Poison Potion"},{"floor":21,"key":"Block Potion"},{"floor":31,"key":"Energy Potion"},{"floor":35,"key":"Weak Potion"},{"floor":39,"key":"PowerPotion"},{"floor":39,"key":"Block Potion"},{"floor":41,"key":"Weak Potion"}],"is_trial":false,"path_per_floor":["M","?","M","M","?","E","M","E","T","R","E","M","$","?","R","B",null,"M","?","$","M","?","R","E","R","T","M","R","E","M","M","R","B",null,"M","?","M","?","?","E","M","R","T","M","E","R","M"],"character_chosen":"DEFECT","items_purchased":["Defragment","Coolheaded","FTL"],"campfire_rested":0,"item_purchase_floors":[13,13,20],"current_hp_per_floor":[75,68,68,67,52,39,37,27,27,27,22,22,22,15,15,7,75,58,58,58,53,60,60,34,34,34,30,30,28,28,28,28,18,82,82,50,50,40,40,34,34,34,34,34,9,9,0],"gold":374,"neow_bonus":"UPGRADE_CARD","is_prod":false,"is_daily":false,"chose_seed":false,"campfire_upgraded":7,"win_rate":0,"timestamp":1549014494,"path_taken":["M","?","M","M","?","E","M","E","T","R","E","M","$","?","R","BOSS","M","?","$","M","?","R","E","R","T","M","R","E","M","?","R","BOSS","M","?","M","?","?","E","?","R","T","M","E","R","M"],"build_version":"2019-01-23","purchased_purges":2,"victory":false,"max_hp_per_floor":[75,75,75,75,75,75,75,75,75,75,75,75,75,75,75,75,75,75,75,75,75,82,82,82,82,82,82,82,82,82,82,82,82,82,82,82,82,82,82,82,82,82,82,82,82,82,82],"card_choices":[{"not_picked":["Hologram","Reprogram"],"picked":"FTL","floor":1},{"not_picked":["BootSequence","Redo"],"picked":"Hologram","floor":3},{"not_picked":["Skim","Sweeping Beam"],"picked":"Gash","floor":4},{"not_picked":["Conserve Battery","Compile Driver","Blizzard"],"picked":"SKIP","floor":6},{"not_picked":["Compile Driver","Blizzard","Storm"],"picked":"SKIP","floor":7},{"not_picked":["Leap","Meteor Strike","Cold Snap"],"picked":"SKIP","floor":8},{"not_picked":["Melter","Turbo","Beam Cell"],"picked":"SKIP","floor":11},{"not_picked":["Compile Driver","Glacier"],"picked":"Defragment","floor":12},{"not_picked":["Multi-Cast","Fission"],"picked":"Reboot","floor":16},{"not_picked":["Lockon","Double Energy","Static Discharge"],"picked":"SKIP","floor":18},{"not_picked":["Genetic Algorithm","Hologram","Beam Cell"],"picked":"SKIP","floor":21},{"not_picked":["Rip and Tear","Go for the Eyes"],"picked":"All For One","floor":24},{"not_picked":["Conserve Battery+1","Scrape+1"],"picked":"Gash+1","floor":27},{"not_picked":["Rebound","Leap+1","Streamline"],"picked":"SKIP","floor":29},{"not_picked":["Heatsinks","Go for the Eyes","Streamline+1"],"picked":"SKIP","floor":30},{"not_picked":["Melter+1","Reprogram+1"],"picked":"White Noise+1","floor":31},{"not_picked":["Amplify+1","All For One"],"picked":"Machine Learning","floor":33},{"not_picked":["Sunder+1","Turbo+1"],"picked":"Gash+1","floor":35},{"not_picked":["Turbo+1","Rebound+1"],"picked":"Coolheaded+1","floor":36},{"not_picked":["Compile Driver","Static Discharge"],"picked":"Redo+1","floor":37},{"not_picked":["Lockon+1","Cold Snap","Double Energy+1"],"picked":"SKIP","floor":40},{"not_picked":["Rebound","Leap+1","Turbo+1"],"picked":"SKIP","floor":41},{"not_picked":["Steam+1","Turbo+1","Streamline"],"picked":"SKIP","floor":44},{"not_picked":["Ball Lightning","Compile Driver+1"],"picked":"Buffer","floor":45}],"player_experience":1190272,"relics_obtained":[{"floor":6,"key":"Smiling Mask"},{"floor":8,"key":"Bronze Scales"},{"floor":9,"key":"Ancient Tea Set"},{"floor":11,"key":"Bottled Lightning"},{"floor":24,"key":"Dodecahedron"},{"floor":26,"key":"Toxic Egg 2"},{"floor":29,"key":"Mummified Hand"},{"floor":36,"key":"Girya"},{"floor":40,"key":"Pen Nib"},{"floor":43,"key":"Sundial"},{"floor":45,"key":"Meat on the Bone"}],"event_choices":[{"cards_removed":["Strike_B"],"damage_healed":0,"gold_gain":0,"player_choice":"Card Removal","damage_taken":7,"max_hp_gain":0,"max_hp_loss":0,"event_name":"Golden Wing","floor":2,"gold_loss":0},{"damage_healed":0,"gold_gain":0,"player_choice":"Entered Light","damage_taken":15,"max_hp_gain":0,"max_hp_loss":0,"event_name":"Shining Light","floor":5,"gold_loss":0,"cards_upgraded":["Defend_B","Strike_B"]},{"damage_healed":0,"gold_gain":0,"player_choice":"Success","damage_taken":7,"relics_obtained":["Bag of Preparation"],"max_hp_gain":0,"max_hp_loss":0,"event_name":"Scrap Ooze","floor":14,"gold_loss":0},{"damage_healed":0,"gold_gain":0,"player_choice":"Ignored","damage_taken":0,"max_hp_gain":0,"max_hp_loss":0,"event_name":"Ghosts","floor":19,"gold_loss":0},{"damage_healed":0,"gold_gain":0,"player_choice":"Obtained Relic","damage_taken":0,"relics_obtained":["Strawberry"],"max_hp_gain":0,"max_hp_loss":0,"event_name":"Addict","floor":22,"gold_loss":85},{"damage_healed":0,"gold_gain":0,"player_choice":"Fight","damage_taken":0,"max_hp_gain":0,"max_hp_loss":0,"event_name":"Mysterious Sphere","floor":36,"gold_loss":0},{"damage_healed":0,"gold_gain":0,"player_choice":"Embrace Madness","damage_taken":10,"max_hp_gain":0,"max_hp_loss":0,"event_name":"Winding Halls","floor":38,"gold_loss":0,"cards_obtained":["Madness","Madness"]},{"damage_healed":0,"gold_gain":0,"player_choice":"Bought 2 Potions","damage_taken":0,"max_hp_gain":0,"max_hp_loss":0,"event_name":"The Woman in Blue","floor":39,"gold_loss":0}],"is_beta":true,"boss_relics":[{"not_picked":["FrozenCore","Tiny House"],"picked":"Astrolabe"},{"not_picked":["Lizard Tail","Velvet Choker"],"picked":"Empty Cage"}],"items_purged_floors":[13,20],"is_endless":false,"potions_floor_spawned":[4,6,7,12,18,21,31,35,41],"killed_by":"Jaw Worm Horde","ascension_level":1}