{"gold_per_floor":[109,125,125,125,125,125,159,159,159,7,7,7,31,57,57,150,150,169,94,117,117,132,132,172,195,222,222,222],"floor_reached":28,"playtime":872,"items_purged":["Injury"],"score":518,"play_id":"8f8ffadd-4fd4-497b-b13a-b0b8e0ccd38b","local_time":"20190106211600","is_ascension_mode":true,"campfire_choices":[{"data":"Zap","floor":6,"key":"SMITH"},{"data":"Go for the Eyes","floor":8,"key":"SMITH"},{"floor":12,"key":"REST"},{"data":"Buffer","floor":15,"key":"SMITH"},{"floor":23,"key":"REST"},{"floor":27,"key":"REST"}],"neow_cost":"NONE","seed_source_timestamp":69376617216133,"circlet_count":0,"master_deck":["AscendersBane","Defend_B","Defend_B+1","Defend_B+1","Defend_B","Zap+1","Dualcast","Cold Snap","Buffer+1","Go for the Eyes+1","Loop","Ball Lightning","All For One","Fusion+1","Doom and Gloom+1","Double Energy+1","Beam Cell+1","Defragment","Sunder","Necronomicurse"],"relics":["Cracked Core","NeowsBlessing","Golden Idol","Oddly Smooth Stone","Torii","Odd Mushroom","Astrolabe","Necronomicon","Omamori","Art of War"],"potions_floor_usage":[14,14,14,16,24,25,25,25],"damage_taken":[{"damage":0,"enemies":"Jaw Worm","floor":1,"turns":1},{"damage":0,"enemies":"Small Slimes","floor":2,"turns":1},{"damage":0,"enemies":"Gremlin Nob","floor":7,"turns":1},{"damage":1,"enemies":"2 Louse","floor":13,"turns":2},{"damage":16,"enemies":"The Mushroom Lair","floor":14,"turns":3},{"damage":19,"enemies":"Slime Boss","floor":16,"turns":10},{"damage":0,"enemies":"Chosen","floor":18,"turns":5},{"damage":11,"enemies":"Spheric Guardian","floor":20,"turns":4},{"damage":26,"enemies":"Snake Plant","floor":22,"turns":3},{"damage":1,"enemies":"Gremlin Leader","floor":24,"turns":3},{"damage":13,"enemies":"Shelled Parasite and Fungi","floor":25,"turns":3},{"damage":34,"enemies":"Book of Stabbing","floor":28,"turns":3}],"seed_played":"-7647522321692491002","potions_obtained":[{"floor":2,"key":"FocusPotion"},{"floor":7,"key":"EntropicBrew"},{"floor":22,"key":"Weak Potion"},{"floor":24,"key":"EntropicBrew"}],"is_trial":false,"path_per_floor":["M","M","?","$","?","R","E","R","T","$","?","R","M","?","R","B",null,"M","$","M","?","M","R","E","M","T","R","E"],"character_chosen":"DEFECT","items_purchased":["Loop","Defragment"],"campfire_rested":3,"item_purchase_floors":[10,19],"current_hp_per_floor":[64,64,57,57,57,57,57,57,57,57,36,57,56,40,40,21,59,59,59,48,27,1,22,21,8,8,29,0],"gold":222,"neow_bonus":"THREE_ENEMY_KILL","is_prod":false,"is_daily":false,"chose_seed":false,"campfire_upgraded":3,"win_rate":0,"timestamp":1546769760,"path_taken":["M","M","?","$","?","R","E","R","T","?","?","R","?","?","R","BOSS","M","$","M","?","M","R","E","M","T","R","E"],"build_version":"2018-11-15","purchased_purges":1,"victory":false,"max_hp_per_floor":[71,71,71,71,71,71,71,71,71,71,71,71,71,71,71,71,71,71,71,71,71,71,71,71,71,71,71,71],"card_choices":[{"not_picked":["Hologram","Steam"],"picked":"Cold Snap","floor":1},{"not_picked":["Ball Lightning","Sunder"],"picked":"Buffer","floor":2},{"not_picked":["Gash","Thunder Strike"],"picked":"Go for the Eyes","floor":7},{"not_picked":["Turbo","Double Energy"],"picked":"Ball Lightning","floor":13},{"not_picked":["Reboot","Multi-Cast"],"picked":"All For One","floor":16},{"not_picked":["Streamline+1","Coolheaded"],"picked":"Beam Cell+1","floor":18},{"not_picked":["Sweeping Beam","Darkness"],"picked":"Sunder","floor":20},{"not_picked":["Consume+1","White Noise","Darkness"],"picked":"SKIP","floor":22},{"not_picked":["Heatsinks","Multi-Cast","Gash"],"picked":"SKIP","floor":24},{"not_picked":["Steam","Barrage","Stack"],"picked":"SKIP","floor":25}],"player_experience":999185,"relics_obtained":[{"floor":7,"key":"Oddly Smooth Stone"},{"floor":9,"key":"Torii"},{"floor":14,"key":"Odd Mushroom"},{"floor":21,"key":"Necronomicon"},{"floor":24,"key":"Omamori"},{"floor":26,"key":"Art of War"}],"event_choices":[{"cards_removed":["Strike_B"],"damage_healed":0,"gold_gain":0,"player_choice":"Card Removal","damage_taken":7,"max_hp_gain":0,"max_hp_loss":0,"event_name":"Golden Wing","floor":3,"gold_loss":0},{"damage_healed":0,"gold_gain":0,"player_choice":"Take Wound","damage_taken":0,"relics_obtained":["Golden Idol"],"max_hp_gain":0,"max_hp_loss":0,"event_name":"Golden Idol","floor":5,"gold_loss":0,"cards_obtained":["Injury"]},{"damage_healed":0,"gold_gain":0,"player_choice":"Entered Light","damage_taken":21,"max_hp_gain":0,"max_hp_loss":0,"event_name":"Shining Light","floor":11,"gold_loss":0,"cards_upgraded":["Defend_B","Defend_B"]},{"damage_healed":0,"gold_gain":0,"player_choice":"Fought Mushrooms","damage_taken":0,"max_hp_gain":0,"max_hp_loss":0,"event_name":"Mushrooms","floor":14,"gold_loss":0},{"damage_healed":0,"gold_gain":0,"player_choice":"Obtained Book","damage_taken":21,"max_hp_gain":0,"max_hp_loss":0,"event_name":"Cursed Tome","floor":21,"gold_loss":0}],"is_beta":true,"boss_relics":[{"not_picked":["Snecko Eye","Eternal Feather"],"picked":"Astrolabe"}],"items_purged_floors":[10],"is_endless":false,"potions_floor_spawned":[2,7,22,24],"killed_by":"Book of Stabbing","ascension_level":20}