{"gold_per_floor":[209,209,209,226,55,55,55,55,55,55,68,68,142,154,154,231,231,249,264,264,264,264],"floor_reached":22,"playtime":2591,"items_purged":[],"score":301,"play_id":"3975e364-d788-4be5-8ca7-864ff39188f6","local_time":"20180928082239","is_ascension_mode":true,"campfire_choices":[{"data":"Noxious Fumes","floor":6,"key":"SMITH"},{"data":"Dodge and Roll","floor":8,"key":"SMITH"},{"data":"Caltrops","floor":10,"key":"SMITH"},{"data":"Catalyst","floor":12,"key":"SMITH"},{"data":"Neutralize","floor":15,"key":"SMITH"}],"neow_cost":"NONE","seed_source_timestamp":1210312118032750,"circlet_count":0,"master_deck":["Defend_G","Defend_G","Defend_G","Defend_G","Strike_G","Strike_G","Strike_G","Strike_G","Survivor","AscendersBane","Noxious Fumes+1","Dodge and Roll+1","Deadly Poison","Catalyst+1","Caltrops+1","Blur","Skewer","Backstab","Well Laid Plans+1","Heel Hook","Caltrops+1","Endless Agony"],"relics":["Ring of the Snake","Blue Candle","Frozen Egg 2","White Beast Statue"],"potions_floor_usage":[16,16,22,22],"damage_taken":[{"damage":2,"enemies":"Jaw Worm","floor":1,"turns":5},{"damage":4,"enemies":"Small Slimes","floor":4,"turns":4},{"damage":1,"enemies":"Cultist","floor":11,"turns":4},{"damage":9,"enemies":"3 Louse","floor":14,"turns":4},{"damage":19,"enemies":"Slime Boss","floor":16,"turns":13},{"damage":6,"enemies":"Shell Parasite","floor":18,"turns":6},{"damage":16,"enemies":"Spheric Guardian","floor":19,"turns":8},{"damage":40,"enemies":"Centurion and Healer","floor":22,"turns":4}],"seed_played":"-2237473168004469440","potions_obtained":[{"floor":1,"key":"Swift Potion"},{"floor":11,"key":"EssenceOfSteel"},{"floor":18,"key":"FearPotion"},{"floor":19,"key":"LiquidBronze"}],"is_trial":false,"path_per_floor":["M","$","?","M","$","R","?","R","T","R","M","R","T","M","R","B",null,"M","M","?","?"],"character_chosen":"THE_SILENT","items_purchased":["Deadly Poison","Catalyst","Caltrops"],"campfire_rested":0,"item_purchase_floors":[5,5,5],"current_hp_per_floor":[57,57,50,46,46,46,51,51,51,51,50,50,50,41,41,22,59,53,37,37,37,0],"gold":264,"neow_bonus":"HUNDRED_GOLD","is_prod":false,"is_daily":false,"chose_seed":false,"campfire_upgraded":5,"win_rate":0,"timestamp":1538148159,"path_taken":["M","$","?","M","$","R","?","R","T","R","M","R","?","M","R","BOSS","M","M","?","?","M"],"build_version":"2018-09-27","purchased_purges":0,"victory":false,"max_hp_per_floor":[66,66,66,66,66,66,71,71,71,71,71,71,71,71,71,71,71,71,71,71,71,71],"card_choices":[{"not_picked":["Outmaneuver","Choke"],"picked":"Noxious Fumes","floor":1},{"not_picked":["Prepared","Heel Hook"],"picked":"Dodge and Roll","floor":4},{"not_picked":["Dagger Spray","Prepared"],"picked":"Blur","floor":11},{"not_picked":["Masterful Stab","Burst"],"picked":"Skewer","floor":14},{"not_picked":["Venomology","Grand Finale"],"picked":"Malaise","floor":16},{"not_picked":["Prepared","Outmaneuver+1"],"picked":"Backstab","floor":18},{"not_picked":["Outmaneuver","Prepared"],"picked":"Well Laid Plans+1","floor":19}],"player_experience":1107174,"relics_obtained":[{"floor":9,"key":"Blue Candle"},{"floor":13,"key":"Frozen Egg 2"}],"event_choices":[{"event_name":"Golden Wing","player_choice":"Card Removal","floor":3,"damage_taken":0},{"event_name":"Big Fish","player_choice":"Donut","floor":7,"damage_taken":0},{"event_name":"Drug Dealer","player_choice":"Became Test Subject","floor":20,"damage_taken":0},{"event_name":"Beggar","player_choice":"Ignored","floor":21,"damage_taken":0}],"is_beta":false,"boss_relics":[{"not_picked":["Pandora\u0027s Box","Runic Dome"],"picked":"White Beast Statue"}],"items_purged_floors":[],"is_endless":false,"potions_floor_spawned":[1,11,18,19],"killed_by":"Centurion and Healer","ascension_level":15}