{"gold_per_floor":[115,128,143,220,234,263,263,292,374,374,385,385,403,413,413,513,513,533,553,652,669,23,23,100,100,100,100,100,133,15,26,26,127,127,138,16,16,0,13,13],"floor_reached":40,"playtime":2529,"items_purged":["Strike_B","Strike_B"],"score":666,"play_id":"e1601e75-5333-4e1d-9585-97b5b1c3b696","local_time":"20190125233325","is_ascension_mode":true,"campfire_choices":[{"floor":7,"key":"REST"},{"data":"Zap","floor":10,"key":"SMITH"},{"floor":12,"key":"REST"},{"floor":15,"key":"REST"},{"floor":23,"key":"REST"},{"data":"Defragment","floor":25,"key":"SMITH"},{"floor":27,"key":"REST"},{"data":"Loop","floor":32,"key":"SMITH"}],"neow_cost":"NONE","seed_source_timestamp":334013528700775,"circlet_count":0,"master_deck":["AscendersBane","Strike_B+1","Defend_B","Defend_B","Defend_B","Defend_B","Zap+1","Dualcast","Streamline+1","Gash","Glacier","Cold Snap","Leap","Ball Lightning","Auto Shields","Steam","Go for the Eyes","Defragment+1","Self Repair","Leap","Thunder Strike","Glacier","BootSequence","Hello World","Cold Snap+1","Loop+1","Recycle","Gash","Self Repair","Amplify","Blizzard+1","Stack+1"],"relics":["Cracked Core","Whetstone","Prayer Wheel","The Courier","White Beast Statue","Bag of Preparation","Bronze Scales","PreservedInsect","Potion Belt","Mummified Hand","Juzu Bracelet","Orichalcum","Sozu","Oddly Smooth Stone","DataDisk","Red Mask"],"potions_floor_usage":[6,16,29,31,33,33],"damage_taken":[{"damage":0,"enemies":"Small Slimes","floor":1,"turns":3},{"damage":7,"enemies":"Jaw Worm","floor":2,"turns":2},{"damage":0,"enemies":"Cultist","floor":3,"turns":3},{"damage":14,"enemies":"Lots of Slimes","floor":5,"turns":4},{"damage":35,"enemies":"Lagavulin","floor":6,"turns":5},{"damage":20,"enemies":"3 Sentries","floor":8,"turns":8},{"damage":9,"enemies":"Looter","floor":11,"turns":3},{"damage":8,"enemies":"Exordium Wildlife","floor":13,"turns":3},{"damage":0,"enemies":"2 Fungi Beasts","floor":14,"turns":2},{"damage":26,"enemies":"Slime Boss","floor":16,"turns":14},{"damage":51,"enemies":"3 Byrds","floor":18,"turns":7},{"damage":0,"enemies":"Shell Parasite","floor":19,"turns":8},{"damage":4,"enemies":"Centurion and Healer","floor":21,"turns":11},{"damage":2,"enemies":"Book of Stabbing","floor":29,"turns":5},{"damage":12,"enemies":"Shelled Parasite and Fungi","floor":31,"turns":6},{"damage":56,"enemies":"Automaton","floor":33,"turns":16},{"damage":30,"enemies":"3 Darklings","floor":35,"turns":8},{"damage":0,"enemies":"Orb Walker","floor":39,"turns":3},{"damage":70,"enemies":"Reptomancer","floor":40,"turns":2}],"seed_played":"106030027362226489","potions_obtained":[{"floor":1,"key":"Ancient Potion"},{"floor":2,"key":"FearPotion"},{"floor":8,"key":"PowerPotion"},{"floor":14,"key":"Dexterity Potion"},{"floor":18,"key":"LiquidBronze"},{"floor":29,"key":"Fruit Juice"},{"floor":31,"key":"Ancient Potion"},{"floor":33,"key":"Energy Potion"}],"is_trial":false,"path_per_floor":["M","M","M","?","M","E","R","E","T","R","M","R","M","M","R","B",null,"M","M","?","M","$","R","T","R","T","R","?","E","$","M","R","B",null,"M","$","T","?","M","E"],"character_chosen":"DEFECT","items_purchased":["Bag of Preparation","Loop","Bronze Scales","PreservedInsect","Potion Belt","Regen Potion","Fire Potion","Oddly Smooth Stone"],"campfire_rested":5,"item_purchase_floors":[22,22,22,22,22,22,30,36],"current_hp_per_floor":[68,61,61,61,47,12,34,14,14,14,5,27,19,19,41,22,62,18,25,25,28,28,50,50,50,50,72,72,80,80,80,80,38,70,54,54,54,54,54,0],"gold":13,"neow_bonus":"THREE_CARDS","is_prod":false,"is_daily":false,"chose_seed":false,"campfire_upgraded":3,"win_rate":0,"timestamp":1548477205,"path_taken":["M","M","M","?","M","E","R","E","T","R","M","R","M","M","R","BOSS","M","M","?","M","$","R","?","R","T","R","?","E","$","M","R","BOSS","M","$","?","?","M","E"],"build_version":"2019-01-23","purchased_purges":2,"victory":false,"max_hp_per_floor":[75,75,75,75,75,75,75,75,75,75,75,75,75,75,75,75,75,75,75,75,75,75,75,75,75,75,75,75,80,80,80,80,80,80,80,80,80,80,80,80],"card_choices":[{"not_picked":["Tempest","Darkness"],"picked":"Streamline","floor":0},{"not_picked":["Undo","Streamline"],"picked":"Gash","floor":1},{"not_picked":["Darkness","Cold Snap"],"picked":"Glacier","floor":2},{"not_picked":["Conserve Battery","Scrape"],"picked":"Cold Snap","floor":3},{"not_picked":["Compile Driver","Chill"],"picked":"Leap","floor":5},{"not_picked":["Storm","White Noise"],"picked":"Ball Lightning","floor":6},{"not_picked":["BootSequence","Compile Driver"],"picked":"Auto Shields","floor":8},{"not_picked":["Turbo","Storm"],"picked":"Steam","floor":11},{"not_picked":["Leap","Redo"],"picked":"Go for the Eyes","floor":11},{"not_picked":["Scrape","Conserve Battery"],"picked":"Defragment","floor":13},{"not_picked":["Compile Driver","Ball Lightning","Cold Snap"],"picked":"SKIP","floor":13},{"not_picked":["Fission","Skim"],"picked":"Self Repair","floor":14},{"not_picked":["Auto Shields","Heatsinks"],"picked":"Leap","floor":14},{"not_picked":["Creative AI","Machine Learning"],"picked":"Thunder Strike","floor":16},{"not_picked":["Streamline","Compile Driver"],"picked":"Glacier","floor":18},{"not_picked":["Cold Snap","Beam Cell","Doom and Gloom"],"picked":"SKIP","floor":18},{"not_picked":["Rebound","Fusion+1"],"picked":"BootSequence","floor":19},{"not_picked":["Beam Cell","Rainbow"],"picked":"Hello World","floor":19},{"not_picked":["Redo","Beam Cell"],"picked":"Cold Snap+1","floor":21},{"not_picked":["Compile Driver","Barrage+1","Chaos"],"picked":"SKIP","floor":21},{"not_picked":["Scrape+1","Beam Cell","Streamline"],"picked":"SKIP","floor":29},{"not_picked":["Sweeping Beam","Tempest"],"picked":"Gash","floor":31},{"not_picked":["Sweeping Beam+1","Reprogram"],"picked":"Self Repair","floor":31},{"not_picked":["Fission","Buffer"],"picked":"Amplify","floor":33},{"not_picked":["Steam","Leap+1"],"picked":"Blizzard+1","floor":35},{"not_picked":["Turbo","Genetic Algorithm","Stack"],"picked":"SKIP","floor":35},{"not_picked":["Go for the Eyes","Sunder"],"picked":"Stack+1","floor":39},{"not_picked":["Conserve Battery","Cold Snap","Rip and Tear"],"picked":"SKIP","floor":39}],"player_experience":623425,"relics_obtained":[{"floor":6,"key":"Whetstone"},{"floor":8,"key":"Prayer Wheel"},{"floor":9,"key":"The Courier"},{"floor":24,"key":"Mummified Hand"},{"floor":26,"key":"Juzu Bracelet"},{"floor":29,"key":"Orichalcum"},{"floor":37,"key":"DataDisk"}],"event_choices":[{"damage_healed":0,"gold_gain":77,"player_choice":"Gained Gold","damage_taken":0,"max_hp_gain":0,"max_hp_loss":0,"event_name":"Golden Wing","floor":4,"gold_loss":0},{"damage_healed":0,"gold_gain":99,"player_choice":"Stole From Cult","damage_taken":0,"max_hp_gain":0,"max_hp_loss":0,"event_name":"Nest","floor":20,"gold_loss":0},{"damage_healed":0,"gold_gain":0,"cards_transformed":["Strike_B"],"player_choice":"Transformed","damage_taken":0,"max_hp_gain":0,"max_hp_loss":0,"event_name":"Transmorgrifier","floor":28,"gold_loss":0,"cards_obtained":["Recycle"]},{"damage_healed":0,"gold_gain":0,"player_choice":"Paid","damage_taken":0,"relics_obtained":["Red Mask"],"max_hp_gain":0,"max_hp_loss":0,"event_name":"Tomb of Lord Red Mask","floor":38,"gold_loss":16}],"is_beta":false,"boss_relics":[{"not_picked":["Black Star","Calling Bell"],"picked":"White Beast Statue"},{"not_picked":["Orrery","Astrolabe"],"picked":"Sozu"}],"items_purged_floors":[22,30],"is_endless":false,"potions_floor_spawned":[1,2,5,8,14,18,19,21,29,31,33,35,39],"killed_by":"Reptomancer","ascension_level":12}