{"gold_per_floor":[117,117,117,131,131,131,141,167,167,193,193,23,23,34,34,113,113,130,143,143,154,154,154,69,88,111,161,161,161],"floor_reached":29,"playtime":2668,"items_purged":[],"score":434,"play_id":"1149a732-67e0-49c6-9486-70cb007bc904","local_time":"20181023151245","is_ascension_mode":true,"campfire_choices":[{"data":"Neutralize","floor":6,"key":"SMITH"},{"data":"Deadly Poison","floor":11,"key":"SMITH"},{"data":"Caltrops","floor":13,"key":"SMITH"},{"floor":15,"key":"REST"},{"floor":23,"key":"REST"},{"floor":28,"key":"REST"}],"neow_cost":"NONE","seed_source_timestamp":1198174997449909,"circlet_count":0,"master_deck":["Defend_G","Defend_G","Defend_G","Defend_G","Defend_G","Strike_G","Strike_G","Strike_G","Strike_G","Survivor","Neutralize+1","AscendersBane","Quick Slash","Deadly Poison+1","Cloak And Dagger","Caltrops+1","Leg Sweep","Poisoned Stab","Malaise","Dodge and Roll","All Out Attack","Footwork"],"relics":["Ring of the Serpent","NeowsBlessing","Mango","Lantern","Mummified Hand","Centennial Puzzle","MutagenicStrength","Omamori"],"potions_floor_usage":[16,29],"damage_taken":[{"damage":0,"enemies":"2 Louse","floor":1,"turns":1},{"damage":0,"enemies":"Jaw Worm","floor":4,"turns":1},{"damage":0,"enemies":"Cultist","floor":7,"turns":1},{"damage":34,"enemies":"Gremlin Nob","floor":8,"turns":5},{"damage":26,"enemies":"Exordium Thugs","floor":14,"turns":4},{"damage":26,"enemies":"The Guardian","floor":16,"turns":9},{"damage":27,"enemies":"Shell Parasite","floor":18,"turns":6},{"damage":22,"enemies":"3 Byrds","floor":19,"turns":6},{"damage":14,"enemies":"Snake Plant","floor":21,"turns":6},{"damage":32,"enemies":"3 Cultists","floor":25,"turns":7},{"damage":2,"enemies":"Gremlin Leader","floor":29,"turns":4}],"seed_played":"-4125922309531381705","potions_obtained":[{"floor":8,"key":"LiquidBronze"},{"floor":14,"key":"Explosive Potion"},{"floor":16,"key":"Dexterity Potion"},{"floor":21,"key":"FairyPotion"},{"floor":25,"key":"Weak Potion"}],"is_trial":false,"path_per_floor":["M","?","T","M","?","R","M","E","T","T","R","$","R","M","R","B",null,"M","M","?","M","?","R","$","M","T","?","R"],"character_chosen":"THE_SILENT","items_purchased":["Caltrops","Leg Sweep","Footwork"],"campfire_rested":3,"item_purchase_floors":[12,12,24],"current_hp_per_floor":[59,64,78,78,71,71,71,37,37,37,37,37,37,11,36,10,66,39,17,17,3,3,28,28,8,8,8,33,31],"gold":161,"neow_bonus":"THREE_ENEMY_KILL","is_prod":false,"is_daily":false,"chose_seed":false,"campfire_upgraded":3,"win_rate":0,"timestamp":1540332765,"path_taken":["M","?","?","M","?","R","?","E","T","?","R","$","R","M","R","BOSS","M","M","?","M","?","R","$","M","T","?","R","E"],"build_version":"2018-10-18","purchased_purges":0,"victory":false,"max_hp_per_floor":[66,71,85,85,85,85,85,85,85,85,85,85,85,85,85,85,85,85,85,85,85,85,85,85,85,85,85,85,85],"card_choices":[{"not_picked":["Acrobatics","Outmaneuver"],"picked":"Quick Slash","floor":1},{"not_picked":["Endless Agony","Grand Finale","Outmaneuver"],"picked":"SKIP","floor":4},{"not_picked":["Choke","Crippling Poison"],"picked":"Deadly Poison","floor":7},{"not_picked":["Bane","Slice"],"picked":"Cloak And Dagger","floor":8},{"not_picked":["Sucker Punch","Escape Plan"],"picked":"Poisoned Stab","floor":14},{"not_picked":["Night Terror","Bullet Time"],"picked":"Malaise","floor":16},{"not_picked":["Heel Hook","Flying Knee"],"picked":"Dodge and Roll","floor":18},{"not_picked":["Finisher","Outmaneuver"],"picked":"All Out Attack","floor":19},{"not_picked":["Underhanded Strike","Finisher+1","Poisoned Stab"],"picked":"SKIP","floor":21},{"not_picked":["Bane","All Out Attack+1","Dagger Throw"],"picked":"SKIP","floor":25}],"player_experience":1185870,"relics_obtained":[{"floor":3,"key":"Mango"},{"floor":8,"key":"Lantern"},{"floor":9,"key":"Mummified Hand"},{"floor":10,"key":"Centennial Puzzle"},{"floor":26,"key":"Omamori"}],"event_choices":[{"damage_healed":0,"gold_gain":0,"player_choice":"Donut","damage_taken":0,"max_hp_gain":5,"max_hp_loss":0,"event_name":"Big Fish","floor":2,"gold_loss":0},{"cards_removed":["Strike_G"],"damage_healed":0,"gold_gain":0,"player_choice":"Card Removal","damage_taken":7,"max_hp_gain":0,"max_hp_loss":0,"event_name":"Golden Wing","floor":5,"gold_loss":0},{"damage_healed":0,"gold_gain":0,"player_choice":"Inject Mutagens","damage_taken":0,"relics_obtained":["MutagenicStrength"],"max_hp_gain":0,"max_hp_loss":0,"event_name":"Drug Dealer","floor":20,"gold_loss":0},{"damage_healed":0,"gold_gain":0,"player_choice":"Ignored","damage_taken":0,"max_hp_gain":0,"max_hp_loss":0,"event_name":"N\u0027loth","floor":22,"gold_loss":0},{"damage_healed":0,"gold_gain":50,"player_choice":"Stole From Cult","damage_taken":0,"max_hp_gain":0,"max_hp_loss":0,"event_name":"Nest","floor":27,"gold_loss":0}],"is_beta":false,"boss_relics":[{"not_picked":["Pandora\u0027s Box","HoveringKite"],"picked":"Ring of the Serpent"}],"items_purged_floors":[],"is_endless":false,"potions_floor_spawned":[8,14,16,18,21,25],"killed_by":"Gremlin Leader","ascension_level":17}