{"gold_per_floor":[109,122,42,57,76,76,110,110,110,136,152,168,194,207,207,284,284,254,254,264,275,294,294,294],"floor_reached":24,"playtime":3283,"items_purged":[],"score":457,"play_id":"722e1dad-21d4-4ae4-827d-aa2d448112b3","local_time":"20181119122524","is_ascension_mode":true,"campfire_choices":[{"data":"Sever Soul","floor":6.0,"key":"SMITH"},{"data":"Bash","floor":8.0,"key":"SMITH"},{"data":"Feel No Pain","floor":15,"key":"SMITH"},{"data":"True Grit","floor":23,"key":"SMITH"}],"neow_cost":"NONE","seed_source_timestamp":323319954251655,"circlet_count":0,"master_deck":["AscendersBane","Strike_R","Strike_R","Strike_R","Strike_R","Defend_R","Defend_R","Defend_R","Defend_R","Bash+1","Pommel Strike","Wild Strike","Sever Soul+1","Disarm","Cleave","Feel No Pain+1","Spot Weakness","Power Through","Battle Trance","Feed","Feel No Pain","Reaper","Sword Boomerang","Reckless Charge+1","True Grit+1"],"special_seed":0,"relics":["Black Blood","Paper Frog","FossilizedHelix","Dead Branch","Bag of Preparation"],"potions_floor_usage":[13,20,22],"damage_taken":[{"damage":6.0,"enemies":"Cultist","floor":1.0,"turns":3.0},{"damage":6.0,"enemies":"Jaw Worm","floor":2.0,"turns":5.0},{"damage":10.0,"enemies":"2 Louse","floor":4.0,"turns":2.0},{"damage":3.0,"enemies":"2 Fungi Beasts","floor":5.0,"turns":4.0},{"damage":31.0,"enemies":"Lagavulin","floor":7.0,"turns":7.0},{"damage":13.0,"enemies":"3 Sentries","floor":10.0,"turns":8.0},{"damage":0.0,"enemies":"Large Slime","floor":11.0,"turns":3.0},{"damage":15,"enemies":"Lots of Slimes","floor":12,"turns":4},{"damage":0,"enemies":"Gremlin Nob","floor":13,"turns":3},{"damage":0,"enemies":"2 Fungi Beasts","floor":14,"turns":2},{"damage":37,"enemies":"The Guardian","floor":16,"turns":17},{"damage":18,"enemies":"2 Thieves","floor":18,"turns":4},{"damage":18,"enemies":"Shell Parasite","floor":20,"turns":7},{"damage":33,"enemies":"Centurion and Healer","floor":21,"turns":10},{"damage":35,"enemies":"Snake Plant","floor":22,"turns":7},{"damage":60,"enemies":"3 Cultists","floor":24,"turns":5}],"seed_played":"4047251665920790612","potions_obtained":[{"floor":2.0,"key":"Dexterity Potion"},{"floor":4.0,"key":"SkillPotion"},{"floor":12,"key":"SkillPotion"},{"floor":14,"key":"Regen Potion"},{"floor":16,"key":"Regen Potion"},{"floor":20,"key":"BloodPotion"}],"is_trial":false,"path_per_floor":["M","M","$","M","M","R","E","R","T","E","M","M","E","M","R","B",null,"M","?","M","M","M","R","M"],"character_chosen":"IRONCLAD","items_purchased":["Sever Soul"],"campfire_rested":0,"item_purchase_floors":[3],"current_hp_per_floor":[68,68,68,64,67,67,42,42,42,35,41,32,38,47,47,16,63,66,66,72,59,42,42,0],"gold":294,"neow_bonus":"REMOVE_CARD","is_prod":false,"is_daily":false,"chose_seed":false,"campfire_upgraded":4,"win_rate":0,"timestamp":1542659124,"path_taken":["M","M","?","M","M","R","E","R","T","E","M","M","E","M","R","BOSS","M","?","M","M","M","R","M"],"build_version":"2018-11-15","purchased_purges":0,"victory":false,"max_hp_per_floor":[75,75,75,75,75,75,75,75,75,75,75,75,75,78,78,78,78,78,78,78,81,81,81,81],"card_choices":[{"not_picked":["Evolve","Armaments"],"picked":"Pommel Strike","floor":1.0},{"not_picked":["Anger","Heavy Blade"],"picked":"Wild Strike","floor":2.0},{"not_picked":["Shrug It Off","Body Slam"],"picked":"Disarm","floor":4.0},{"not_picked":["Warcry","Thunderclap"],"picked":"Cleave","floor":5.0},{"not_picked":["Dark Embrace","Infernal Blade"],"picked":"Feel No Pain","floor":7.0},{"not_picked":["Clash","Clothesline"],"picked":"Spot Weakness","floor":10.0},{"not_picked":["Armaments","Cleave"],"picked":"Power Through","floor":11.0},{"not_picked":["Fire Breathing","Cleave"],"picked":"Battle Trance","floor":12},{"not_picked":["Uppercut","Havoc"],"picked":"Feed","floor":13},{"not_picked":["Headbutt","Shrug It Off"],"picked":"Feel No Pain","floor":14},{"not_picked":["Fiend Fire","Immolate"],"picked":"Reaper","floor":16},{"not_picked":["Armaments","Anger"],"picked":"Sword Boomerang","floor":18},{"not_picked":["Infernal Blade+1","Spot Weakness"],"picked":"Reckless Charge+1","floor":20},{"not_picked":["Entrench","Clash","Armaments"],"picked":"SKIP","floor":21},{"not_picked":["Sword Boomerang","Clash"],"picked":"True Grit","floor":22}],"player_experience":1331107,"relics_obtained":[{"floor":7.0,"key":"Paper Frog"},{"floor":9.0,"key":"FossilizedHelix"},{"floor":10.0,"key":"Dead Branch"},{"floor":13,"key":"Bag of Preparation"}],"event_choices":[{"damage_healed":0,"gold_gain":0,"player_choice":"Ignored","damage_taken":0,"max_hp_gain":0,"max_hp_loss":0,"event_name":"N\u0027loth","floor":19,"gold_loss":0}],"is_beta":false,"boss_relics":[{"not_picked":["Calling Bell","Runic Cube"],"picked":"Black Blood"}],"items_purged_floors":[],"is_endless":false,"potions_floor_spawned":[2,4,12,14,16,20],"killed_by":"3 Cultists","ascension_level":17}