{"path_per_floor":["M","?","$","M","M","R","M","R","T","M","R","M","?","$","R","B",null,"M","M","M","?","M","R","$","R","T"],"character_chosen":"DEFECT","items_purchased":["Defragment","Darkness","Self Repair","Redo"],"gold_per_floor":[114,114,114,128,148,148,162,162,186,202,202,222,222,32,32,153,153,167,192,206,206,229,229,102,102,102,102],"floor_reached":27,"campfire_rested":1,"playtime":1386,"item_purchase_floors":[14,14,24,24],"current_hp_per_floor":[38,38,38,29,28,28,23,23,23,19,19,12,12,12,32,9,69,67,60,47,47,32,32,32,32,32,0],"items_purged":["Strike_B"],"gold":102,"score":205,"play_id":"07b3a884-de54-477b-a5ae-890d3593ce52","local_time":"20180601150243","is_prod":false,"is_daily":false,"chose_seed":false,"is_ascension_mode":false,"campfire_upgraded":5,"win_rate":0,"timestamp":1527890563,"campfire_choices":[{"data":"Zap","floor":6,"key":"SMITH"},{"data":"Redo","floor":8,"key":"SMITH"},{"data":"Multi-Cast","floor":11,"key":"SMITH"},{"floor":15,"key":"REST"},{"data":"Defragment","floor":23,"key":"SMITH"},{"data":"Redo","floor":25,"key":"SMITH"}],"path_taken":["M","?","$","M","M","R","M","R","T","M","R","M","?","$","R","BOSS","M","M","M","?","M","R","$","R","T","M"],"build_version":"2018-05-31","seed_source_timestamp":955061987354309,"purchased_purges":1,"victory":false,"master_deck":["Defend_B","Defend_B","Defend_B","Defend_B","Zap+1","Dualcast","Multi-Cast+1","Redo+1","Leap","Turbo","Cold Snap","Beam Cell","Chill","Defragment+1","Darkness","FTL","Cold Snap+1","Streamline+1","Conserve Battery+1","Stack","Rebound+1","Leap","Self Repair","Redo+1"],"max_hp_per_floor":[75,69,69,69,69,69,69,69,69,69,69,69,69,69,69,69,69,69,69,69,69,69,69,69,69,69,69],"relics":["Cracked Core","Golden Idol","Dream Catcher","Astrolabe","Peace Pipe"],"card_choices":[{"not_picked":["Thunder Strike","Meteor Strike"],"picked":"Multi-Cast","floor":0},{"not_picked":["Beam Cell","Doom and Gloom"],"picked":"Redo","floor":1},{"not_picked":["Steam","Beam Cell"],"picked":"Leap","floor":4},{"not_picked":["Leap","Heatsinks"],"picked":"Turbo","floor":5},{"not_picked":["Compile Driver","Storm"],"picked":"Cold Snap","floor":7},{"not_picked":["Compile Driver","Turbo"],"picked":"Beam Cell","floor":10},{"not_picked":["Rainbow","Rebound"],"picked":"Chill","floor":12},{"not_picked":["Chaos","Coolheaded"],"picked":"FTL","floor":15},{"not_picked":["Turbo","Ball Lightning+1"],"picked":"Stack","floor":18},{"not_picked":["Force Field","Aggregate+1"],"picked":"Rebound+1","floor":19},{"not_picked":["Aggregate","Auto Shields"],"picked":"Leap","floor":20},{"not_picked":["Rebound","Conserve Battery","Doom and Gloom"],"picked":"SKIP","floor":22}],"player_experience":781719,"potions_floor_usage":[10,16],"damage_taken":[{"damage":0,"enemies":"Small Slimes","floor":1,"turns":2},{"damage":9,"enemies":"Jaw Worm","floor":4,"turns":5},{"damage":1,"enemies":"Cultist","floor":5,"turns":4},{"damage":5,"enemies":"Looter","floor":7,"turns":3},{"damage":4,"enemies":"Exordium Wildlife","floor":10,"turns":4},{"damage":7,"enemies":"Blue Slaver","floor":12,"turns":2},{"damage":23,"enemies":"Hexaghost","floor":16,"turns":10},{"damage":2,"enemies":"Spheric Guardian","floor":18,"turns":4},{"damage":7,"enemies":"Shell Parasite","floor":19,"turns":7},{"damage":13,"enemies":"Cultist and Chosen","floor":20,"turns":8},{"damage":15,"enemies":"Snake Plant","floor":22,"turns":4},{"damage":36,"enemies":"Chosen and Byrds","floor":27,"turns":10}],"relics_obtained":[{"floor":9,"key":"Dream Catcher"},{"floor":26,"key":"Peace Pipe"}],"event_choices":[{"event_name":"Golden Idol","player_choice":"Lose Max HP","floor":2,"damage_taken":0},{"event_name":"The Woman in Blue","player_choice":"Bought 0 Potions","floor":13,"damage_taken":0},{"event_name":"Vampires","player_choice":"Ignored","floor":21,"damage_taken":0}],"boss_relics":[{"not_picked":["Runic Dome","White Beast Statue"],"picked":"Astrolabe"}],"items_purged_floors":[14],"potions_floor_spawned":[5,12,22],"seed_played":"-4505592785778036304","killed_by":"Chosen and Byrds","ascension_level":0,"potions_obtained":[{"floor":5,"key":"Swift Potion"},{"floor":12,"key":"Block Potion"},{"floor":22,"key":"Explosive Potion"}],"is_trial":false}