{"gold_per_floor":[118,118,118,131,151,151,181,1,1,61,90,90,104,119,119,217,217,231,250,175,189,34,34,34,49,49,78,28,53,53,53,53,158,158,172,183,183,32,32,32,52,85,85,85,99,112,129,29,29,29],"floor_reached":50,"playtime":1894,"items_purged":[],"score":675,"play_id":"aecc7cdb-e949-4228-9c19-8faedf6619db","local_time":"20180903234155","is_ascension_mode":true,"campfire_choices":[{"data":"Poisoned Stab","floor":6,"key":"SMITH"},{"floor":12,"key":"REST"},{"data":"Bane","floor":15,"key":"SMITH"},{"data":"Riddle With Holes","floor":23,"key":"SMITH"},{"data":"Finisher","floor":32,"key":"SMITH"},{"data":"Venomology","floor":40,"key":"SMITH"},{"floor":44,"key":"REST"},{"floor":49,"key":"REST"}],"neow_cost":"NONE","seed_source_timestamp":12425581425990,"circlet_count":0,"master_deck":["Defend_G+1","Defend_G+1","Defend_G+1","Defend_G+1","Strike_G+1","Strike_G+1","Strike_G+1","Survivor","Neutralize+1","Deadly Poison","Deadly Poison","Poisoned Stab+1","Bane+1","Backstab","Die Die Die","Quick Slash","Bane","Venomology+1","Riddle With Holes+1","Slice","Finisher+1","Quick Slash+1","Slice","All Out Attack+1","Riddle With Holes+1","Night Terror+1","Underhanded Strike+1","Heel Hook+1","Doppelganger+1","All Out Attack+1","Cloak And Dagger+1","Blind+1","Swift Strike","Violence+1","Quick Slash+1","Storm of Steel+1","Crippling Poison+1","Deflect+1","Phantasmal Killer+1","Prepared+1","Dash+1"],"relics":["Ring of the Snake","Lantern","Blue Candle","Bottled Lightning","Shuriken","Paper Crane","White Beast Statue","Pen Nib","Gremlin Horn","Toxic Egg 2","Anchor","Ninja Scroll","Astrolabe","Orichalcum","Dodecahedron","Molten Egg 2"],"potions_floor_usage":[7,18,18,21,25,25,27,29,33,33,33,36,41,41,42,42,45,47,50,50,50,50],"damage_taken":[{"damage":0,"enemies":"Jaw Worm","floor":1,"turns":4},{"damage":0,"enemies":"Cultist","floor":4,"turns":3},{"damage":0,"enemies":"2 Louse","floor":5,"turns":2},{"damage":19,"enemies":"3 Sentries","floor":7,"turns":10},{"damage":13,"enemies":"Lagavulin","floor":11,"turns":3},{"damage":0,"enemies":"Large Slime","floor":13,"turns":3},{"damage":0,"enemies":"2 Fungi Beasts","floor":14,"turns":2},{"damage":0,"enemies":"Slime Boss","floor":16,"turns":7},{"damage":1,"enemies":"Shell Parasite","floor":18,"turns":2},{"damage":3,"enemies":"3 Byrds","floor":19,"turns":3},{"damage":5,"enemies":"Shelled Parasite and Fungi","floor":21,"turns":3},{"damage":2,"enemies":"Chosen and Byrds","floor":25,"turns":4},{"damage":6,"enemies":"Slavers","floor":27,"turns":3},{"damage":0,"enemies":"Gremlin Leader","floor":29,"turns":3},{"damage":22,"enemies":"Automaton","floor":33,"turns":8},{"damage":0,"enemies":"Orb Walker","floor":35,"turns":1},{"damage":0,"enemies":"3 Shapes","floor":36,"turns":2},{"damage":19,"enemies":"Maw","floor":41,"turns":4},{"damage":12,"enemies":"Giant Head","floor":42,"turns":6},{"damage":14,"enemies":"4 Shapes","floor":45,"turns":2},{"damage":13,"enemies":"Spire Growth","floor":46,"turns":3},{"damage":0,"enemies":"Jaw Worm Horde","floor":47,"turns":2},{"damage":44,"enemies":"Donu and Deca","floor":50,"turns":5}],"seed_played":"-8557133934699222136","potions_obtained":[{"floor":5,"key":"Swift Potion"},{"floor":13,"key":"Strength Potion"},{"floor":16,"key":"AttackPotion"},{"floor":18,"key":"EssenceOfSteel"},{"floor":19,"key":"Energy Potion"},{"floor":21,"key":"GhostInAJar"},{"floor":25,"key":"SpeedPotion"},{"floor":27,"key":"EssenceOfSteel"},{"floor":29,"key":"SpeedPotion"},{"floor":33,"key":"PowerPotion"},{"floor":35,"key":"Swift Potion"},{"floor":36,"key":"Fire Potion"},{"floor":41,"key":"Weak Potion"},{"floor":42,"key":"SkillPotion"},{"floor":45,"key":"EssenceOfSteel"},{"floor":46,"key":"Dexterity Potion"}],"is_trial":false,"path_per_floor":["M","?","?","M","M","R","E","$","T","?","E","R","M","M","R","B",null,"M","M","?","M","$","R","?","M","T","E","$","E","?","?","R","B",null,"M","M","?","$","?","R","M","E","T","R","M","M","M","$","R"],"character_chosen":"THE_SILENT","items_purchased":["Backstab","Die Die Die","Pen Nib","Slice","Orichalcum","Prepared+1","Dash+1"],"campfire_rested":3,"item_purchase_floors":[8,8,22,28,38,48,48],"current_hp_per_floor":[70,70,67,67,67,67,48,48,48,48,35,56,56,56,56,56,70,69,66,66,61,61,61,61,59,59,53,53,53,53,53,53,31,70,70,70,60,60,60,60,41,29,29,50,36,23,23,23,44,0],"gold":29,"neow_bonus":"RANDOM_COMMON_RELIC","is_prod":false,"is_daily":false,"chose_seed":false,"campfire_upgraded":5,"win_rate":0,"timestamp":1536010915,"path_taken":["M","?","?","?","?","R","E","?","T","?","E","R","M","M","R","BOSS","M","M","?","M","$","R","?","?","T","E","?","E","?","?","R","BOSS","M","M","?","$","?","R","?","E","T","R","M","M","M","$","R","BOSS"],"build_version":"2018-08-30","purchased_purges":0,"victory":false,"max_hp_per_floor":[70,70,70,70,70,70,70,70,70,70,70,70,70,70,70,70,70,70,70,70,70,70,70,70,70,70,70,70,70,70,70,70,70,70,70,70,70,70,70,70,70,70,70,70,70,70,70,70,70,70],"card_choices":[{"not_picked":["Underhanded Strike","Outmaneuver"],"picked":"Deadly Poison","floor":1},{"not_picked":["Endless Agony","Slice"],"picked":"Deadly Poison","floor":4},{"not_picked":["Dagger Spray","PiercingWail"],"picked":"Poisoned Stab","floor":5},{"not_picked":["Dash","Crippling Poison"],"picked":"Bane","floor":7},{"not_picked":["Envenom","Acrobatics"],"picked":"Quick Slash","floor":11},{"not_picked":["Flying Knee","Underhanded Strike"],"picked":"Bane","floor":13},{"not_picked":["Eviscerate","Underhanded Strike"],"picked":"Dagger Throw","floor":14},{"not_picked":["Doppelganger","Grand Finale"],"picked":"Venomology","floor":16},{"not_picked":["Sucker Punch","Blade Dance"],"picked":"Riddle With Holes","floor":18},{"not_picked":["PiercingWail","Eviscerate"],"picked":"Sucker Punch","floor":19},{"not_picked":["Bouncing Flask","Dagger Spray"],"picked":"Slice","floor":21},{"not_picked":["Bane","Accuracy"],"picked":"Finisher","floor":25},{"not_picked":["Masterful Stab","Acrobatics"],"picked":"Quick Slash+1","floor":27},{"not_picked":["Acrobatics+1","Distraction+1"],"picked":"All Out Attack+1","floor":29},{"not_picked":["Venomology+1","After Image"],"picked":"Night Terror+1","floor":33},{"not_picked":["Flying Knee","Underhanded Strike"],"picked":"All Out Attack+1","floor":35},{"not_picked":["Outmaneuver+1","Concentrate+1"],"picked":"Cloak And Dagger+1","floor":36},{"not_picked":["PanicButton+1","Secret Weapon+1"],"picked":"Blind+1","floor":37},{"not_picked":["Trip+1","Impatience+1"],"picked":"Swift Strike","floor":37},{"not_picked":["Good Instincts+1","Panacea+1"],"picked":"Violence+1","floor":37},{"not_picked":["Poisoned Stab","Outmaneuver+1"],"picked":"Quick Slash+1","floor":41},{"not_picked":["Calculated Gamble+1","Sucker Punch+1"],"picked":"Storm of Steel+1","floor":42},{"not_picked":["Bane+1","Riddle With Holes+1"],"picked":"Crippling Poison+1","floor":45},{"not_picked":["Bane+1","Acrobatics+1"],"picked":"Deflect+1","floor":46},{"not_picked":["Slice+1","Prepared+1"],"picked":"Phantasmal Killer+1","floor":47}],"player_experience":100702,"relics_obtained":[{"floor":7,"key":"Bottled Lightning"},{"floor":9,"key":"Shuriken"},{"floor":11,"key":"Paper Crane"},{"floor":26,"key":"Gremlin Horn"},{"floor":27,"key":"Toxic Egg 2"},{"floor":29,"key":"Anchor"},{"floor":42,"key":"Dodecahedron"},{"floor":43,"key":"Molten Egg 2"}],"event_choices":[{"event_name":"Accursed Blacksmith","player_choice":"Forge","floor":2,"damage_taken":0},{"event_name":"Scrap Ooze","player_choice":"success","floor":3,"damage_taken":3},{"event_name":"Golden Wing","player_choice":"Gained Gold","floor":10,"damage_taken":0},{"event_name":"Beggar","player_choice":"Gave Gold","floor":20,"damage_taken":0},{"event_name":"Back to Basics","player_choice":"Simplicity","floor":24,"damage_taken":0},{"event_name":"WeMeetAgain","player_choice":"Potion","floor":30,"damage_taken":0},{"event_name":"Duplicator","player_choice":"One dupe","floor":31,"damage_taken":0},{"event_name":"SensoryStone","player_choice":"Memory 3","floor":37,"damage_taken":0},{"event_name":"Falling","player_choice":"Removed Attack","floor":39,"damage_taken":0}],"is_beta":true,"boss_relics":[{"not_picked":["Fusion Hammer","Eternal Feather"],"picked":"White Beast Statue"},{"not_picked":["Coffee Dripper","Runic Dome"],"picked":"Astrolabe"}],"items_purged_floors":[],"is_endless":false,"potions_floor_spawned":[5,13,16,18,19,21,25,27,29,33,35,36,41,42,45,46,47],"killed_by":"Donu and Deca","ascension_level":1}