{"path_per_floor":["M","?","?","M","M","M","M","R","T","$","$","M","?","?","R"],"character_chosen":"THE_SILENT","items_purchased":["Backstab","Dagger Spray"],"gold_per_floor":[110,110,110,125,139,162,187,187,187,151,24,49,49,49,49,49],"floor_reached":16,"campfire_rested":2,"playtime":659,"current_hp_per_floor":[61,61,44,36,34,17,17,38,38,38,38,25,13,13,34,0],"items_purged":["Strike_G"],"gold":49,"score":124,"play_id":"c7c84400-07a9-4179-8f15-f1b9c62ff41f","local_time":"20180523083933","is_prod":false,"is_daily":false,"chose_seed":false,"is_ascension_mode":true,"campfire_upgraded":0,"timestamp":1527089973,"campfire_choices":[{"floor":8,"key":"REST"},{"floor":15,"key":"REST"}],"path_taken":["M","?","?","M","M","M","M","R","T","?","$","M","?","?","R","BOSS"],"build_version":"2018-05-17","seed_source_timestamp":155150788798150,"purchased_purges":1,"victory":false,"master_deck":["Defend_G","Defend_G","Defend_G","Defend_G","Defend_G","Strike_G","Strike_G","Strike_G","Strike_G","Survivor","Neutralize+1","Dodge and Roll","Flying Knee","Poisoned Stab","Poisoned Stab","Blur+1","Backstab","Dagger Spray","Adrenaline"],"max_hp_per_floor":[70,70,70,70,70,70,70,70,70,70,70,70,70,70,70,70],"relics":["Ring of the Snake","Golden Idol","Happy Flower","Oddly Smooth Stone"],"card_choices":[{"not_picked":["Bouncing Flask","Riddle With Holes"],"picked":"Dodge and Roll","floor":1},{"not_picked":["Riddle With Holes","Acrobatics"],"picked":"Flying Knee","floor":4},{"not_picked":["Prepared","Dagger Throw"],"picked":"Poisoned Stab","floor":5},{"not_picked":["Bane","Masterful Stab"],"picked":"Poisoned Stab","floor":6},{"not_picked":["Underhanded Strike","Leg Sweep"],"picked":"Blur","floor":7},{"not_picked":["Underhanded Strike","Dagger Throw"],"picked":"Adrenaline","floor":12}],"player_experience":677692,"potions_floor_usage":[7],"damage_taken":[{"damage":2,"enemies":"2 Louse","floor":1,"turns":6},{"damage":8,"enemies":"Jaw Worm","floor":4,"turns":8},{"damage":2,"enemies":"Cultist","floor":5,"turns":4},{"damage":17,"enemies":"Exordium Thugs","floor":6,"turns":6},{"damage":0,"enemies":"Looter","floor":7,"turns":3},{"damage":13,"enemies":"Exordium Wildlife","floor":12,"turns":7},{"damage":34,"enemies":"Hexaghost","floor":16,"turns":11}],"relics_obtained":[{"floor":9,"key":"Happy Flower"}],"event_choices":[{"event_name":"Golden Wing","player_choice":"Ignored","floor":2,"damage_taken":0},{"event_name":"Golden Idol","player_choice":"Take Damage","floor":3,"damage_taken":0},{"event_name":"Scrap Ooze","player_choice":"success","floor":13,"damage_taken":12},{"event_name":"Upgrade Shrine","player_choice":"Upgraded","floor":14,"damage_taken":0}],"boss_relics":[],"potions_floor_spawned":[4,6],"seed_played":"7262960389401752038","killed_by":"Hexaghost","ascension_level":7,"potions_obtained":[{"floor":4,"key":"FearPotion"},{"floor":6,"key":"EssenceOfSteel"}],"is_trial":false}