{"path_per_floor":["M","M","$","M","M","R","E","M","T","?","R","M","R","?","R"],"character_chosen":"THE_SILENT","items_purchased":[],"gold_per_floor":[117,135,135,153,170,170,195,212,212,212,212,229,229,229,229,229],"floor_reached":16,"campfire_rested":0,"playtime":1330,"item_purchase_floors":[],"current_hp_per_floor":[58,51,51,49,46,46,30,28,28,44,44,44,44,37,37,0],"items_purged":[],"gold":229,"score":173,"play_id":"cf5083ce-e736-4c98-9323-d4af207c01ad","local_time":"20180611101449","is_prod":false,"is_daily":false,"chose_seed":false,"is_ascension_mode":true,"campfire_upgraded":4,"win_rate":0,"timestamp":1528737289,"campfire_choices":[{"data":"Finisher","floor":6,"key":"SMITH"},{"data":"Flechettes","floor":11,"key":"SMITH"},{"data":"Survivor","floor":13,"key":"SMITH"},{"data":"Flying Knee","floor":15,"key":"SMITH"}],"path_taken":["M","M","$","M","M","R","E","M","T","?","R","?","R","?","R","BOSS"],"build_version":"2018-06-07v3","seed_source_timestamp":1801693003889073,"purchased_purges":0,"victory":false,"master_deck":["Defend_G","Defend_G","Defend_G","Defend_G","Defend_G","Strike_G","Strike_G","Strike_G","Strike_G","Survivor+1","Neutralize+1","AscendersBane","Finisher+1","Dagger Throw","PiercingWail","Riddle With Holes","Flechettes+1","Parasite","Flying Knee+1"],"max_hp_per_floor":[66,66,66,66,66,66,66,66,66,66,66,66,66,66,66,66],"relics":["Ring of the Snake","Bag of Marbles","Oddly Smooth Stone"],"card_choices":[{"not_picked":["Sucker Punch","Slice"],"picked":"Finisher","floor":1.0},{"not_picked":["Sucker Punch","Finisher","Distraction"],"picked":"SKIP","floor":2.0},{"not_picked":["Skewer","Prepared"],"picked":"Dagger Throw","floor":4},{"not_picked":["Calculated Gamble","Skewer"],"picked":"PiercingWail","floor":5},{"not_picked":["Quick Slash","Choke"],"picked":"Riddle With Holes","floor":7},{"not_picked":["Doppelganger","PiercingWail"],"picked":"Flechettes","floor":8},{"not_picked":["Deadly Poison","Acrobatics"],"picked":"Flying Knee","floor":12}],"player_experience":831343,"potions_floor_usage":[16],"damage_taken":[{"damage":1.0,"enemies":"2 Louse","floor":1.0,"turns":3.0},{"damage":7.0,"enemies":"Small Slimes","floor":2.0,"turns":5.0},{"damage":2,"enemies":"Jaw Worm","floor":4,"turns":3},{"damage":3,"enemies":"Red Slaver","floor":5,"turns":3},{"damage":16,"enemies":"Gremlin Nob","floor":7,"turns":4},{"damage":2,"enemies":"Exordium Wildlife","floor":8,"turns":3},{"damage":0,"enemies":"Large Slime","floor":12,"turns":4},{"damage":47,"enemies":"Slime Boss","floor":16,"turns":7}],"relics_obtained":[{"floor":7,"key":"Bag of Marbles"},{"floor":9,"key":"Oddly Smooth Stone"}],"event_choices":[{"event_name":"Mushrooms","player_choice":"Healed and dodged fight","floor":10,"damage_taken":0},{"event_name":"Golden Wing","player_choice":"Card Removal","floor":14,"damage_taken":0}],"boss_relics":[],"items_purged_floors":[],"potions_floor_spawned":[2,4,12],"seed_played":"5339111731640094988","killed_by":"Slime Boss","ascension_level":14,"potions_obtained":[{"floor":2.0,"key":"GamblersBrew"},{"floor":4,"key":"Dexterity Potion"}],"is_trial":false}