{"path_per_floor":["M","M","?","$","?","R","E","M","T","M","?","R","M","M","R"],"character_chosen":"THE_SILENT","items_purchased":["Leg Sweep","Backflip"],"gold_per_floor":[217,228,478,283,283,283,315,334,357,370,348,348,364,378,378,378],"floor_reached":16,"campfire_rested":2,"playtime":977,"item_purchase_floors":[4,4],"current_hp_per_floor":[56,45,45,45,45,45,14,14,14,1,1,20,20,4,23,0],"items_purged":["Regret"],"gold":378,"score":173,"play_id":"231613cd-0d93-4cde-9e99-6ec28c0aad6b","local_time":"20180611090915","is_prod":false,"is_daily":false,"chose_seed":false,"is_ascension_mode":true,"campfire_upgraded":1,"win_rate":0,"timestamp":1528733355,"campfire_choices":[{"data":"Leg Sweep","floor":6,"key":"SMITH"},{"floor":12,"key":"REST"},{"floor":15,"key":"REST"}],"path_taken":["M","M","?","$","?","R","E","M","T","?","?","R","M","M","R","BOSS"],"build_version":"2018-06-07v3","seed_source_timestamp":1798268333904819,"purchased_purges":1,"victory":false,"master_deck":["Defend_G","Defend_G","Defend_G","Defend_G","Defend_G","Strike_G","Strike_G","Strike_G","Strike_G","Strike_G","Survivor","Neutralize","AscendersBane","Cloak And Dagger","Leg Sweep+1","Backflip","Dodge and Roll","Skewer","Dagger Spray","Cloak And Dagger"],"max_hp_per_floor":[66,66,66,66,66,66,66,66,66,66,66,66,66,66,66,66],"relics":["Ring of the Snake","Vajra","Happy Flower"],"card_choices":[{"not_picked":["PiercingWail","Deflect"],"picked":"Cloak And Dagger","floor":1},{"not_picked":["Flying Knee","Catalyst","Eviscerate"],"picked":"SKIP","floor":2},{"not_picked":["Slice","Acrobatics"],"picked":"Dodge and Roll","floor":7},{"not_picked":["Backflip","Endless Agony"],"picked":"Skewer","floor":8},{"not_picked":["Grand Finale","Blade Dance"],"picked":"Dagger Spray","floor":10},{"not_picked":["Slice","Prepared","Bane"],"picked":"SKIP","floor":13},{"not_picked":["Prepared","Dagger Throw"],"picked":"Cloak And Dagger","floor":14}],"player_experience":830366,"potions_floor_usage":[],"damage_taken":[{"damage":3,"enemies":"Jaw Worm","floor":1,"turns":7},{"damage":11,"enemies":"Cultist","floor":2,"turns":6},{"damage":31,"enemies":"3 Sentries","floor":7,"turns":17},{"damage":0,"enemies":"Small Slimes","floor":8,"turns":8},{"damage":13,"enemies":"Exordium Wildlife","floor":10,"turns":8},{"damage":0,"enemies":"2 Fungi Beasts","floor":13,"turns":3},{"damage":16,"enemies":"Exordium Thugs","floor":14,"turns":8},{"damage":23,"enemies":"Hexaghost","floor":16,"turns":9}],"relics_obtained":[{"floor":7,"key":"Vajra"},{"floor":9,"key":"Happy Flower"}],"event_choices":[{"event_name":"Golden Shrine","player_choice":"Desecrate","floor":3,"damage_taken":0},{"event_name":"Liars Game","player_choice":"disagreed","floor":5,"damage_taken":0},{"event_name":"World of Goop","player_choice":"Left","floor":11,"damage_taken":0}],"boss_relics":[],"items_purged_floors":[4],"potions_floor_spawned":[7,14],"seed_played":"-2408922911847489750","killed_by":"Hexaghost","ascension_level":14,"potions_obtained":[{"floor":7,"key":"Swift Potion"},{"floor":14,"key":"Block Potion"}],"is_trial":false}