{"gold_per_floor":[362,376,309,327,327,327,339,372,395,415,430,430,395,422,422,520,520,537,288,387,400,427,427],"floor_reached":23,"playtime":1013,"items_purged":[],"score":302,"play_id":"ab1c7619-0c03-4c88-bca8-330e4d7fb1fd","local_time":"20190117203239","is_ascension_mode":true,"campfire_choices":[{"data":"Sunder","floor":6,"key":"SMITH"},{"floor":15,"key":"REST"}],"neow_cost":"TEN_PERCENT_HP_LOSS","seed_source_timestamp":251803981614758,"circlet_count":0,"master_deck":["AscendersBane","Strike_B","Strike_B","Strike_B","Strike_B","Defend_B","Defend_B","Defend_B","Defend_B","Zap","Dualcast","Defragment","Rip and Tear","Sunder+1","Hologram","Lockon","Thunder Strike","Defragment","Conserve Battery","Beam Cell","Glacier","Electrodynamics","Go for the Eyes","Melter","Consume+1","Rip and Tear+1"],"relics":["Cracked Core","Strawberry","Omamori","Bag of Marbles","Nuclear Battery","Runic Capacitor","Red Mask"],"potions_floor_usage":[8,16,22,23],"damage_taken":[{"damage":2,"enemies":"Jaw Worm","floor":1,"turns":3},{"damage":6,"enemies":"Cultist","floor":2,"turns":5},{"damage":0,"enemies":"2 Louse","floor":4,"turns":1},{"damage":0,"enemies":"2 Fungi Beasts","floor":7,"turns":1},{"damage":49,"enemies":"Lagavulin","floor":8,"turns":7},{"damage":13,"enemies":"3 Louse","floor":10,"turns":3},{"damage":1,"enemies":"Blue Slaver","floor":11,"turns":3},{"damage":37,"enemies":"3 Sentries","floor":14,"turns":7},{"damage":15,"enemies":"Slime Boss","floor":16,"turns":7},{"damage":21,"enemies":"Spheric Guardian","floor":18,"turns":4},{"damage":12,"enemies":"2 Thieves","floor":21,"turns":3},{"damage":12,"enemies":"Masked Bandits","floor":22,"turns":3},{"damage":20,"enemies":"Slavers","floor":23,"turns":1}],"seed_played":"-8519174478827971104","potions_obtained":[{"floor":4,"key":"SteroidPotion"},{"floor":14,"key":"Regen Potion"},{"floor":18,"key":"EssenceOfSteel"},{"floor":21,"key":"AttackPotion"}],"is_trial":false,"path_per_floor":["M","M","$","M","?","R","M","E","T","M","M","?","?","E","R","B",null,"M","$","?","M","?","E"],"character_chosen":"DEFECT","items_purchased":["Sunder","Melter","Runic Capacitor"],"campfire_rested":1,"item_purchase_floors":[3,19,19],"current_hp_per_floor":[66,60,60,60,60,60,60,18,18,5,4,22,40,3,25,25,63,42,42,42,30,18,0],"gold":427,"neow_bonus":"TWO_FIFTY_GOLD","is_prod":false,"is_daily":false,"chose_seed":false,"campfire_upgraded":1,"win_rate":0,"timestamp":1547775159,"path_taken":["M","M","$","M","?","R","?","E","T","M","M","?","?","E","R","BOSS","M","$","?","M","?","E"],"build_version":"2019-01-10","purchased_purges":0,"victory":false,"max_hp_per_floor":[68,68,68,68,68,68,68,75,75,75,75,75,75,75,75,75,75,75,75,75,75,75,75],"card_choices":[{"not_picked":["Go for the Eyes","Coolheaded"],"picked":"Defragment","floor":1},{"not_picked":["Stack","Streamline"],"picked":"Rip and Tear","floor":2},{"not_picked":["Hello World","Gash"],"picked":"Hologram","floor":4},{"not_picked":["Ball Lightning","Darkness"],"picked":"Thunder Strike","floor":7},{"not_picked":["Cold Snap","Blizzard"],"picked":"Defragment","floor":8},{"not_picked":["Streamline","White Noise"],"picked":"Conserve Battery","floor":10},{"not_picked":["Barrage","Aggregate"],"picked":"Beam Cell","floor":11},{"not_picked":["Go for the Eyes","Undo"],"picked":"Glacier","floor":14},{"not_picked":["Meteor Strike","Amplify"],"picked":"Electrodynamics","floor":16},{"not_picked":["Redo","Reprogram"],"picked":"Go for the Eyes","floor":18},{"not_picked":["Compile Driver","Sweeping Beam"],"picked":"Consume+1","floor":21},{"not_picked":["Gash","Steam"],"picked":"Rip and Tear+1","floor":22}],"player_experience":527139,"relics_obtained":[{"floor":8,"key":"Strawberry"},{"floor":9,"key":"Omamori"},{"floor":14,"key":"Bag of Marbles"},{"floor":22,"key":"Red Mask"}],"event_choices":[{"damage_healed":0,"gold_gain":0,"player_choice":"1 cards matched","damage_taken":0,"max_hp_gain":0,"max_hp_loss":0,"event_name":"Match and Keep!","floor":5,"gold_loss":0,"cards_obtained":["Lockon"]},{"damage_healed":18,"gold_gain":0,"player_choice":"Healed and dodged fight","damage_taken":0,"max_hp_gain":0,"max_hp_loss":0,"event_name":"Mushrooms","floor":12,"gold_loss":0,"cards_obtained":["Parasite"]},{"damage_healed":18,"gold_gain":0,"player_choice":"Healed","damage_taken":0,"max_hp_gain":0,"max_hp_loss":0,"event_name":"The Cleric","floor":13,"gold_loss":35},{"damage_healed":0,"gold_gain":99,"player_choice":"Stole From Cult","damage_taken":0,"max_hp_gain":0,"max_hp_loss":0,"event_name":"Nest","floor":20,"gold_loss":0},{"damage_healed":0,"gold_gain":0,"player_choice":"Fought Bandits","damage_taken":0,"max_hp_gain":0,"max_hp_loss":0,"event_name":"Masked Bandits","floor":22,"gold_loss":0}],"is_beta":false,"boss_relics":[{"not_picked":["White Beast Statue","Snecko Eye"],"picked":"Nuclear Battery"}],"items_purged_floors":[],"is_endless":false,"potions_floor_spawned":[4,14,18,21],"killed_by":"Slavers","ascension_level":10}