{"gold_per_floor":[110,125,137,137,137,137,151,167,167,191,216,254,254,27,27,123,123,148,162,162,362,382,382,382,382,409,425,438,488,488,388,388,459,459,472,306,306,306,358,358,378,405,405,405,405,104,120,120,120,120],"floor_reached":51,"playtime":6092,"items_purged":["Strike_R","Writhe","Strike_R","Shame"],"score":1208,"play_id":"2e8ceeb4-1e09-4572-bd7c-77b819d36c11","local_time":"20180925002238","is_ascension_mode":true,"campfire_choices":[{"data":"True Grit","floor":6,"key":"SMITH"},{"data":"Demon Form","floor":15,"key":"SMITH"},{"data":"Whirlwind","floor":23,"key":"SMITH"},{"data":"Shockwave","floor":25,"key":"SMITH"},{"data":"Barricade","floor":32,"key":"SMITH"},{"floor":40,"key":"REST"},{"data":"Entrench","floor":45,"key":"SMITH"},{"data":"Chrysalis","floor":49,"key":"SMITH"}],"neow_cost":"NONE","seed_source_timestamp":99902216159991,"circlet_count":0,"master_deck":["Strike_R","Strike_R","Defend_R+1","Defend_R","Defend_R","Defend_R","Bash","AscendersBane","Sword Boomerang","Shockwave+1","True Grit+1","Spot Weakness","Whirlwind+1","Flame Barrier","Uppercut+1","Demon Form+1","Feed","Battle Trance+1","Power Through","Flame Barrier","Shrug It Off","Barricade+1","Reaper","Entrench+1","Chrysalis+1","Body Slam"],"relics":["Burning Blood","PreservedInsect","Bloody Idol","Juzu Bracelet","Meat on the Bone","Odd Mushroom","Sozu","Letter Opener","War Paint","Cursed Key","Calipers","Du-Vu Doll","Bottled Flame","Pocketwatch","Oddly Smooth Stone"],"potions_floor_usage":[7,8,16,28],"damage_taken":[{"damage":2,"enemies":"2 Louse","floor":1,"turns":4},{"damage":11,"enemies":"Small Slimes","floor":2,"turns":6},{"damage":6,"enemies":"Jaw Worm","floor":3,"turns":4},{"damage":0,"enemies":"Lots of Slimes","floor":7,"turns":1},{"damage":9,"enemies":"Red Slaver","floor":8,"turns":5},{"damage":13,"enemies":"Exordium Thugs","floor":10,"turns":6},{"damage":11,"enemies":"Blue Slaver","floor":11,"turns":4},{"damage":18,"enemies":"The Mushroom Lair","floor":12,"turns":4},{"damage":13,"enemies":"Slime Boss","floor":16,"turns":6},{"damage":17,"enemies":"Spheric Guardian","floor":18,"turns":4},{"damage":0,"enemies":"Chosen","floor":19,"turns":6},{"damage":30,"enemies":"Snake Plant","floor":22,"turns":6},{"damage":16,"enemies":"Snecko","floor":27,"turns":5},{"damage":28,"enemies":"Sentry and Sphere","floor":28,"turns":5},{"damage":0,"enemies":"Champ","floor":33,"turns":13},{"damage":8,"enemies":"Orb Walker","floor":35,"turns":4},{"damage":12,"enemies":"Mind Bloom Boss Battle","floor":38,"turns":9},{"damage":72,"enemies":"Mysterious Sphere","floor":39,"turns":9},{"damage":4,"enemies":"3 Shapes","floor":41,"turns":7},{"damage":1,"enemies":"Giant Head","floor":42,"turns":9},{"damage":75,"enemies":"Jaw Worm Horde","floor":47,"turns":7},{"damage":45,"enemies":"Awakened One","floor":50,"turns":24}],"seed_played":"2154333129991385499","potions_obtained":[{"floor":1,"key":"Weak Potion"},{"floor":2,"key":"GamblersBrew"},{"floor":3,"key":"Explosive Potion"},{"floor":8,"key":"EssenceOfSteel"},{"floor":12,"key":"PowerPotion"}],"is_trial":false,"path_per_floor":["M","M","M","?","?","R","M","M","T","M","M","?","?","$","R","B",null,"M","M","?","?","M","R","?","R","T","M","M","?","?","$","R","B",null,"M","$","?","?","?","R","M","E","T","?","R","$","M","?","R","B"],"character_chosen":"IRONCLAD","items_purchased":["Demon Form","Entrench","Oddly Smooth Stone"],"campfire_rested":1,"item_purchase_floors":[14,36,46],"current_hp_per_floor":[72,67,67,41,36,36,42,39,39,44,51,51,51,51,51,44,67,56,62,62,67,60,60,60,60,65,60,55,60,60,60,60,71,74,75,75,65,72,37,61,84,84,84,84,84,84,64,64,64,84],"gold":120,"neow_bonus":"RANDOM_COMMON_RELIC","is_prod":false,"is_daily":false,"chose_seed":false,"campfire_upgraded":7,"win_rate":0,"timestamp":1537860158,"path_taken":["M","M","M","?","?","R","M","M","T","M","M","?","?","$","R","BOSS","M","M","?","?","M","R","?","R","T","M","M","?","?","$","R","BOSS","M","$","?","?","?","R","M","E","T","?","R","$","M","?","R","BOSS"],"build_version":"2018-09-20","purchased_purges":4,"victory":true,"max_hp_per_floor":[75,75,75,75,75,75,75,75,75,75,75,75,75,75,75,75,75,75,75,75,75,75,75,75,75,75,75,75,75,75,75,75,75,75,75,75,75,78,81,81,84,84,84,84,84,84,84,84,84,84],"card_choices":[{"not_picked":["Searing Blow","Havoc"],"picked":"Sword Boomerang","floor":1},{"not_picked":["Blood for Blood","Seeing Red"],"picked":"Shockwave","floor":2},{"not_picked":["Burning Pact","Havoc"],"picked":"True Grit","floor":3},{"not_picked":["Shockwave","Pommel Strike"],"picked":"Spot Weakness","floor":7},{"not_picked":["Cleave","Armaments","Clash"],"picked":"SKIP","floor":8},{"not_picked":["Pummel","Perfected Strike"],"picked":"Whirlwind","floor":10},{"not_picked":["Rupture","Armaments"],"picked":"Flame Barrier","floor":11},{"not_picked":["Infernal Blade","Body Slam"],"picked":"Uppercut","floor":12},{"not_picked":["Berserk","Demon Form"],"picked":"Feed","floor":16},{"not_picked":["Headbutt","Whirlwind"],"picked":"Battle Trance","floor":18},{"not_picked":["Rampage","Spot Weakness"],"picked":"Power Through","floor":19},{"not_picked":["Perfected Strike","Anger"],"picked":"Flame Barrier","floor":22},{"not_picked":["Warcry","Armaments+1"],"picked":"Shrug It Off","floor":27},{"not_picked":["Pummel","Bloodletting","Iron Wave"],"picked":"SKIP","floor":28},{"not_picked":["Barricade","Bludgeon"],"picked":"Reaper","floor":33},{"not_picked":["Heavy Blade","Twin Strike","Searing Blow"],"picked":"SKIP","floor":35},{"not_picked":["Secret Weapon","Jack Of All Trades"],"picked":"Chrysalis","floor":37},{"not_picked":["Heavy Blade","Combust","Iron Wave"],"picked":"SKIP","floor":41},{"not_picked":["Anger+1","Rupture","Immolate"],"picked":"SKIP","floor":42},{"not_picked":["Twin Strike","Sword Boomerang"],"picked":"Body Slam","floor":47}],"player_experience":829624,"relics_obtained":[{"floor":9,"key":"Meat on the Bone"},{"floor":12,"key":"Odd Mushroom"},{"floor":26,"key":"War Paint"},{"floor":38,"key":"Calipers"},{"floor":39,"key":"Du-Vu Doll"},{"floor":42,"key":"Bottled Flame"},{"floor":43,"key":"Pocketwatch"}],"event_choices":[{"event_name":"Golden Idol","player_choice":"Take Damage","floor":4,"damage_taken":0},{"event_name":"Scrap Ooze","player_choice":"success","floor":5,"damage_taken":5},{"event_name":"Mushrooms","player_choice":"Fought Mushrooms","floor":12,"damage_taken":0},{"event_name":"Accursed Blacksmith","player_choice":"Forge","floor":13,"damage_taken":0},{"event_name":"Forgotten Altar","player_choice":"Gave Idol","floor":20,"damage_taken":0},{"event_name":"Wheel of Change","player_choice":"Gold","floor":21,"damage_taken":0},{"event_name":"The Mausoleum","player_choice":"Yes","floor":24,"damage_taken":0},{"event_name":"Nest","player_choice":"Stole From Cult","floor":29,"damage_taken":0},{"event_name":"The Library","player_choice":"Read","floor":30,"damage_taken":0},{"event_name":"SensoryStone","player_choice":"Memory 3","floor":37,"damage_taken":0},{"event_name":"MindBloom","player_choice":"Fight","floor":38,"damage_taken":0},{"event_name":"Mysterious Sphere","player_choice":"Fight","floor":39,"damage_taken":0},{"event_name":"Falling","player_choice":"Removed Attack","floor":44,"damage_taken":0},{"event_name":"The Lab","player_choice":"Got Potions","floor":48,"damage_taken":0}],"is_beta":true,"boss_relics":[{"not_picked":["Fusion Hammer","Runic Cube"],"picked":"Sozu"},{"not_picked":["Tiny House","Coffee Dripper"],"picked":"Cursed Key"}],"items_purged_floors":[14,31,36,46],"is_endless":false,"potions_floor_spawned":[1,2,3,8,12,18,22,33,35,39],"ascension_level":15}