{"gold_per_floor":[360,373,390,409,584,584,611,611,662,320,320,351,25,25,25,124,174,185,284,284,194,69,69,103,103,177,191,204,220,220],"floor_reached":30,"playtime":1214,"items_purged":["Doubt","Strike_B","Strike_B"],"score":346,"play_id":"3cf07d31-2fc1-4d52-b73d-242a1b8bf8e7","local_time":"20190131182623","is_ascension_mode":true,"campfire_choices":[{"data":"Defragment","floor":6,"key":"SMITH"},{"data":"Coolheaded","floor":8,"key":"SMITH"},{"floor":15,"key":"REST"},{"data":"Machine Learning","floor":23,"key":"SMITH"},{"floor":25,"key":"REST"}],"neow_cost":"TEN_PERCENT_HP_LOSS","seed_source_timestamp":311302701321296,"circlet_count":0,"master_deck":["Strike_B+1","Defend_B+1","Defend_B+1","Defend_B+1","Defend_B","Zap+1","Dualcast","Steam","Defragment+1","Gash+1","Coolheaded+1","Capacitor","Machine Learning+1","Capacitor+1","Hologram+1","Gash","FTL","Beam Cell+1","Hologram+1"],"relics":["Cracked Core","Bottled Tornado","Bag of Marbles","Whetstone","Tiny Chest","Boot","PreservedInsect","Tiny House","Vajra","Bottled Lightning"],"potions_floor_usage":[12,16,16,20,27],"damage_taken":[{"damage":1,"enemies":"Cultist","floor":1,"turns":4},{"damage":1,"enemies":"2 Louse","floor":2,"turns":2},{"damage":0,"enemies":"Small Slimes","floor":3,"turns":3},{"damage":1,"enemies":"2 Fungi Beasts","floor":4,"turns":4},{"damage":26,"enemies":"Lagavulin","floor":7,"turns":7},{"damage":12,"enemies":"Gremlin Nob","floor":12,"turns":4},{"damage":0,"enemies":"Slime Boss","floor":16,"turns":11},{"damage":8,"enemies":"Chosen","floor":18,"turns":6},{"damage":11,"enemies":"Colosseum Slavers","floor":20,"turns":5},{"damage":44,"enemies":"Slavers","floor":24,"turns":8},{"damage":13,"enemies":"2 Thieves","floor":27,"turns":5},{"damage":2,"enemies":"3 Cultists","floor":28,"turns":5},{"damage":5,"enemies":"Chosen and Byrds","floor":29,"turns":6},{"damage":12,"enemies":"Snake Plant","floor":30,"turns":1}],"seed_played":"-6022001370446270632","potions_obtained":[{"floor":2,"key":"FearPotion"},{"floor":4,"key":"Weak Potion"},{"floor":7,"key":"Explosive Potion"},{"floor":17,"key":"Explosive Potion"},{"floor":24,"key":"Swift Potion"}],"is_trial":false,"path_per_floor":["M","M","M","M","?","R","E","R","T","$","?","E","$","?","R","B",null,"M","?","?","?","$","R","E","R","T","M","M","M","M"],"character_chosen":"DEFECT","items_purchased":["Whetstone","Tiny Chest","PreservedInsect","Capacitor"],"campfire_rested":2,"item_purchase_floors":[10,10,13,13],"current_hp_per_floor":[67,66,66,65,65,65,39,39,39,39,39,27,27,13,33,33,73,65,65,54,54,54,54,10,31,31,18,16,11,0],"gold":220,"neow_bonus":"TWO_FIFTY_GOLD","is_prod":false,"is_daily":false,"chose_seed":false,"campfire_upgraded":3,"win_rate":0,"timestamp":1548919583,"path_taken":["M","M","M","M","?","R","E","R","T","$","?","E","$","?","R","BOSS","M","?","?","?","$","R","E","R","T","M","M","?","M"],"build_version":"2019-01-23","purchased_purges":3,"victory":false,"max_hp_per_floor":[68,68,68,68,68,68,68,68,68,68,68,68,68,68,68,68,73,73,73,73,73,73,73,73,73,73,73,73,73,73],"card_choices":[{"not_picked":["Turbo","Compile Driver","Hologram"],"picked":"SKIP","floor":1},{"not_picked":["Sunder","Leap"],"picked":"Steam","floor":2},{"not_picked":["Beam Cell","Gash"],"picked":"Defragment","floor":3},{"not_picked":["Scrape","Double Energy"],"picked":"Gash","floor":4},{"not_picked":["Sunder","Beam Cell"],"picked":"Coolheaded","floor":7},{"not_picked":["Rebound","Conserve Battery","Reinforced Body"],"picked":"SKIP","floor":12},{"not_picked":["Creative AI","Meteor Strike"],"picked":"Machine Learning","floor":16},{"not_picked":["BootSequence","Redo"],"picked":"Capacitor","floor":17},{"not_picked":["Coolheaded","Stack"],"picked":"Hologram+1","floor":18},{"not_picked":["Beam Cell","Hologram"],"picked":"Gash","floor":24},{"not_picked":["Ball Lightning","Beam Cell"],"picked":"FTL","floor":27},{"not_picked":["Double Energy+1","Stack+1"],"picked":"Beam Cell+1","floor":28},{"not_picked":["Rip and Tear","Beam Cell"],"picked":"Hologram+1","floor":29}],"player_experience":1173957,"relics_obtained":[{"floor":7,"key":"Bottled Tornado"},{"floor":9,"key":"Bag of Marbles"},{"floor":12,"key":"Boot"},{"floor":24,"key":"Vajra"},{"floor":26,"key":"Bottled Lightning"}],"event_choices":[{"damage_healed":0,"gold_gain":175,"player_choice":"AGREE","damage_taken":0,"max_hp_gain":0,"max_hp_loss":0,"event_name":"Liars Game","floor":5,"gold_loss":0,"cards_obtained":["Doubt"]},{"damage_healed":0,"gold_gain":0,"player_choice":"Grow","damage_taken":0,"max_hp_gain":0,"max_hp_loss":0,"event_name":"Living Wall","floor":11,"gold_loss":0,"cards_upgraded":["Zap"]},{"damage_healed":0,"gold_gain":0,"player_choice":"Entered Light","damage_taken":14,"max_hp_gain":0,"max_hp_loss":0,"event_name":"Shining Light","floor":14,"gold_loss":0,"cards_upgraded":["Defend_B","Defend_B"]},{"damage_healed":0,"gold_gain":99,"player_choice":"Stole From Cult","damage_taken":0,"max_hp_gain":0,"max_hp_loss":0,"event_name":"Nest","floor":19,"gold_loss":0},{"damage_healed":0,"gold_gain":0,"player_choice":"Fight","damage_taken":0,"max_hp_gain":0,"max_hp_loss":0,"event_name":"Colosseum","floor":20,"gold_loss":0},{"damage_healed":0,"gold_gain":0,"player_choice":"Fled From Nobs","damage_taken":0,"max_hp_gain":0,"max_hp_loss":0,"event_name":"Colosseum","floor":20,"gold_loss":0},{"cards_removed":["Strike_B"],"damage_healed":0,"gold_gain":0,"player_choice":"Upgrade and Remove","damage_taken":0,"max_hp_gain":0,"max_hp_loss":0,"event_name":"Designer","floor":21,"gold_loss":90,"cards_upgraded":["Capacitor"]}],"is_beta":true,"boss_relics":[{"not_picked":["Orrery","Ectoplasm"],"picked":"Tiny House"}],"items_purged_floors":[10,13,22],"is_endless":false,"potions_floor_spawned":[2,4,7,20,24],"killed_by":"Snake Plant","ascension_level":1}