{"gold_per_floor":[110,32,48,65,78,78,89,100,127,127],"floor_reached":10,"playtime":543,"items_purged":[],"score":62,"play_id":"f8ff741b-28ff-4e24-860e-602fef46d93c","local_time":"20180917203800","is_ascension_mode":false,"campfire_choices":[{"data":"Predator","floor":6,"key":"SMITH"}],"neow_cost":"PERCENT_DAMAGE","seed_source_timestamp":309369456910599,"circlet_count":0,"master_deck":["Defend_G","Defend_G","Defend_G","Defend_G","Strike_G","Strike_G","Strike_G","Strike_G","Strike_G","Survivor","Heel Hook","Glass Knife","Acrobatics","Predator+1","Dagger Spray","Acrobatics","Flying Knee","All Out Attack"],"relics":["Ring of the Snake","Boot"],"potions_floor_usage":[],"damage_taken":[{"damage":0,"enemies":"Cultist","floor":1,"turns":4},{"damage":0,"enemies":"2 Louse","floor":3,"turns":2},{"damage":3,"enemies":"Jaw Worm","floor":4,"turns":3},{"damage":14,"enemies":"Blue Slaver","floor":5,"turns":4},{"damage":0,"enemies":"3 Louse","floor":7,"turns":2},{"damage":0,"enemies":"Large Slime","floor":8,"turns":4},{"damage":9,"enemies":"Exordium Thugs","floor":10,"turns":2}],"seed_played":"6048738191096821576","potions_obtained":[{"floor":1,"key":"GamblersBrew"},{"floor":7,"key":"SpeedPotion"},{"floor":8,"key":"FearPotion"}],"is_trial":false,"path_per_floor":["M","$","M","M","M","R","M","M","T"],"character_chosen":"THE_SILENT","items_purchased":["Predator"],"campfire_rested":0,"item_purchase_floors":[2],"current_hp_per_floor":[49,49,49,46,32,32,32,32,32,23],"gold":127,"neow_bonus":"TRANSFORM_TWO_CARDS","is_prod":false,"is_daily":false,"chose_seed":false,"campfire_upgraded":1,"win_rate":0.0,"timestamp":1537234680,"path_taken":["M","$","M","M","M","R","M","M","T","M"],"build_version":"2018-09-06","purchased_purges":0,"victory":false,"max_hp_per_floor":[70,70,70,70,70,70,70,70,70,70],"card_choices":[{"not_picked":["Masterful Stab","Skewer"],"picked":"Acrobatics","floor":1},{"not_picked":["Flechettes","Slice"],"picked":"Dagger Spray","floor":3},{"not_picked":["Dagger Spray","Dodge and Roll"],"picked":"Acrobatics","floor":4},{"not_picked":["Dagger Spray","Blur"],"picked":"Flying Knee","floor":5},{"not_picked":["Corpse Explosion","Escape Plan","Bane"],"picked":"SKIP","floor":7},{"not_picked":["Blade Dance","Dagger Throw"],"picked":"All Out Attack","floor":8}],"player_experience":28321,"relics_obtained":[{"floor":9,"key":"Boot"}],"event_choices":[],"is_beta":false,"boss_relics":[],"items_purged_floors":[],"is_endless":false,"potions_floor_spawned":[1,7,8],"killed_by":"Exordium Thugs","ascension_level":0}