{"gold_per_floor":[111,111,10,20,20,20,49,64,138,153,163,163,198,218,218,290,290,302,227,241,241,83,83,113,130,155,190,21,48,58,58,58,131,131,149,194,84,100,120,151,151,185,210,244,263,282,382,81,81,81,81,81,4,36,36],"floor_reached":56,"playtime":4795,"items_purged":["Defend_B"],"score":2134,"play_id":"8ba89e5e-8b8c-4a71-af19-56b460c9c3c4","local_time":"20190206224724","is_ascension_mode":true,"campfire_choices":[{"floor":6.0,"key":"REST"},{"floor":12.0,"key":"REST"},{"floor":15.0,"key":"REST"},{"data":"Creative AI","floor":23.0,"key":"SMITH"},{"data":"Heatsinks","floor":32,"key":"SMITH"},{"data":"Heatsinks","floor":41,"key":"SMITH"},{"floor":49,"key":"RECALL"},{"data":"Creative AI","floor":52,"key":"SMITH"}],"neow_cost":"NONE","seed_source_timestamp":206262812841059,"circlet_count":0,"master_deck":["AscendersBane","Strike_B+1","Strike_B","Strike_B","Defend_B+1","Defend_B+1","Zap+1","Dualcast","Defragment+1","Defragment","Ball Lightning","FTL","Defragment","Coolheaded","Heatsinks+1","Storm","Biased Cognition","Heatsinks+1","Creative AI+1","Self Repair","Cold Snap","Defragment+1","Glacier","Chill","Self Repair","Coolheaded","Creative AI+1","Defragment+1","Loop+1","Electrodynamics","Hologram","Seek","Capacitor"],"special_seed":0,"relics":["Cracked Core","DataDisk","Bird Faced Urn","Bottled Lightning","Orichalcum","Black Star","Lantern","Calipers","Molten Egg 2","Anchor","Vajra","Oddly Smooth Stone","Happy Flower","Bag of Marbles","Nunchaku","Philosopher\u0027s Stone","WingedGreaves","Mummified Hand","War Paint","Centennial Puzzle","Boot","Regal Pillow","Bottled Flame","Turnip","TheAbacus","Bottled Tornado","Pear"],"potions_floor_usage":[24,25,29,33,55],"damage_taken":[{"damage":2.0,"enemies":"Jaw Worm","floor":1.0,"turns":3.0},{"damage":9.0,"enemies":"2 Louse","floor":4.0,"turns":2.0},{"damage":20.0,"enemies":"Lagavulin","floor":7.0,"turns":5.0},{"damage":0.0,"enemies":"Small Slimes","floor":8.0,"turns":3.0},{"damage":10.0,"enemies":"Red Slaver","floor":10.0,"turns":3.0},{"damage":0.0,"enemies":"Blue Slaver","floor":11.0,"turns":3.0},{"damage":26.0,"enemies":"3 Sentries","floor":13.0,"turns":5.0},{"damage":0.0,"enemies":"Exordium Thugs","floor":14.0,"turns":3.0},{"damage":38.0,"enemies":"Hexaghost","floor":16.0,"turns":5.0},{"damage":26.0,"enemies":"2 Thieves","floor":18.0,"turns":3.0},{"damage":21.0,"enemies":"3 Byrds","floor":20.0,"turns":4.0},{"damage":25,"enemies":"Slavers","floor":24,"turns":6},{"damage":0,"enemies":"Cultist and Chosen","floor":25,"turns":4},{"damage":43,"enemies":"Gremlin Leader","floor":27,"turns":5},{"damage":6,"enemies":"Slavers","floor":29,"turns":3},{"damage":0,"enemies":"Sentry and Sphere","floor":30,"turns":4},{"damage":17,"enemies":"Collector","floor":33,"turns":6},{"damage":23,"enemies":"3 Darklings","floor":35,"turns":5},{"damage":5,"enemies":"2 Orb Walkers","floor":36,"turns":5},{"damage":5,"enemies":"Orb Walker","floor":38,"turns":3},{"damage":0,"enemies":"Maw","floor":39,"turns":4},{"damage":34,"enemies":"Giant Head","floor":40,"turns":8},{"damage":0,"enemies":"Reptomancer","floor":42,"turns":4},{"damage":1,"enemies":"Giant Head","floor":44,"turns":6},{"damage":5,"enemies":"Jaw Worm Horde","floor":45,"turns":4},{"damage":3,"enemies":"Writhing Mass","floor":46,"turns":3},{"damage":0,"enemies":"Mind Bloom Boss Battle","floor":47,"turns":4},{"damage":6,"enemies":"Awakened One","floor":50,"turns":7},{"damage":35,"enemies":"Shield and Spear","floor":54,"turns":5},{"damage":17,"enemies":"The Heart","floor":55,"turns":5}],"seed_played":"-5637634895199042522","potions_obtained":[{"floor":7.0,"key":"SpeedPotion"},{"floor":10.0,"key":"Block Potion"},{"floor":13.0,"key":"Weak Potion"},{"floor":14.0,"key":"PowerPotion"},{"floor":20.0,"key":"Energy Potion"},{"floor":24,"key":"Swift Potion"},{"floor":27,"key":"PowerPotion"},{"floor":29,"key":"Strength Potion"},{"floor":36,"key":"FearPotion"},{"floor":38,"key":"SteroidPotion"},{"floor":42,"key":"SmokeBomb"},{"floor":46,"key":"Dexterity Potion"}],"is_trial":false,"path_per_floor":["M","?","$","M","?","R","E","M","T","M","M","R","E","M","R","B",null,"M","$","M","?","$","R","E","M","T","E","$","E","M","?","R","B",null,"M","?","?","M","M","E","R","E","T","E","M","M","?","$","R","B",null,"R","$","E","B",null],"character_chosen":"DEFECT","items_purchased":["Defragment","Ball Lightning","Lantern","Happy Flower","TheAbacus","Seek","Capacitor"],"campfire_rested":3,"item_purchase_floors":[3,3,22,28,48,48,53],"current_hp_per_floor":[62,27,27,18,18,39,19,25,25,21,25,46,30,38,59,37,63,47,47,45,45,45,45,47,66,66,50,50,63,71,71,71,71,71,71,71,71,71,71,55,55,71,71,71,71,71,71,71,71,71,71,71,71,81,81],"gold":36,"neow_bonus":"UPGRADE_CARD","is_prod":false,"is_daily":false,"chose_seed":false,"campfire_upgraded":4,"win_rate":0,"timestamp":1549518444,"path_taken":["M","?","$","M","?","R","E","M","T","?","M","R","E","M","R","BOSS","M","$","M","?","$","R","E","?","T","E","?","E","M","?","R","BOSS","M","?","?","?","M","E","R","E","T","E","?","M","?","?","R","BOSS","R","$","E","BOSS"],"build_version":"2019-01-23","purchased_purges":1,"victory":true,"max_hp_per_floor":[71,71,71,71,71,71,71,71,71,71,71,71,71,71,71,71,71,71,71,71,71,71,71,71,71,71,71,71,71,71,71,71,71,71,71,71,71,71,71,71,71,71,71,71,71,71,71,71,71,71,71,71,71,81,81],"card_choices":[{"not_picked":["Steam","Rebound"],"picked":"Defragment","floor":1.0},{"not_picked":["Redo","Rip and Tear"],"picked":"FTL","floor":4.0},{"not_picked":["Sweeping Beam","Barrage"],"picked":"Defragment","floor":7.0},{"not_picked":["Turbo","Gash"],"picked":"Coolheaded","floor":8.0},{"not_picked":["Redo","Fusion"],"picked":"Heatsinks","floor":10.0},{"not_picked":["Hologram","Fusion"],"picked":"Storm","floor":11.0},{"not_picked":["Amplify","Sweeping Beam"],"picked":"Biased Cognition","floor":13.0},{"not_picked":["Stack","Rebound"],"picked":"Heatsinks","floor":14.0},{"not_picked":["Machine Learning","Biased Cognition"],"picked":"Creative AI","floor":16.0},{"not_picked":["Coolheaded","Streamline"],"picked":"Self Repair","floor":18.0},{"not_picked":["Stack","Sunder"],"picked":"Cold Snap","floor":20.0},{"not_picked":["Darkness","Compile Driver"],"picked":"Glacier","floor":24},{"not_picked":["Turbo","Rebound+1"],"picked":"Chill","floor":25},{"not_picked":["Rebound+1","White Noise"],"picked":"Self Repair","floor":27},{"not_picked":["Rebound+1","Conserve Battery"],"picked":"Coolheaded","floor":29},{"not_picked":["Barrage+1","Compile Driver+1","Sweeping Beam+1"],"picked":"SKIP","floor":30},{"not_picked":["Go for the Eyes+1","Steam","Cold Snap+1"],"picked":"SKIP","floor":35},{"not_picked":["Scrape+1","Lockon+1"],"picked":"Creative AI","floor":36},{"not_picked":["Steam","Darkness+1","Stack"],"picked":"SKIP","floor":38},{"not_picked":["Blizzard+1","Gash+1","Conserve Battery+1"],"picked":"SKIP","floor":39},{"not_picked":["Redo","Ball Lightning+1"],"picked":"Defragment+1","floor":40},{"not_picked":["Doom and Gloom+1","Redo+1","Consume"],"picked":"SKIP","floor":42},{"not_picked":["Barrage+1","Streamline+1"],"picked":"Loop+1","floor":44},{"not_picked":["Cold Snap+1","Gash+1"],"picked":"Electrodynamics","floor":45},{"not_picked":["Rebound+1","Sunder+1","Ball Lightning+1"],"picked":"SKIP","floor":46},{"not_picked":["Force Field","Go for the Eyes+1"],"picked":"Hologram","floor":47},{"not_picked":["Sunder+1","Biased Cognition","Sweeping Beam+1"],"picked":"SKIP","floor":54}],"player_experience":771873,"relics_obtained":[{"floor":7.0,"key":"Bird Faced Urn"},{"floor":9.0,"key":"Bottled Lightning"},{"floor":13.0,"key":"Orichalcum"},{"floor":24,"key":"Calipers"},{"floor":24,"key":"Molten Egg 2"},{"floor":26,"key":"Anchor"},{"floor":27,"key":"Vajra"},{"floor":27,"key":"Oddly Smooth Stone"},{"floor":29,"key":"Bag of Marbles"},{"floor":29,"key":"Nunchaku"},{"floor":36,"key":"WingedGreaves"},{"floor":40,"key":"Mummified Hand"},{"floor":40,"key":"War Paint"},{"floor":42,"key":"Centennial Puzzle"},{"floor":42,"key":"Boot"},{"floor":44,"key":"Regal Pillow"},{"floor":44,"key":"Bottled Flame"},{"floor":47,"key":"Turnip"},{"floor":54,"key":"Bottled Tornado"},{"floor":54,"key":"Pear"}],"event_choices":[{"damage_healed":0.0,"max_hp_gain":0.0,"max_hp_loss":0.0,"gold_gain":0.0,"event_name":"Scrap Ooze","player_choice":"Success","floor":2.0,"gold_loss":0.0,"damage_taken":35.0,"relics_obtained":["DataDisk"]},{"damage_healed":0.0,"max_hp_gain":0.0,"max_hp_loss":0.0,"gold_gain":0.0,"event_name":"Living Wall","player_choice":"Grow","floor":5.0,"gold_loss":0.0,"damage_taken":0.0,"cards_upgraded":["Defragment"]},{"damage_healed":0.0,"max_hp_gain":0.0,"max_hp_loss":0.0,"gold_gain":0.0,"event_name":"Duplicator","player_choice":"Copied","floor":21.0,"gold_loss":0.0,"damage_taken":0.0,"cards_obtained":["Defragment"]},{"cards_removed":["Strike_B"],"damage_healed":0,"gold_gain":0,"player_choice":"Elegance","damage_taken":0,"max_hp_gain":0,"max_hp_loss":0,"event_name":"Back to Basics","floor":31,"gold_loss":0},{"damage_healed":0,"gold_gain":0,"player_choice":"Fight","damage_taken":0,"max_hp_gain":0,"max_hp_loss":0,"event_name":"Mysterious Sphere","floor":36,"gold_loss":0},{"cards_removed":["Defend_B"],"damage_healed":0,"gold_gain":0,"player_choice":"Upgrade and Remove","damage_taken":0,"max_hp_gain":0,"max_hp_loss":0,"event_name":"Designer","floor":37,"gold_loss":110,"cards_upgraded":["Strike_B"]},{"damage_healed":0,"gold_gain":0,"player_choice":"Fight","damage_taken":0,"max_hp_gain":0,"max_hp_loss":0,"event_name":"MindBloom","floor":47,"gold_loss":0}],"is_beta":false,"boss_relics":[{"not_picked":["Eternal Feather","Fusion Hammer"],"picked":"Black Star"},{"not_picked":["Calling Bell","Tiny House"],"picked":"Philosopher\u0027s Stone"}],"items_purged_floors":[19],"is_endless":false,"potions_floor_spawned":[7,10,13,14,20,24,27,29,36,38,42,46,47,54],"ascension_level":16}