{"gold_per_floor":[118,218,233,253,269,300,313,346,346,346,360,376,127,137,137,238,238,257,51,51,65,17,49,148,148,172,172,199,48,66,84,84,184,184,196,196,196,210,20,55,55,66,66,66,66,77,104,121,121,121],"floor_reached":50,"playtime":2966,"items_purged":[],"score":629,"play_id":"3dcb4bef-99b5-4a41-b75f-c62a12571b6a","local_time":"20181124090015","is_ascension_mode":false,"campfire_choices":[{"floor":10,"key":"REST"},{"floor":15,"key":"REST"},{"floor":25,"key":"REST"},{"data":"Bouncing Flask","floor":32,"key":"SMITH"},{"floor":41,"key":"REST"},{"floor":44,"key":"REST"},{"floor":49,"key":"REST"}],"neow_cost":"NONE","seed_source_timestamp":700298792816,"circlet_count":0,"master_deck":["Defend_G","Defend_G","Defend_G","Defend_G","Defend_G","Strike_G","Strike_G","Strike_G","Strike_G","Strike_G","Survivor","Neutralize","Deadly Poison","Noxious Fumes","Quick Slash","Dagger Throw","Flying Knee","Bane","Poisoned Stab","Bouncing Flask+1","Deflect","Backstab","Phantasmal Killer","Quick Slash+1","Backstab+1","Deadly Poison","Bouncing Flask+1","Catalyst","Acrobatics","Bouncing Flask","Dagger Spray+1","Envenom","Dagger Spray+1","Distraction","Prepared","Cleave+1","Pommel Strike+1","Intimidate+1","Bane+1"],"relics":["Ring of the Snake","PreservedInsect","Bag of Marbles","Smiling Mask","Blood Vial","Bottled Lightning","Black Star","Sling","Ancient Tea Set","Bag of Preparation","Juzu Bracelet","Sundial","Ornamental Fan","Strawberry","Fusion Hammer","Oddly Smooth Stone","PrismaticShard","Gremlin Horn","Ninja Scroll","Frozen Egg 2","Mercury Hourglass","Bottled Tornado"],"potions_floor_usage":[33,48,50,50],"damage_taken":[{"damage":0,"enemies":"Cultist","floor":1,"turns":4},{"damage":4,"enemies":"Jaw Worm","floor":3,"turns":4},{"damage":0,"enemies":"2 Louse","floor":4,"turns":3},{"damage":9,"enemies":"Blue Slaver","floor":5,"turns":5},{"damage":22,"enemies":"Lagavulin","floor":6,"turns":6},{"damage":2,"enemies":"2 Fungi Beasts","floor":7,"turns":4},{"damage":0,"enemies":"Gremlin Nob","floor":8,"turns":2},{"damage":11,"enemies":"Red Slaver","floor":11,"turns":6},{"damage":4,"enemies":"Blue Slaver","floor":12,"turns":3},{"damage":5,"enemies":"Looter","floor":14,"turns":3},{"damage":27,"enemies":"Hexaghost","floor":16,"turns":8},{"damage":13,"enemies":"3 Byrds","floor":18,"turns":5},{"damage":0,"enemies":"Chosen","floor":21,"turns":4},{"damage":19,"enemies":"Book of Stabbing","floor":23,"turns":3},{"damage":5,"enemies":"Slavers","floor":28,"turns":3},{"damage":3,"enemies":"Snecko","floor":30,"turns":3},{"damage":2,"enemies":"Chosen and Byrds","floor":31,"turns":4},{"damage":53,"enemies":"Collector","floor":33,"turns":5},{"damage":45,"enemies":"3 Darklings","floor":35,"turns":5},{"damage":1,"enemies":"Orb Walker","floor":38,"turns":2},{"damage":24,"enemies":"Nemesis","floor":40,"turns":3},{"damage":14,"enemies":"Sphere and 2 Shapes","floor":42,"turns":2},{"damage":10,"enemies":"Spire Growth","floor":46,"turns":3},{"damage":0,"enemies":"Reptomancer","floor":47,"turns":2},{"damage":38,"enemies":"Writhing Mass","floor":48,"turns":3},{"damage":36,"enemies":"Time Eater","floor":50,"turns":2}],"seed_played":"3382111583443664830","potions_obtained":[{"floor":5,"key":"AttackPotion"},{"floor":6,"key":"Block Potion"},{"floor":8,"key":"PowerPotion"},{"floor":35,"key":"SkillPotion"},{"floor":37,"key":"SkillPotion"},{"floor":37,"key":"Poison Potion"}],"is_trial":false,"path_per_floor":["M","?","M","M","M","E","M","E","T","R","M","M","$","M","R","B",null,"M","$","?","M","$","E","?","R","T","?","E","$","M","M","R","B",null,"M","?","?","M","$","E","R","M","T","R","$","M","E","M","R","B"],"character_chosen":"THE_SILENT","items_purchased":["Bottled Lightning","Sling","Deadly Poison","Strawberry","PrismaticShard"],"campfire_rested":6,"item_purchase_floors":[13,19,22,29,39],"current_hp_per_floor":[70,70,66,66,57,35,33,33,33,54,45,43,43,40,61,36,70,57,57,57,59,59,42,42,63,63,63,60,67,66,66,66,15,77,32,32,32,33,33,11,34,22,22,45,45,37,39,3,26,0],"gold":121,"neow_bonus":"RANDOM_COMMON_RELIC","is_prod":false,"is_daily":false,"chose_seed":false,"campfire_upgraded":1,"win_rate":0.0,"timestamp":1543068015,"path_taken":["M","?","M","M","M","E","M","E","T","R","?","M","$","M","R","BOSS","M","$","?","M","$","E","?","R","T","?","E","?","M","M","R","BOSS","M","?","?","M","$","E","R","M","T","R","?","M","E","M","R","BOSS"],"build_version":"2018-11-15","purchased_purges":0,"victory":false,"max_hp_per_floor":[70,70,70,70,70,70,70,70,70,70,70,70,70,70,70,70,70,70,70,70,70,70,70,70,70,70,70,70,77,77,77,77,77,77,77,77,77,77,77,77,77,77,77,77,77,77,77,77,77,77],"card_choices":[{"not_picked":["Blade Dance","Deflect"],"picked":"Deadly Poison","floor":1},{"not_picked":["Heel Hook","Dagger Spray"],"picked":"Noxious Fumes","floor":3},{"not_picked":["Dodge and Roll","Escape Plan"],"picked":"Quick Slash","floor":4},{"not_picked":["Bane","Quick Slash"],"picked":"Dagger Throw","floor":5},{"not_picked":["Flechettes","Heel Hook"],"picked":"Flying Knee","floor":6},{"not_picked":["Outmaneuver","Underhanded Strike"],"picked":"Bane","floor":7},{"not_picked":["Well Laid Plans","Venomology"],"picked":"Poisoned Stab","floor":8},{"not_picked":["Outmaneuver","Flechettes"],"picked":"Bouncing Flask","floor":11},{"not_picked":["Tactician","Expertise"],"picked":"Deflect","floor":12},{"not_picked":["Bane","Quick Slash"],"picked":"Backstab","floor":14},{"not_picked":["Storm of Steel","Malaise"],"picked":"Phantasmal Killer","floor":16},{"not_picked":["Expertise+1","Blade Dance+1"],"picked":"Quick Slash+1","floor":18},{"not_picked":["Bane","Slice"],"picked":"Backstab+1","floor":21},{"not_picked":["Bullet Time","Prepared"],"picked":"Bouncing Flask+1","floor":23},{"not_picked":["Backflip","Dagger Throw+1"],"picked":"Acrobatics","floor":28},{"not_picked":["Poisoned Stab","Dagger Throw"],"picked":"Bouncing Flask","floor":30},{"not_picked":["Endless Agony+1","Deadly Poison"],"picked":"Dagger Spray+1","floor":31},{"not_picked":["Glass Knife","Bullet Time"],"picked":"Envenom","floor":33},{"not_picked":["Dodge and Roll","Skewer+1"],"picked":"Dagger Spray+1","floor":35},{"not_picked":["Bane","Flying Knee+1"],"picked":"Distraction","floor":38},{"not_picked":["Redo+1","Dagger Throw"],"picked":"Prepared","floor":40},{"not_picked":["Sword Boomerang+1","Escape Plan+1"],"picked":"Cleave+1","floor":42},{"not_picked":["Redo+1","Twin Strike+1"],"picked":"Pommel Strike+1","floor":46},{"not_picked":["Second Wind","Sentinel"],"picked":"Intimidate+1","floor":47},{"not_picked":["Dual Wield+1","Compile Driver+1"],"picked":"Bane+1","floor":48}],"player_experience":86639,"relics_obtained":[{"floor":6,"key":"Bag of Marbles"},{"floor":8,"key":"Smiling Mask"},{"floor":9,"key":"Blood Vial"},{"floor":23,"key":"Ancient Tea Set"},{"floor":23,"key":"Bag of Preparation"},{"floor":26,"key":"Juzu Bracelet"},{"floor":28,"key":"Sundial"},{"floor":28,"key":"Ornamental Fan"},{"floor":40,"key":"Gremlin Horn"},{"floor":40,"key":"Ninja Scroll"},{"floor":43,"key":"Frozen Egg 2"},{"floor":47,"key":"Mercury Hourglass"},{"floor":47,"key":"Bottled Tornado"}],"event_choices":[{"damage_healed":0,"gold_gain":100,"player_choice":"Pray","damage_taken":0,"max_hp_gain":0,"max_hp_loss":0,"event_name":"Golden Shrine","floor":2,"gold_loss":0},{"damage_healed":0,"gold_gain":0,"player_choice":"Ignored","damage_taken":0,"max_hp_gain":0,"max_hp_loss":0,"event_name":"Ghosts","floor":20,"gold_loss":0},{"damage_healed":0,"gold_gain":99,"player_choice":"Stole From Cult","damage_taken":0,"max_hp_gain":0,"max_hp_loss":0,"event_name":"Nest","floor":24,"gold_loss":0},{"damage_healed":0,"gold_gain":0,"player_choice":"Read","damage_taken":0,"max_hp_gain":0,"max_hp_loss":0,"event_name":"The Library","floor":27,"gold_loss":0,"cards_obtained":["Catalyst"]},{"damage_healed":0,"gold_gain":0,"player_choice":"Gave Potion","damage_taken":0,"relics_obtained":["Oddly Smooth Stone"],"max_hp_gain":0,"max_hp_loss":0,"event_name":"WeMeetAgain","floor":36,"gold_loss":0},{"damage_healed":0,"gold_gain":0,"player_choice":"Got Potions","damage_taken":0,"max_hp_gain":0,"max_hp_loss":0,"event_name":"Lab","floor":37,"gold_loss":0}],"is_beta":false,"boss_relics":[{"not_picked":["Tiny House","Runic Pyramid"],"picked":"Black Star"},{"not_picked":["Busted Crown","White Beast Statue"],"picked":"Fusion Hammer"}],"items_purged_floors":[],"is_endless":false,"potions_floor_spawned":[5,6,8,11,12,14,21,23,28,35,47],"killed_by":"Time Eater","ascension_level":0}