{"gold_per_floor":[113,113,113,134,209,247,247,270,319,7,47,47,61,61,61,182,182,205,16,29,29,45,45,63,63],"floor_reached":25,"playtime":1040,"items_purged":["Injury","Strike_R"],"score":320,"play_id":"3e08f7cc-8136-4814-b5d9-8bece971175b","local_time":"20190202150806","is_ascension_mode":true,"campfire_choices":[{"data":"Whirlwind","floor":7,"key":"SMITH"},{"data":"Armaments","floor":12,"key":"SMITH"},{"data":"Flame Barrier","floor":15,"key":"SMITH"},{"data":"Barricade","floor":23,"key":"SMITH"}],"neow_cost":"NONE","seed_source_timestamp":13197936383627,"circlet_count":0,"master_deck":["Strike_R","Strike_R+1","Strike_R+1","Defend_R","Defend_R","Defend_R","Defend_R","Bash","Cleave","Carnage","Whirlwind+1","Metallicize","Flame Barrier+1","Armaments+1","Feed","Barricade+1","Evolve","Juggernaut","Flame Barrier","Finesse","Body Slam","True Grit"],"relics":["Burning Blood","NeowsBlessing","Juzu Bracelet","Golden Idol","Mango","Whetstone","Vajra","Pocketwatch","Orrery"],"potions_floor_usage":[11,16,24,24,25],"damage_taken":[{"damage":0,"enemies":"2 Louse","floor":1,"turns":1},{"damage":0,"enemies":"Small Slimes","floor":4,"turns":1},{"damage":0,"enemies":"Gremlin Nob","floor":6,"turns":1},{"damage":6,"enemies":"Cultist","floor":8,"turns":3},{"damage":37,"enemies":"Lagavulin","floor":11,"turns":8},{"damage":6,"enemies":"Looter","floor":13,"turns":2},{"damage":45,"enemies":"Hexaghost","floor":16,"turns":15},{"damage":29,"enemies":"Shell Parasite","floor":18,"turns":11},{"damage":14,"enemies":"2 Thieves","floor":20,"turns":4},{"damage":31,"enemies":"Snake Plant","floor":22,"turns":4},{"damage":20,"enemies":"Centurion and Healer","floor":24,"turns":11},{"damage":24,"enemies":"Gremlin Leader","floor":25,"turns":4}],"seed_played":"5306961200286001385","potions_obtained":[{"floor":8,"key":"Dexterity Potion"},{"floor":11,"key":"Strength Potion"},{"floor":13,"key":"Poison Potion"},{"floor":16,"key":"Poison Potion"},{"floor":20,"key":"Energy Potion"},{"floor":22,"key":"Regen Potion"}],"is_trial":false,"path_per_floor":["M","?","?","M","?","E","R","M","T","$","E","R","M","?","R","B",null,"M","$","M","?","M","R","M","E"],"character_chosen":"IRONCLAD","items_purchased":["Vajra","Flame Barrier","Finesse"],"campfire_rested":0,"item_purchase_floors":[10,10,19],"current_hp_per_floor":[80,62,62,68,57,77,77,77,77,77,46,46,46,46,46,7,72,52,52,44,44,19,19,23,0],"gold":63,"neow_bonus":"THREE_ENEMY_KILL","is_prod":false,"is_daily":false,"chose_seed":false,"campfire_upgraded":4,"win_rate":0,"timestamp":1549087686,"path_taken":["M","?","?","M","?","E","R","M","T","$","E","R","M","?","R","BOSS","M","$","M","?","M","R","M","E"],"build_version":"2019-01-23","purchased_purges":2,"victory":false,"max_hp_per_floor":[80,80,80,80,80,94,94,94,94,94,94,94,94,94,94,94,94,97,97,97,97,97,97,100,100],"card_choices":[{"not_picked":["True Grit","Clothesline"],"picked":"Cleave","floor":1},{"not_picked":["Burning Pact","Perfected Strike"],"picked":"Carnage","floor":4},{"not_picked":["Disarm","Battle Trance"],"picked":"Whirlwind","floor":6},{"not_picked":["Pommel Strike","Intimidate"],"picked":"Metallicize","floor":8},{"not_picked":["Iron Wave","Dropkick"],"picked":"Armaments","floor":11},{"not_picked":["Armaments","Heavy Blade","Sword Boomerang"],"picked":"SKIP","floor":13},{"not_picked":["Demon Form","Reaper"],"picked":"Barricade","floor":16},{"not_picked":["Clothesline","Thunderclap"],"picked":"Evolve","floor":17},{"not_picked":["Rage","True Grit"],"picked":"Juggernaut","floor":17},{"not_picked":["Hemokinesis","Infernal Blade"],"picked":"Flame Barrier","floor":17},{"not_picked":["Thunderclap","Clash","Evolve+1"],"picked":"SKIP","floor":18},{"not_picked":["Sword Boomerang","Anger+1"],"picked":"Body Slam","floor":20},{"not_picked":["Warcry+1","Carnage"],"picked":"True Grit","floor":22},{"not_picked":["Shrug It Off","Fire Breathing","Fiend Fire"],"picked":"SKIP","floor":24}],"player_experience":782520,"relics_obtained":[{"floor":6,"key":"Mango"},{"floor":9,"key":"Whetstone"},{"floor":11,"key":"Pocketwatch"}],"event_choices":[{"damage_healed":0,"gold_gain":0,"player_choice":"Success","damage_taken":18,"relics_obtained":["Juzu Bracelet"],"max_hp_gain":0,"max_hp_loss":0,"event_name":"Scrap Ooze","floor":2,"gold_loss":0},{"damage_healed":0,"gold_gain":0,"player_choice":"Take Wound","damage_taken":0,"relics_obtained":["Golden Idol"],"max_hp_gain":0,"max_hp_loss":0,"event_name":"Golden Idol","floor":3,"gold_loss":0,"cards_obtained":["Injury"]},{"damage_healed":0,"gold_gain":75,"player_choice":"Gather Gold","damage_taken":11,"max_hp_gain":0,"max_hp_loss":0,"event_name":"World of Goop","floor":5,"gold_loss":0},{"damage_healed":0,"gold_gain":0,"cards_transformed":["Strike_R"],"player_choice":"Transformed","damage_taken":0,"max_hp_gain":0,"max_hp_loss":0,"event_name":"Transmorgrifier","floor":14,"gold_loss":0,"cards_obtained":["Feed"]},{"damage_healed":0,"gold_gain":0,"player_choice":"Ignored","damage_taken":0,"max_hp_gain":0,"max_hp_loss":0,"event_name":"Beggar","floor":21,"gold_loss":0}],"is_beta":false,"boss_relics":[{"not_picked":["Black Blood","White Beast Statue"],"picked":"Orrery"}],"items_purged_floors":[10,19],"is_endless":false,"potions_floor_spawned":[8,11,13,16,20,22],"killed_by":"Gremlin Leader","ascension_level":5}