{"gold_per_floor":[113,126,201,214,224,224,239,239,239,239,239,271,281,316,316,393,393,411,336,256],"floor_reached":20,"playtime":682,"items_purged":[],"score":359,"play_id":"e2ae60e9-bb11-4bc6-9944-78e351f32eb8","local_time":"20181009003753","is_ascension_mode":true,"campfire_choices":[{"data":"Uppercut","floor":6,"key":"SMITH"},{"data":"Bash","floor":8,"key":"SMITH"},{"data":"Feel No Pain","floor":10,"key":"SMITH"},{"data":"Juggernaut","floor":15,"key":"SMITH"}],"neow_cost":"PERCENT_DAMAGE","seed_source_timestamp":233963983914557,"circlet_count":0,"master_deck":["Strike_R","Strike_R","Defend_R","Defend_R","Defend_R","Defend_R","Bash+1","AscendersBane","Whirlwind","Feel No Pain+1","Uppercut+1","Juggernaut+1","Disarm","Reaper","Disarm"],"relics":["Burning Blood","Unceasing Top","Meat on the Bone","Blood Vial","StoneCalendar","Frozen Egg 2","Empty Cage"],"potions_floor_usage":[12,12,14,16],"damage_taken":[{"damage":11,"enemies":"Small Slimes","floor":1,"turns":5},{"damage":1,"enemies":"Cultist","floor":2,"turns":3},{"damage":5,"enemies":"2 Louse","floor":4,"turns":4},{"damage":11,"enemies":"Large Slime","floor":5,"turns":7},{"damage":10,"enemies":"Red Slaver","floor":7,"turns":4},{"damage":20,"enemies":"Lagavulin","floor":12,"turns":9},{"damage":6,"enemies":"2 Fungi Beasts","floor":13,"turns":4},{"damage":37,"enemies":"Gremlin Nob","floor":14,"turns":5},{"damage":28,"enemies":"The Guardian","floor":16,"turns":14},{"damage":55,"enemies":"3 Byrds","floor":18,"turns":7},{"damage":36,"enemies":"2 Thieves","floor":20,"turns":2}],"seed_played":"854319734397580685","potions_obtained":[{"floor":1,"key":"Ancient Potion"},{"floor":2,"key":"EssenceOfSteel"},{"floor":7,"key":"SkillPotion"},{"floor":12,"key":"SkillPotion"},{"floor":14,"key":"AttackPotion"}],"is_trial":false,"path_per_floor":["M","M","?","M","M","R","M","R","T","R","?","E","M","E","R","B",null,"M","?"],"character_chosen":"IRONCLAD","items_purchased":[],"campfire_rested":0,"item_purchase_floors":[],"current_hp_per_floor":[45,50,39,40,35,35,31,31,31,31,31,31,45,28,28,20,61,26,26,0],"gold":256,"neow_bonus":"ONE_RARE_RELIC","is_prod":false,"is_daily":false,"chose_seed":false,"campfire_upgraded":4,"win_rate":0,"timestamp":1539070673,"path_taken":["M","M","?","?","?","R","M","R","T","R","?","E","M","E","R","BOSS","M","?","M"],"build_version":"2018-10-04","purchased_purges":0,"victory":false,"max_hp_per_floor":[75,75,75,75,75,75,75,75,75,75,75,75,75,75,75,75,75,75,75,75],"card_choices":[{"not_picked":["Sever Soul","Flex","Anger"],"picked":"SKIP","floor":1},{"not_picked":["Heavy Blade","Sever Soul"],"picked":"Whirlwind","floor":2},{"not_picked":["Sword Boomerang","Cleave"],"picked":"Feel No Pain","floor":4},{"not_picked":["Heavy Blade","Shockwave"],"picked":"Uppercut","floor":5},{"not_picked":["Body Slam","Sentinel","Dropkick"],"picked":"SKIP","floor":7},{"not_picked":["Body Slam","Pommel Strike"],"picked":"Juggernaut","floor":12},{"not_picked":["Flex","Clash","Perfected Strike"],"picked":"SKIP","floor":13},{"not_picked":["Warcry","Armaments"],"picked":"Disarm","floor":14},{"not_picked":["Double Tap","Bludgeon"],"picked":"Reaper","floor":16},{"not_picked":["Blood for Blood","Pommel Strike"],"picked":"Disarm","floor":18}],"player_experience":869278,"relics_obtained":[{"floor":9,"key":"Meat on the Bone"},{"floor":12,"key":"StoneCalendar"},{"floor":14,"key":"Frozen Egg 2"}],"event_choices":[{"event_name":"World of Goop","player_choice":"Gather Gold","floor":3,"damage_taken":0},{"event_name":"Dead Adventurer","player_choice":"Searched \u00271\u0027 times","floor":11,"damage_taken":0},{"event_name":"Beggar","player_choice":"Gave Gold","floor":19,"damage_taken":0}],"is_beta":true,"boss_relics":[{"not_picked":["Eternal Feather","Tiny House"],"picked":"Empty Cage"}],"items_purged_floors":[],"is_endless":false,"potions_floor_spawned":[1,2,7,12,14],"killed_by":"2 Thieves","ascension_level":19}