{"path_per_floor":["M","?","M","?","?","E","R","M","T","M","E","M","M","M","R","B",null,"M","M","?","$","M","E","M","M","T","M","E","R","?","M","R","B",null,"M","?","?","M","M","E","$","M","T","R","E","M","?","M","R","B"],"character_chosen":"THE_SILENT","items_purchased":["PiercingWail","Paper Crane","Bandage Up","Mind Blast","Skewer","Choke","Secret Weapon"],"gold_per_floor":[115,115,128,203,203,246,246,259,336,359,394,414,437,451,451,581,581,606,619,619,252,276,320,344,358,358,374,417,417,342,363,363,492,492,506,506,839,857,871,899,372,390,417,417,447,464,0,15,15,15],"floor_reached":51,"campfire_rested":4,"playtime":3599,"current_hp_per_floor":[70,53,53,42,28,18,41,41,41,41,36,34,34,25,48,48,77,69,60,60,60,64,57,57,61,61,64,57,57,57,60,60,36,87,87,76,76,79,81,63,63,53,53,79,50,33,33,21,47,37],"items_purged":["Strike_G"],"gold":15,"score":815,"play_id":"e66d287d-ab43-46d3-9541-cf4aeb92c6d9","local_time":"20180325140617","is_prod":false,"is_daily":false,"is_ascension_mode":false,"campfire_upgraded":2,"timestamp":1522004777,"path_taken":["M","?","M","?","?","E","R","M","T","?","E","M","M","M","R","BOSS","M","M","?","?","M","E","M","M","T","M","E","R","?","M","R","BOSS","M","?","?","M","M","E","$","M","T","R","E","?","?","M","R","BOSS"],"build_version":"2018-03-22v2","purchased_purges":2,"victory":true,"master_deck":["Defend_G+1","Defend_G+1","Defend_G+1","Defend_G+1","Defend_G+1","Strike_G+1","Strike_G+1","Strike_G+1","Strike_G+1","Survivor+1","Neutralize+1","Flying Knee+1","Well Laid Plans","Dagger Throw+1","After Image+1","Quick Slash+1","Quick Slash+1","Choke+1","Sucker Punch+1","Envenom+1","Poisoned Stab+1","Bane+1","PiercingWail","Bandage Up","Backstab+1","PiercingWail+1","Underhanded Strike+1","Poisoned Stab+1","Noxious Fumes+1","Sucker Punch+1","PiercingWail+1","Envenom","Footwork+1","Madness","Madness","Dagger Throw+1","Poisoned Stab+1","Dagger Throw+1","Mind Blast+1","Skewer+1","Choke+1","Secret Weapon","Malaise","Doubt","Flying Knee+1","Prepared+1","Calculated Gamble"],"max_hp_per_floor":[70,70,70,70,70,77,77,77,77,77,77,77,77,77,77,77,77,77,77,77,77,77,77,77,77,77,77,87,87,87,87,87,87,87,87,87,87,87,87,87,87,87,87,87,87,87,87,87,87,87],"relics":["Ring of the Snake","Strawberry","Bottled Tornado","Molten Egg 2","Sozu","Paper Crane","Whetstone","Torii","Pear","Cursed Key","Bronze Scales","Happy Flower","Unceasing Top","Red Mask"],"card_choices":[{"not_picked":["Outmaneuver","Skewer"],"picked":"Flying Knee","floor":1},{"not_picked":["Heel Hook","Distraction"],"picked":"Well Laid Plans","floor":3},{"not_picked":["Dagger Spray","Quick Slash"],"picked":"Outmaneuver","floor":6},{"not_picked":["Deadly Poison","Underhanded Strike"],"picked":"Dagger Throw","floor":8},{"not_picked":["Deflect","Quick Slash"],"picked":"After Image","floor":10},{"not_picked":["Calculated Gamble","Cloak And Dagger"],"picked":"Quick Slash","floor":11},{"not_picked":["Terror","Dodge and Roll"],"picked":"Quick Slash","floor":12},{"not_picked":["Backflip","Quick Slash"],"picked":"Choke","floor":13},{"not_picked":["Backflip","Dagger Spray"],"picked":"Sucker Punch","floor":14},{"not_picked":["Night Terror","Corpse Explosion"],"picked":"Envenom","floor":16},{"not_picked":["Prepared","Outmaneuver"],"picked":"Poisoned Stab","floor":18},{"not_picked":["Quick Slash","Slice"],"picked":"Bane","floor":19},{"not_picked":["Acrobatics","Tools of the Trade"],"picked":"Backstab","floor":22},{"not_picked":["Escape Plan","Die Die Die"],"picked":"PiercingWail","floor":23},{"not_picked":["PiercingWail","Crippling Poison"],"picked":"Underhanded Strike","floor":24},{"not_picked":["PiercingWail","Deflect"],"picked":"Poisoned Stab","floor":25},{"not_picked":["Riddle With Holes","Expertise"],"picked":"Noxious Fumes","floor":27},{"not_picked":["PiercingWail","Dagger Spray"],"picked":"Sucker Punch","floor":28},{"not_picked":["Acrobatics","Cloak And Dagger"],"picked":"PiercingWail","floor":31},{"not_picked":["A Thousand Cuts","Burst"],"picked":"Envenom","floor":33},{"not_picked":["Infinite Blades","Dagger Throw"],"picked":"Footwork","floor":35},{"not_picked":["PiercingWail","Distraction"],"picked":"Dagger Throw","floor":38},{"not_picked":["Slice","Deflect"],"picked":"Poisoned Stab","floor":39},{"not_picked":["Slice","Deflect"],"picked":"Dagger Throw","floor":40},{"not_picked":["Dagger Throw","Deadly Poison"],"picked":"Malaise","floor":42},{"not_picked":["Eviscerate","Tactician"],"picked":"Flying Knee","floor":45},{"not_picked":["Dagger Spray","Flechettes"],"picked":"Prepared","floor":46},{"not_picked":["Accuracy","Underhanded Strike"],"picked":"Calculated Gamble","floor":48}],"player_experience":69913,"potions_floor_usage":[16,16,40,50],"damage_taken":[{"damage":0,"enemies":"Jaw Worm","floor":1,"turns":5},{"damage":0,"enemies":"Small Slimes","floor":3,"turns":3},{"damage":17,"enemies":"3 Sentries","floor":6,"turns":11},{"damage":0,"enemies":"Cultist","floor":8,"turns":4},{"damage":0,"enemies":"Looter","floor":10,"turns":3},{"damage":5,"enemies":"Lagavulin","floor":11,"turns":8},{"damage":2,"enemies":"Exordium Wildlife","floor":12,"turns":4},{"damage":0,"enemies":"Blue Slaver","floor":13,"turns":4},{"damage":9,"enemies":"Exordium Thugs","floor":14,"turns":5},{"damage":15,"enemies":"Slime Boss","floor":16,"turns":11},{"damage":8,"enemies":"Shell Parasite","floor":18,"turns":5},{"damage":9,"enemies":"Spheric Guardian","floor":19,"turns":4},{"damage":0,"enemies":"Centurion and Healer","floor":22,"turns":6},{"damage":11,"enemies":"Slavers","floor":23,"turns":6},{"damage":4,"enemies":"3 Cultists","floor":24,"turns":5},{"damage":0,"enemies":"Snake Plant","floor":25,"turns":3},{"damage":1,"enemies":"Snecko","floor":27,"turns":4},{"damage":21,"enemies":"Book of Stabbing","floor":28,"turns":6},{"damage":1,"enemies":"3 Cultists","floor":31,"turns":5},{"damage":28,"enemies":"Champ","floor":33,"turns":10},{"damage":0,"enemies":"3 Darklings","floor":35,"turns":5},{"damage":1,"enemies":"Orb Walker","floor":38,"turns":3},{"damage":2,"enemies":"Maw","floor":39,"turns":7},{"damage":18,"enemies":"2 Orb Walkers","floor":40,"turns":5},{"damage":10,"enemies":"4 Shapes","floor":42,"turns":4},{"damage":33,"enemies":"Giant Head","floor":45,"turns":8},{"damage":17,"enemies":"3 Darklings","floor":46,"turns":3},{"damage":16,"enemies":"Maw","floor":48,"turns":6},{"damage":14,"enemies":"Time Eater","floor":50,"turns":10}],"event_choices":[{"event_name":"Golden Idol","player_choice":"Take Damage","floor":2,"damage_taken":0},{"event_name":"World of Goop","player_choice":"Gather Gold","floor":4,"damage_taken":0},{"event_name":"Shining Light","player_choice":"Entered Light","floor":5,"damage_taken":0},{"event_name":"Back to Basics","player_choice":"Simplicity","floor":20,"damage_taken":0},{"event_name":"Beggar","player_choice":"Gave Gold","floor":30,"damage_taken":0},{"event_name":"Winding Halls","player_choice":"Embrace Madness","floor":36,"damage_taken":0},{"event_name":"The Moai Head","player_choice":"Gave Idol","floor":37,"damage_taken":0},{"event_name":"Tomb of Lord Red Mask","player_choice":"Paid","floor":47,"damage_taken":0}],"boss_relics":[{"not_picked":["Runic Dome","Snecko Eye"],"picked":"Sozu"},{"not_picked":["Velvet Choker","Calling Bell"],"picked":"Cursed Key"}],"potions_floor_spawned":[3,8,11,12,14,16,22,24,25,33,40,42,46],"seed_played":"3008041923248895159","ascension_level":0,"is_trial":false}