{"gold_per_floor":[114,133,149,161,161,194,194,204,229,240,240,240,258,233,233,332,332,347,373,386,405,415,445,457,499,534,580,592,617,639,651,663,773,785,809,821,852,882,894,906],"floor_reached":40,"playtime":2676,"items_purged":[],"score":477,"play_id":"b42e75d6-5fc2-486a-913d-80dd6e48bac0","local_time":"20181122235238","is_ascension_mode":false,"campfire_choices":[{"floor":7,"key":"REST"},{"floor":12,"key":"REST"},{"floor":15,"key":"REST"},{"floor":24,"key":"REST"},{"floor":28,"key":"REST"},{"floor":32,"key":"REST"}],"neow_cost":"NONE","seed_source_timestamp":94465964492025,"circlet_count":0,"master_deck":["Defend_G+1","Defend_G+1","Defend_G+1","Defend_G+1","Defend_G+1","Strike_G+1","Strike_G+1","Strike_G+1","Strike_G+1","Strike_G+1","Survivor","Neutralize","Deadly Poison","Bouncing Flask+1","Catalyst","Backflip","Poisoned Stab","Flying Knee","Dagger Spray","Deadly Poison","Catalyst","Neutralize","Deflect","Poisoned Stab","Corpse Explosion","Deadly Poison+1","Quick Slash","Crippling Poison+1","Burst","Flechettes","Dagger Spray","Crippling Poison","Backstab+1","Bullet Time","Dodge and Roll+1","Envenom","Crippling Poison+1","Madness","Backflip+1","Bane"],"relics":["Eternal Feather","Matryoshka","Bag of Preparation","Blood Vial","Fusion Hammer","Red Mask","MawBank","Torii","Pen Nib","Bottled Flame","Kunai","WristBlade"],"potions_floor_usage":[],"damage_taken":[{"damage":0,"enemies":"2 Louse","floor":1,"turns":3},{"damage":2,"enemies":"Small Slimes","floor":2,"turns":4},{"damage":0,"enemies":"Cultist","floor":3,"turns":3},{"damage":0,"enemies":"Looter","floor":4,"turns":4},{"damage":58,"enemies":"3 Sentries","floor":6,"turns":11},{"damage":18,"enemies":"Exordium Wildlife","floor":8,"turns":4},{"damage":16,"enemies":"Exordium Thugs","floor":10,"turns":4},{"damage":0,"enemies":"Large Slime","floor":13,"turns":3},{"damage":33,"enemies":"Hexaghost","floor":16,"turns":8},{"damage":15,"enemies":"Shell Parasite","floor":18,"turns":4},{"damage":15,"enemies":"Masked Bandits","floor":19,"turns":3},{"damage":2,"enemies":"Chosen","floor":20,"turns":3},{"damage":24,"enemies":"Snake Plant","floor":21,"turns":3},{"damage":0,"enemies":"Centurion and Healer","floor":22,"turns":5},{"damage":19,"enemies":"Gremlin Leader","floor":23,"turns":5},{"damage":30,"enemies":"Slavers","floor":25,"turns":4},{"damage":2,"enemies":"Book of Stabbing","floor":27,"turns":4},{"damage":1,"enemies":"Cultist and Chosen","floor":29,"turns":3},{"damage":3,"enemies":"Snake Plant","floor":30,"turns":3},{"damage":53,"enemies":"Champ","floor":33,"turns":8},{"damage":21,"enemies":"3 Shapes","floor":35,"turns":4},{"damage":1,"enemies":"Orb Walker","floor":37,"turns":3},{"damage":31,"enemies":"Spire Growth","floor":38,"turns":4},{"damage":26,"enemies":"Nemesis","floor":40,"turns":3}],"seed_played":"2473237654139345327","potions_obtained":[{"floor":8,"key":"SkillPotion"},{"floor":13,"key":"Ancient Potion"},{"floor":16,"key":"Strength Potion"},{"floor":19,"key":"Block Potion"},{"floor":29,"key":"GamblersBrew"}],"is_trial":false,"path_per_floor":["M","M","M","M","?","E","R","M","T","M","?","R","M","$","R","B",null,"M","?","M","M","M","E","R","E","T","E","R","M","M","?","R","B",null,"M","?","M","M","?","E"],"character_chosen":"THE_SILENT","items_purchased":["Poisoned Stab"],"campfire_rested":6,"item_purchase_floors":[14],"current_hp_per_floor":[70,68,68,68,68,10,40,22,22,8,8,41,43,43,70,37,70,55,42,42,20,22,5,44,16,16,16,55,56,55,55,70,17,70,49,40,41,12,12,0],"gold":906,"neow_bonus":"BOSS_RELIC","is_prod":false,"is_daily":false,"chose_seed":false,"campfire_upgraded":0,"win_rate":0.0,"timestamp":1542948758,"path_taken":["M","M","M","M","?","E","R","M","T","M","?","R","M","$","R","BOSS","M","?","M","M","M","E","R","E","T","E","R","M","M","?","R","BOSS","M","?","M","M","?","E"],"build_version":"2018-11-15","purchased_purges":0,"victory":false,"max_hp_per_floor":[70,70,70,70,70,70,70,70,70,70,70,70,70,70,70,70,70,70,70,70,70,70,70,70,70,70,70,70,70,70,70,70,70,70,70,70,70,70,70,70],"card_choices":[{"not_picked":["Sucker Punch","Deflect"],"picked":"Deadly Poison","floor":1},{"not_picked":["Underhanded Strike","Bane"],"picked":"Bouncing Flask","floor":2},{"not_picked":["Acrobatics","Deflect"],"picked":"Catalyst","floor":3},{"not_picked":["Reflex","Skewer"],"picked":"Backflip","floor":4},{"not_picked":["Dagger Throw","Unload"],"picked":"Poisoned Stab","floor":6},{"not_picked":["PiercingWail","Eviscerate"],"picked":"Flying Knee","floor":8},{"not_picked":["Distraction","PiercingWail"],"picked":"Dagger Spray","floor":10},{"not_picked":["Underhanded Strike","Blade Dance"],"picked":"Deflect","floor":13},{"not_picked":["Night Terror","Envenom"],"picked":"Corpse Explosion","floor":16},{"not_picked":["Quick Slash+1","Sucker Punch"],"picked":"Deadly Poison+1","floor":18},{"not_picked":["Backflip","Deadly Poison"],"picked":"Quick Slash","floor":19},{"not_picked":["Calculated Gamble","Poisoned Stab"],"picked":"Crippling Poison+1","floor":20},{"not_picked":["Reflex+1","All Out Attack"],"picked":"Burst","floor":21},{"not_picked":["Deadly Poison","Heel Hook"],"picked":"Flechettes","floor":22},{"not_picked":["Quick Slash","Slice"],"picked":"Dagger Spray","floor":23},{"not_picked":["Finisher","Terror"],"picked":"Crippling Poison","floor":25},{"not_picked":["Underhanded Strike","Blade Dance+1"],"picked":"Backstab+1","floor":27},{"not_picked":["Deflect","Well Laid Plans"],"picked":"Bullet Time","floor":29},{"not_picked":["Slice+1","Deadly Poison"],"picked":"Dodge and Roll+1","floor":30},{"not_picked":["Phantasmal Killer","Corpse Explosion"],"picked":"Envenom","floor":33},{"not_picked":["Backflip","Underhanded Strike+1"],"picked":"Crippling Poison+1","floor":35},{"not_picked":["Outmaneuver+1","Finisher"],"picked":"Backflip+1","floor":37},{"not_picked":["Dagger Spray+1","Outmaneuver"],"picked":"Bane","floor":38}],"player_experience":16610,"relics_obtained":[{"floor":6,"key":"Matryoshka"},{"floor":9,"key":"Bag of Preparation"},{"floor":9,"key":"Blood Vial"},{"floor":19,"key":"Red Mask"},{"floor":23,"key":"MawBank"},{"floor":25,"key":"Torii"},{"floor":26,"key":"Pen Nib"},{"floor":26,"key":"Bottled Flame"},{"floor":27,"key":"Kunai"}],"event_choices":[{"damage_healed":0,"gold_gain":0,"player_choice":"Grow","damage_taken":0,"max_hp_gain":0,"max_hp_loss":0,"event_name":"Living Wall","floor":5,"gold_loss":0,"cards_upgraded":["Bouncing Flask"]},{"damage_healed":0,"gold_gain":0,"player_choice":"3 cards matched","damage_taken":0,"max_hp_gain":0,"max_hp_loss":0,"event_name":"Match and Keep!","floor":11,"gold_loss":0,"cards_obtained":["Deadly Poison","Catalyst","Neutralize"]},{"damage_healed":0,"gold_gain":0,"player_choice":"Fought Bandits","damage_taken":0,"max_hp_gain":0,"max_hp_loss":0,"event_name":"Masked Bandits","floor":19,"gold_loss":0},{"damage_healed":0,"gold_gain":0,"player_choice":"Simplicity","damage_taken":0,"max_hp_gain":0,"max_hp_loss":0,"event_name":"Back to Basics","floor":31,"gold_loss":0,"cards_upgraded":["Defend_G","Defend_G","Defend_G","Defend_G","Defend_G","Strike_G","Strike_G","Strike_G","Strike_G","Strike_G"]},{"damage_healed":0,"gold_gain":0,"player_choice":"Embrace Madness","damage_taken":9,"max_hp_gain":0,"max_hp_loss":0,"event_name":"Winding Halls","floor":36,"gold_loss":0,"cards_obtained":["Madness","Madness"]},{"cards_removed":["Madness"],"damage_healed":0,"gold_gain":0,"player_choice":"Card Removal","damage_taken":0,"max_hp_gain":0,"max_hp_loss":0,"event_name":"Wheel of Change","floor":39,"gold_loss":0}],"is_beta":false,"boss_relics":[{"not_picked":["HoveringKite","Orrery"],"picked":"Fusion Hammer"},{"not_picked":["Empty Cage","Coffee Dripper"],"picked":"WristBlade"}],"items_purged_floors":[],"is_endless":false,"potions_floor_spawned":[8,13,16,19,22,23,25,29,35,38],"killed_by":"Nemesis","ascension_level":0}