{"gold_per_floor":[112,125,125,135,135,180,267,279,314,361,4,4,20,48,48,151,151,164,74,41,51,51],"floor_reached":22,"playtime":1218,"items_purged":["Strike_R"],"score":273,"play_id":"5e3bd2db-2626-470e-9559-87fffcd02a65","local_time":"20181229120946","is_ascension_mode":true,"campfire_choices":[{"data":"Body Slam","floor":8,"key":"SMITH"},{"data":"Strike_R","floor":12,"key":"PURGE"},{"floor":15,"key":"REST"}],"neow_cost":"NONE","seed_source_timestamp":711400960390405,"circlet_count":0,"master_deck":["Defend_R","Defend_R","Defend_R","Bash+1","Body Slam+1","Dropkick","Thunderclap","Flex","Barricade","Iron Wave","Armaments+1","Demon Form","Disarm+1","Rupture+1","Disarm+1","Hemokinesis","Seeing Red","Seeing Red+1"],"relics":["Burning Blood","MawBank","Strawberry","Ancient Tea Set","Peace Pipe","Champion Belt","Darkstone Periapt","Astrolabe"],"potions_floor_usage":[10,14,21,22],"damage_taken":[{"damage":2,"enemies":"2 Louse","floor":1,"turns":3},{"damage":0,"enemies":"Small Slimes","floor":2,"turns":3},{"damage":1,"enemies":"Cultist","floor":4,"turns":3},{"damage":30,"enemies":"Gremlin Nob","floor":6,"turns":4},{"damage":30,"enemies":"Lagavulin","floor":10,"turns":5},{"damage":1,"enemies":"Exordium Wildlife","floor":13,"turns":3},{"damage":32,"enemies":"3 Sentries","floor":14,"turns":8},{"damage":42,"enemies":"Slime Boss","floor":16,"turns":15},{"damage":63,"enemies":"Spheric Guardian","floor":18,"turns":8},{"damage":5,"enemies":"3 Byrds","floor":21,"turns":6},{"damage":22,"enemies":"Snecko","floor":22,"turns":3}],"seed_played":"9097121299294357964","potions_obtained":[{"floor":2,"key":"Energy Potion"},{"floor":13,"key":"BloodPotion"},{"floor":16,"key":"Explosive Potion"},{"floor":21,"key":"GamblersBrew"}],"is_trial":false,"path_per_floor":["M","M","?","M","?","E","?","R","T","E","$","R","M","E","R","B",null,"M","?","$","M","M"],"character_chosen":"IRONCLAD","items_purchased":["Champion Belt","Seeing Red"],"campfire_rested":1,"item_purchase_floors":[11,20],"current_hp_per_floor":[76,80,85,85,82,65,54,54,54,30,30,30,35,18,45,9,71,14,14,14,15,0],"gold":51,"neow_bonus":"UPGRADE_CARD","is_prod":false,"is_daily":false,"chose_seed":false,"campfire_upgraded":1,"win_rate":0,"timestamp":1546106986,"path_taken":["M","M","?","M","?","E","?","R","T","E","?","R","?","E","R","BOSS","M","?","$","?","M"],"build_version":"2018-12-20","purchased_purges":1,"victory":false,"max_hp_per_floor":[80,80,85,85,85,92,92,92,92,92,92,92,92,92,92,92,92,92,92,92,92,92],"card_choices":[{"not_picked":["Warcry","Twin Strike"],"picked":"Body Slam","floor":1},{"not_picked":["Shockwave","Clothesline"],"picked":"Dropkick","floor":2},{"not_picked":["Anger","Clash"],"picked":"Thunderclap","floor":4},{"not_picked":["Rage","Sever Soul"],"picked":"Flex","floor":6},{"not_picked":["Second Wind","Anger"],"picked":"Barricade","floor":10},{"not_picked":["Clothesline","Ghostly Armor"],"picked":"Iron Wave","floor":13},{"not_picked":["Wild Strike","Pommel Strike"],"picked":"Armaments","floor":14},{"not_picked":["Exhume","Reaper"],"picked":"Demon Form","floor":16},{"not_picked":["Bloodletting","Pummel"],"picked":"Hemokinesis","floor":18},{"not_picked":["Reckless Charge","Cleave"],"picked":"Seeing Red+1","floor":21}],"player_experience":324237,"relics_obtained":[{"floor":6,"key":"Strawberry"},{"floor":9,"key":"Ancient Tea Set"},{"floor":10,"key":"Peace Pipe"},{"floor":14,"key":"Darkstone Periapt"}],"event_choices":[{"damage_healed":0,"gold_gain":0,"player_choice":"Donut","damage_taken":0,"max_hp_gain":5,"max_hp_loss":0,"event_name":"Big Fish","floor":3,"gold_loss":0},{"damage_healed":0,"gold_gain":0,"player_choice":"Success","damage_taken":3,"relics_obtained":["MawBank"],"max_hp_gain":0,"max_hp_loss":0,"event_name":"Scrap Ooze","floor":5,"gold_loss":0},{"damage_healed":0,"gold_gain":75,"player_choice":"Gather Gold","damage_taken":11,"max_hp_gain":0,"max_hp_loss":0,"event_name":"World of Goop","floor":7,"gold_loss":0},{"cards_removed":["Defend_R"],"damage_healed":0,"gold_gain":0,"player_choice":"Upgrade and Remove","damage_taken":0,"max_hp_gain":0,"max_hp_loss":0,"event_name":"Designer","floor":19,"gold_loss":90,"cards_upgraded":["Armaments"]}],"is_beta":false,"boss_relics":[{"not_picked":["White Beast Statue","Philosopher\u0027s Stone"],"picked":"Astrolabe"}],"items_purged_floors":[11],"is_endless":false,"potions_floor_spawned":[2,13,16,21],"killed_by":"Snecko","ascension_level":7}