{"gold_per_floor":[114,114,128,154,173,198,198,211,236,256,256,272,272,92,92,187,187,199,118,148,165,165,165,165],"floor_reached":24,"playtime":769,"items_purged":["Strike_B"],"score":206,"play_id":"cdf9af07-d5b5-4cad-8494-3ca3bc6f3fc9","local_time":"20190115095536","is_ascension_mode":true,"campfire_choices":[{"data":"1","floor":7,"key":"LIFT"},{"data":"2","floor":11,"key":"LIFT"},{"data":"3","floor":13,"key":"LIFT"},{"data":"Rip and Tear","floor":15,"key":"SMITH"},{"floor":23,"key":"REST"}],"neow_cost":"TEN_PERCENT_HP_LOSS","seed_source_timestamp":84504164390,"circlet_count":0,"master_deck":["Strike_B","Strike_B","Strike_B","Defend_B","Defend_B","Defend_B","Defend_B","Zap","Dualcast","Rip and Tear+1","Self Repair","Machine Learning","Gash+1","Madness","FTL"],"relics":["Cracked Core","Girya","Orichalcum","Ancient Tea Set","Happy Flower","Black Star","Red Mask"],"potions_floor_usage":[6,16,16,16],"damage_taken":[{"damage":0,"enemies":"Small Slimes","floor":1,"turns":2},{"damage":6,"enemies":"Jaw Worm","floor":3,"turns":3},{"damage":0,"enemies":"Cultist","floor":5,"turns":2},{"damage":18,"enemies":"3 Sentries","floor":6,"turns":7},{"damage":0,"enemies":"Exordium Wildlife","floor":8,"turns":3},{"damage":0,"enemies":"Large Slime","floor":10,"turns":4},{"damage":6,"enemies":"3 Louse","floor":12,"turns":3},{"damage":31,"enemies":"The Guardian","floor":16,"turns":9},{"damage":18,"enemies":"2 Thieves","floor":18,"turns":3},{"damage":44,"enemies":"Masked Bandits","floor":20,"turns":4},{"damage":7,"enemies":"Shell Parasite","floor":21,"turns":4},{"damage":37,"enemies":"Gremlin Leader","floor":24,"turns":4}],"seed_played":"-1137611324745816062","potions_obtained":[{"floor":1,"key":"LiquidBronze"},{"floor":5,"key":"EssenceOfSteel"},{"floor":8,"key":"EssenceOfSteel"}],"is_trial":false,"path_per_floor":["M","?","M","T","M","E","R","M","T","M","R","M","R","$","R","B",null,"M","$","?","M","?","R","E"],"character_chosen":"DEFECT","items_purchased":["Fruit Juice","Madness"],"campfire_rested":1,"item_purchase_floors":[14,19],"current_hp_per_floor":[68,68,62,62,62,44,44,44,44,51,51,52,52,52,52,33,73,62,62,25,25,12,35,0],"gold":165,"neow_bonus":"ONE_RARE_RELIC","is_prod":false,"is_daily":false,"chose_seed":false,"campfire_upgraded":1,"win_rate":0,"timestamp":1547506536,"path_taken":["M","?","M","?","?","E","R","M","T","M","R","M","R","$","R","BOSS","M","$","?","M","?","R","E"],"build_version":"2018-11-15","purchased_purges":1,"victory":false,"max_hp_per_floor":[68,68,68,68,68,68,68,68,68,68,68,68,68,68,68,73,73,73,73,73,73,78,78,78],"card_choices":[{"not_picked":["Sunder","Reinforced Body"],"picked":"Rip and Tear","floor":1},{"not_picked":["Chaos","Rebound","Streamline"],"picked":"SKIP","floor":3},{"not_picked":["Streamline","Sunder","Sweeping Beam"],"picked":"SKIP","floor":5},{"not_picked":["Darkness","Sweeping Beam","Stack"],"picked":"SKIP","floor":6},{"not_picked":["Chaos","Stack"],"picked":"Self Repair","floor":8},{"not_picked":["Ball Lightning","Streamline","Conserve Battery"],"picked":"SKIP","floor":10},{"not_picked":["Aggregate","Reprogram","Genetic Algorithm"],"picked":"SKIP","floor":12},{"not_picked":["Hyperbeam","Fission"],"picked":"Machine Learning","floor":16},{"not_picked":["Sweeping Beam","Hologram"],"picked":"Gash+1","floor":18},{"not_picked":["Sweeping Beam","Capacitor+1"],"picked":"FTL","floor":20},{"not_picked":["Fusion","Doom and Gloom","Scrape"],"picked":"SKIP","floor":21}],"player_experience":1086271,"relics_obtained":[{"floor":4,"key":"Orichalcum"},{"floor":6,"key":"Ancient Tea Set"},{"floor":9,"key":"Happy Flower"},{"floor":20,"key":"Red Mask"}],"event_choices":[{"damage_healed":0,"gold_gain":0,"player_choice":"Ignored","damage_taken":0,"max_hp_gain":0,"max_hp_loss":0,"event_name":"Liars Game","floor":2,"gold_loss":0},{"damage_healed":0,"gold_gain":0,"player_choice":"Fought Bandits","damage_taken":0,"max_hp_gain":0,"max_hp_loss":0,"event_name":"Masked Bandits","floor":20,"gold_loss":0},{"damage_healed":0,"gold_gain":0,"player_choice":"Shed Blood","damage_taken":18,"max_hp_gain":5,"max_hp_loss":0,"event_name":"Forgotten Altar","floor":22,"gold_loss":0}],"is_beta":true,"boss_relics":[{"not_picked":["Velvet Choker","Lizard Tail"],"picked":"Black Star"}],"items_purged_floors":[14],"is_endless":false,"potions_floor_spawned":[1,5,8],"killed_by":"Gremlin Leader","ascension_level":1}