{"gold_per_floor":[115,40,50,50,200,200,40,70,94,94,129,54,79,93,93,164,214,224,224,50,64,64,64,96,96,123,123,138,138,43,59,59,133,133,143,243,254,254],"floor_reached":38,"playtime":2864,"items_purged":["Doubt"],"score":872,"play_id":"c66e99c1-a30c-4cf5-bc67-1c238c79b6f0","local_time":"20181119093204","is_ascension_mode":true,"campfire_choices":[{"data":"Crippling Poison","floor":6.0,"key":"SMITH"},{"data":"Deadly Poison","floor":10.0,"key":"SMITH"},{"data":"Caltrops","floor":15.0,"key":"SMITH"},{"data":"Catalyst","floor":23.0,"key":"SMITH"},{"data":"A Thousand Cuts","floor":25.0,"key":"SMITH"},{"data":"Bouncing Flask","floor":27.0,"key":"SMITH"},{"data":"Footwork","floor":29.0,"key":"SMITH"},{"floor":32.0,"key":"REST"}],"neow_cost":"NONE","seed_source_timestamp":311944763282094,"circlet_count":0,"master_deck":["AscendersBane","Defend_G+1","Defend_G+1","Defend_G+1","Defend_G+1","Defend_G+1","Strike_G+1","Strike_G+1","Strike_G+1","Strike_G+1","Survivor","Neutralize+1","Crippling Poison+1","Backflip","Deadly Poison+1","Dodge and Roll","Caltrops+1","Masterful Stab","Leg Sweep","Deflect","Calculated Gamble","Burst+1","Backflip","Dash","Catalyst+1","Well Laid Plans","Bouncing Flask+1","Endless Agony","A Thousand Cuts+1","Footwork+1","Catalyst","Dodge and Roll","Corpse Explosion"],"special_seed":0,"relics":["Ring of the Snake","NeowsBlessing","Meat on the Bone","Potion Belt","Bottled Lightning","Nunchaku","Tiny House","Turnip","Smiling Mask","Busted Crown","Mango"],"potions_floor_usage":[38,38],"damage_taken":[{"damage":0.0,"enemies":"Small Slimes","floor":1.0,"turns":1.0},{"damage":0.0,"enemies":"Jaw Worm","floor":3.0,"turns":1.0},{"damage":0.0,"enemies":"Gremlin Nob","floor":8.0,"turns":1.0},{"damage":10.0,"enemies":"3 Sentries","floor":11.0,"turns":12.0},{"damage":7.0,"enemies":"Lagavulin","floor":13.0,"turns":6.0},{"damage":0.0,"enemies":"2 Louse","floor":14.0,"turns":2.0},{"damage":8.0,"enemies":"Hexaghost","floor":16.0,"turns":10.0},{"damage":0.0,"enemies":"3 Byrds","floor":18.0,"turns":3.0},{"damage":12.0,"enemies":"2 Thieves","floor":21.0,"turns":4.0},{"damage":21.0,"enemies":"Gremlin Leader","floor":24.0,"turns":5.0},{"damage":16.0,"enemies":"Snake Plant","floor":28.0,"turns":4.0},{"damage":14.0,"enemies":"3 Cultists","floor":31.0,"turns":4.0},{"damage":70.0,"enemies":"Collector","floor":33.0,"turns":11.0},{"damage":14.0,"enemies":"3 Darklings","floor":35.0,"turns":4.0},{"damage":0.0,"enemies":"Mind Bloom Boss Battle","floor":36.0,"turns":3.0},{"damage":6,"enemies":"3 Shapes","floor":37,"turns":7},{"damage":62,"enemies":"Spire Growth","floor":38,"turns":4}],"seed_played":"6149195841942872687","potions_obtained":[{"floor":1.0,"key":"Block Potion"},{"floor":11.0,"key":"Energy Potion"},{"floor":13.0,"key":"Fire Potion"},{"floor":17.0,"key":"FearPotion"},{"floor":18.0,"key":"Explosive Potion"},{"floor":28.0,"key":"Regen Potion"},{"floor":31.0,"key":"Explosive Potion"},{"floor":37,"key":"Explosive Potion"}],"is_trial":false,"path_per_floor":["M","?","M","?","?","R","$","E","T","R","E","$","E","M","R","B",null,"M","?","$","M","?","R","E","R","T","R","M","R","$","M","R","B",null,"M","?","M","M"],"character_chosen":"THE_SILENT","items_purchased":["Deadly Poison","Dodge and Roll","Caltrops","Well Laid Plans","Bouncing Flask","Catalyst","Dexterity Potion"],"campfire_rested":1,"item_purchase_floors":[7,7,7,20,20,30,30],"current_hp_per_floor":[59,59,59,59,59,59,59,59,59,59,49,49,42,42,42,34,63,63,63,63,51,51,51,42,42,42,42,38,38,38,36,57,14,57,43,57,51,0],"gold":254,"neow_bonus":"THREE_ENEMY_KILL","is_prod":false,"is_daily":false,"chose_seed":false,"campfire_upgraded":7,"win_rate":0,"timestamp":1542648724,"path_taken":["M","?","M","?","?","R","$","E","T","R","E","$","E","M","R","BOSS","M","?","$","M","?","R","E","R","T","R","M","R","$","M","R","BOSS","M","?","M","M"],"build_version":"2018-11-15","purchased_purges":1,"victory":false,"max_hp_per_floor":[66,66,66,66,66,66,66,66,66,66,66,66,66,66,66,66,71,71,71,71,71,71,71,71,71,71,71,71,71,71,71,71,71,71,71,85,85,85],"card_choices":[{"not_picked":["Prepared","Finisher"],"picked":"Crippling Poison","floor":1.0},{"not_picked":["Flechettes","Sucker Punch"],"picked":"Backflip","floor":3.0},{"not_picked":["Bane","Cloak And Dagger"],"picked":"Masterful Stab","floor":8.0},{"not_picked":["Flying Knee","Outmaneuver"],"picked":"Leg Sweep","floor":11.0},{"not_picked":["Eviscerate","Phantasmal Killer"],"picked":"Deflect","floor":13.0},{"not_picked":["Eviscerate","Endless Agony"],"picked":"Calculated Gamble","floor":14.0},{"not_picked":["Grand Finale","A Thousand Cuts"],"picked":"Burst","floor":16.0},{"not_picked":["Distraction","Flying Knee"],"picked":"Backflip","floor":17.0},{"not_picked":["Cloak And Dagger","Outmaneuver"],"picked":"Dash","floor":18.0},{"not_picked":["Acrobatics","Underhanded Strike+1"],"picked":"Endless Agony","floor":21.0},{"not_picked":["Underhanded Strike","Slice+1"],"picked":"A Thousand Cuts","floor":24.0},{"not_picked":["Reflex","Concentrate"],"picked":"Footwork","floor":28.0},{"not_picked":["Dagger Spray","Flying Knee"],"picked":"Dodge and Roll","floor":31.0},{"not_picked":["Doppelganger","Wraith Form v2"],"picked":"Corpse Explosion","floor":33.0},{"not_picked":["Cloak And Dagger"],"picked":"SKIP","floor":35.0},{"not_picked":["PiercingWail"],"picked":"SKIP","floor":37}],"player_experience":1326696,"relics_obtained":[{"floor":8.0,"key":"Meat on the Bone"},{"floor":9.0,"key":"Potion Belt"},{"floor":11.0,"key":"Bottled Lightning"},{"floor":13.0,"key":"Nunchaku"},{"floor":24.0,"key":"Turnip"},{"floor":26.0,"key":"Smiling Mask"},{"floor":36.0,"key":"Mango"}],"event_choices":[{"cards_removed":["Strike_G"],"damage_healed":0.0,"max_hp_gain":0.0,"max_hp_loss":0.0,"gold_gain":0.0,"event_name":"The Cleric","player_choice":"Card Removal","floor":2.0,"gold_loss":75.0,"damage_taken":0.0},{"damage_healed":0.0,"max_hp_gain":0.0,"max_hp_loss":0.0,"gold_gain":0.0,"event_name":"Living Wall","player_choice":"Grow","floor":4.0,"gold_loss":0.0,"damage_taken":0.0,"cards_upgraded":["Neutralize"]},{"damage_healed":0.0,"max_hp_gain":0.0,"max_hp_loss":0.0,"gold_gain":150.0,"event_name":"Liars Game","player_choice":"AGREE","floor":5.0,"gold_loss":0.0,"damage_taken":0.0,"cards_obtained":["Doubt"]},{"damage_healed":0.0,"max_hp_gain":0.0,"max_hp_loss":0.0,"gold_gain":0.0,"event_name":"The Library","player_choice":"Read","floor":19.0,"gold_loss":0.0,"damage_taken":0.0,"cards_obtained":["Catalyst"]},{"damage_healed":0.0,"max_hp_gain":0.0,"max_hp_loss":0.0,"gold_gain":0.0,"event_name":"Back to Basics","player_choice":"Simplicity","floor":22.0,"gold_loss":0.0,"damage_taken":0.0,"cards_upgraded":["Defend_G","Defend_G","Defend_G","Defend_G","Defend_G","Strike_G","Strike_G","Strike_G","Strike_G"]},{"damage_healed":0.0,"max_hp_gain":0.0,"max_hp_loss":0.0,"gold_gain":0.0,"event_name":"MindBloom","player_choice":"Fight","floor":36.0,"gold_loss":0.0,"damage_taken":0.0}],"is_beta":false,"boss_relics":[{"not_picked":["Coffee Dripper","Velvet Choker"],"picked":"Tiny House"},{"not_picked":["Cursed Key","Runic Pyramid"],"picked":"Busted Crown"}],"items_purged_floors":[12],"is_endless":false,"potions_floor_spawned":[1,11,13,18,28,31,37],"killed_by":"Spire Growth","ascension_level":17}