{"gold_per_floor":[112,112,43,43,61,89,101,101,101,101,130,142,142,67,67,172,172,186,236,250,81,6,6,6],"floor_reached":24,"playtime":1488,"items_purged":["Strike_B","Doom and Gloom"],"score":202,"play_id":"0d9e4d9b-b8df-4b9b-814d-9894815603c9","local_time":"20180702142307","is_ascension_mode":false,"campfire_choices":[{"data":"Zap","floor":8,"key":"SMITH"},{"data":"Hello World","floor":10,"key":"SMITH"},{"data":"Reprogram","floor":13,"key":"SMITH"},{"data":"Hologram","floor":15,"key":"SMITH"},{"data":"Storm","floor":23,"key":"SMITH"}],"neow_cost":"","seed_source_timestamp":513367046876149,"circlet_count":0,"master_deck":["Zap+1","Dualcast+1","Cold Snap","Hello World+1","Hologram+1","Thunder Strike","Reprogram+1","Fission","Static Discharge","Gash","Static Discharge","Compile Driver","Hello World","Self Repair+1","Gash","Storm+1"],"relics":["Cracked Core","Girya","Blue Candle","Bag of Marbles","Pandora\u0027s Box"],"potions_floor_usage":[16,16],"damage_taken":[{"damage":4,"enemies":"2 Louse","floor":1,"turns":3},{"damage":0,"enemies":"Cultist","floor":5,"turns":2},{"damage":9,"enemies":"Lagavulin","floor":6,"turns":5},{"damage":0,"enemies":"Small Slimes","floor":7,"turns":3},{"damage":11,"enemies":"3 Sentries","floor":11,"turns":6},{"damage":10,"enemies":"Looter","floor":12,"turns":2},{"damage":22,"enemies":"The Guardian","floor":16,"turns":8},{"damage":21,"enemies":"Chosen","floor":18,"turns":5},{"damage":31,"enemies":"2 Thieves","floor":20,"turns":3},{"damage":27,"enemies":"Slavers","floor":24,"turns":2}],"seed_played":"-7629182058627580183","potions_obtained":[{"floor":6,"key":"LiquidBronze"},{"floor":7,"key":"Ancient Potion"}],"is_trial":false,"path_per_floor":["M","?","$","?","M","E","M","R","T","R","E","M","R","$","R","B",null,"M","?","M","$","?","R"],"character_chosen":"DEFECT","items_purchased":["Doom and Gloom","Storm"],"campfire_rested":0,"item_purchase_floors":[3,21],"current_hp_per_floor":[71,71,71,56,56,47,47,47,47,47,36,26,26,26,26,4,75,54,54,33,33,33,33,6],"gold":6,"neow_bonus":"","is_prod":false,"is_daily":false,"chose_seed":false,"campfire_upgraded":5,"win_rate":0.0,"timestamp":1530505387,"path_taken":["M","?","$","?","M","E","M","R","T","R","E","M","R","$","R","BOSS","M","?","M","$","?","R","E"],"build_version":"2018-06-28","purchased_purges":2,"victory":false,"max_hp_per_floor":[75,75,75,75,75,75,75,75,75,75,75,75,75,75,75,75,75,75,75,75,75,75,75,75],"card_choices":[{"not_picked":["Streamline","Steam"],"picked":"Cold Snap","floor":1},{"not_picked":["Leap","Genetic Algorithm","Double Energy"],"picked":"SKIP","floor":5},{"not_picked":["Steam","Compile Driver"],"picked":"Hello World","floor":6},{"not_picked":["Stack","Steam"],"picked":"Hologram","floor":7},{"not_picked":["Scrape","Stack"],"picked":"Thunder Strike","floor":11},{"not_picked":["Hologram","Coolheaded"],"picked":"Reprogram","floor":12},{"not_picked":["Thunder Strike","All For One"],"picked":"Fission","floor":16},{"not_picked":["Reprogram","Steam+1"],"picked":"Self Repair+1","floor":18},{"not_picked":["Leap","Conserve Battery"],"picked":"Gash","floor":20}],"player_experience":428062,"relics_obtained":[{"floor":6,"key":"Girya"},{"floor":9,"key":"Blue Candle"},{"floor":11,"key":"Bag of Marbles"}],"event_choices":[{"event_name":"Bonfire Elementals","player_choice":"BASIC","floor":2,"damage_taken":0},{"event_name":"Shining Light","player_choice":"Entered Light","floor":4,"damage_taken":0},{"event_name":"The Joust","player_choice":"Bet on Murderer","floor":19,"damage_taken":0},{"event_name":"Beggar","player_choice":"Gave Gold","floor":22,"damage_taken":0}],"boss_relics":[{"not_picked":["Nuclear Battery","Fusion Hammer"],"picked":"Pandora\u0027s Box"}],"items_purged_floors":[14,21],"is_endless":false,"potions_floor_spawned":[6,7],"killed_by":"Slavers","ascension_level":0}