{"path_per_floor":["M","?","?","?","?","R","E","R","T","M","M","R","M","$","R","B",null,"M","?","$","?","?","E","R","M","T","$","?","M","$"],"character_chosen":"IRONCLAD","items_purchased":["Apotheosis","Inflame","Block Potion"],"gold_per_floor":[147,127,127,127,127,127,154,154,178,196,215,215,225,17,17,117,117,133,133,46,46,46,71,71,88,88,13,13,32,32],"floor_reached":31,"campfire_rested":2,"playtime":904,"current_hp_per_floor":[85,85,85,85,85,85,44,44,44,43,37,62,49,49,49,10,85,54,38,38,38,66,16,41,14,14,14,14,11,11],"items_purged":["Strike_R"],"gold":32,"score":261,"play_id":"d799b407-8d3b-4f4d-8ec0-7da94cf6672d","local_time":"20180317170657","is_prod":false,"is_daily":false,"is_ascension_mode":true,"campfire_upgraded":3,"timestamp":1521270417,"path_taken":["M","?","?","?","?","R","E","R","T","M","?","R","?","$","R","BOSS","M","?","$","?","?","E","R","?","T","?","?","M","?","?"],"build_version":"2018-03-15v2","purchased_purges":2,"victory":false,"master_deck":["Strike_R","Strike_R+1","Strike_R","Defend_R","Defend_R","Defend_R","Defend_R","Bash+1","Armaments+1","Thunderclap+1","Thunderclap","Cleave","Apotheosis+1","Impervious","Thunderclap+1","Necronomicurse","Inflame","Writhe","Impervious","Armaments+1"],"max_hp_per_floor":[85,85,85,85,85,85,85,85,85,85,85,85,85,85,85,85,85,85,85,85,85,85,85,85,85,85,85,85,85,85],"relics":["Tiny House","Necronomicon","Orichalcum","Bird Faced Urn","Matryoshka"],"card_choices":[{"not_picked":["Seeing Red","Power Through"],"picked":"Armaments"},{"not_picked":["Pommel Strike","Perfected Strike"],"picked":"Dual Wield"},{"not_picked":["Pommel Strike","Cleave"],"picked":"Thunderclap"},{"not_picked":["Havoc","Armaments"],"picked":"Thunderclap"},{"not_picked":["Wild Strike","Burning Pact"],"picked":"Cleave"},{"not_picked":["Exhume","Berserk"],"picked":"Impervious"},{"not_picked":["Havoc","Warcry"],"picked":"Thunderclap"},{"not_picked":["Brutality","Rupture"],"picked":"Impervious"},{"not_picked":["Wild Strike","Anger"],"picked":"Armaments"}],"player_experience":261554,"potions_floor_usage":[29,29],"damage_taken":[{"damage":0.0,"enemies":"2 Louse","floor":1.0,"turns":3.0},{"damage":41.0,"enemies":"3 Sentries","floor":7.0,"turns":10.0},{"damage":1.0,"enemies":"Cultist","floor":10.0,"turns":3.0},{"damage":6.0,"enemies":"Jaw Worm","floor":11.0,"turns":2.0},{"damage":13.0,"enemies":"3 Louse","floor":13.0,"turns":2.0},{"damage":39.0,"enemies":"Slime Boss","floor":16.0,"turns":7.0},{"damage":31,"enemies":"2 Thieves","floor":18,"turns":5},{"damage":50,"enemies":"Gremlin Leader","floor":23,"turns":6},{"damage":29,"enemies":"Shell Parasite","floor":25,"turns":6},{"damage":5,"enemies":"Chosen and Byrds","floor":29,"turns":7},{"damage":17,"enemies":"Centurion and Healer","floor":31,"turns":6}],"event_choices":[{"event_name":"The Woman in Blue","player_choice":"Bought 1 Potion","floor":2.0,"damage_taken":0.0},{"event_name":"Bonfire Elementals","player_choice":"UNCOMMON","floor":3.0,"damage_taken":0.0},{"event_name":"Purifier","player_choice":"One Purge","floor":4.0,"damage_taken":0.0},{"event_name":"Upgrade Shrine","player_choice":"Upgraded","floor":5.0,"damage_taken":0.0},{"event_name":"Cursed Tome","player_choice":"Obtained Book","floor":19,"damage_taken":0},{"event_name":"The Mausoleum","player_choice":"Yes","floor":21,"damage_taken":0},{"event_name":"The Library","player_choice":"Heal","floor":22,"damage_taken":0},{"event_name":"The Lab","player_choice":"Got Potions","floor":28,"damage_taken":0}],"boss_relics":[],"potions_floor_spawned":[1,10,11,16,18,23],"seed_played":"3342909572796697559","killed_by":"Centurion and Healer","ascension_level":1,"is_trial":false}