{"gold_per_floor":[112,112,132,307,42,42,71,88,111,140,157,185,4,4,4,102,102,115,205,304,229,36,62,89,121,156,182,211,1,14,45,45,149,149,168,168,178,78,94,120,120,155,155,184,200,200,234,251,251,251],"floor_reached":51,"playtime":2311,"items_purged":["Doubt","Normality"],"score":1060,"play_id":"084784f5-bde2-474f-a38f-6ecd6aaac3f6","local_time":"20180823110126","is_ascension_mode":true,"campfire_choices":[{"data":"Bash","floor":6,"key":"SMITH"},{"floor":15,"key":"REST"},{"floor":32,"key":"REST"},{"floor":41,"key":"REST"},{"floor":46,"key":"REST"},{"floor":49,"key":"REST"}],"neow_cost":"PERCENT_DAMAGE","seed_source_timestamp":9645849796236,"circlet_count":0,"master_deck":["Strike_R","Strike_R","Strike_R","Strike_R+1","Defend_R","Defend_R","Defend_R","Bash+1","Feed+1","Battle Trance","Inflame","Warcry+1","Headbutt","Iron Wave+1","Flex","Inflame","Feed","Thunderclap","Blind+1","Finesse","Flex","Spot Weakness+1","Pummel","Thunderclap+1","Sword Boomerang+1","Infernal Blade","Clash","Twin Strike+1","Dropkick+1","Cleave+1","Headbutt+1","Pummel+1","Heavy Blade+1"],"relics":["Burning Blood","Toolbox","Vajra","Ancient Tea Set","Bag of Preparation","Anchor","Whetstone","Fusion Hammer","HandDrill","MawBank","Pen Nib","Bag of Marbles","Du-Vu Doll","Black Star","Lantern","Pear","Pantograph","Smiling Mask","Singing Bowl","Meat on the Bone","Bronze Scales","Happy Flower","Centennial Puzzle","War Paint"],"potions_floor_usage":[10,10,11,23,27,31,33,33,50,50,50],"damage_taken":[{"damage":13,"enemies":"Jaw Worm","floor":1,"turns":4},{"damage":3,"enemies":"Small Slimes","floor":3,"turns":4},{"damage":52,"enemies":"3 Sentries","floor":7,"turns":12},{"damage":0,"enemies":"2 Louse","floor":8,"turns":2},{"damage":10,"enemies":"Gremlin Nob","floor":10,"turns":3},{"damage":18,"enemies":"Red Slaver","floor":11,"turns":5},{"damage":0,"enemies":"3 Sentries","floor":12,"turns":8},{"damage":39,"enemies":"The Guardian","floor":16,"turns":7},{"damage":12,"enemies":"Chosen","floor":18,"turns":4},{"damage":15,"enemies":"Slavers","floor":23,"turns":4},{"damage":3,"enemies":"3 Byrds","floor":24,"turns":4},{"damage":10,"enemies":"Shelled Parasite and Fungi","floor":25,"turns":3},{"damage":0,"enemies":"3 Cultists","floor":27,"turns":3},{"damage":18,"enemies":"Snake Plant","floor":28,"turns":3},{"damage":0,"enemies":"Cultist and Chosen","floor":30,"turns":2},{"damage":0,"enemies":"Gremlin Leader","floor":31,"turns":3},{"damage":28,"enemies":"Collector","floor":33,"turns":4},{"damage":1,"enemies":"3 Darklings","floor":35,"turns":2},{"damage":0,"enemies":"Flame Bruiser 1 Orb","floor":37,"turns":1},{"damage":0,"enemies":"Jaw Worm Horde","floor":39,"turns":2},{"damage":38,"enemies":"Nemesis","floor":40,"turns":5},{"damage":0,"enemies":"2 Orb Walkers","floor":42,"turns":2},{"damage":11,"enemies":"Nemesis","floor":44,"turns":3},{"damage":0,"enemies":"Spire Growth","floor":45,"turns":2},{"damage":1,"enemies":"Giant Head","floor":47,"turns":4},{"damage":36,"enemies":"Maw","floor":48,"turns":4},{"damage":62,"enemies":"Awakened One","floor":50,"turns":6}],"seed_played":"5868165466347198313","potions_obtained":[{"floor":1,"key":"Swift Potion"},{"floor":8,"key":"Weak Potion"},{"floor":10,"key":"LiquidBronze"},{"floor":25,"key":"GamblersBrew"},{"floor":27,"key":"FearPotion"},{"floor":30,"key":"Strength Potion"},{"floor":31,"key":"PowerPotion"},{"floor":33,"key":"Dexterity Potion"},{"floor":37,"key":"PowerPotion"},{"floor":39,"key":"PowerPotion"}],"is_trial":false,"path_per_floor":["M","?","M","?","$","R","E","M","T","E","M","E","$","?","R","B",null,"M","?","?","?","$","E","M","M","T","M","M","$","M","E","R","B",null,"M","?","M","$","M","E","R","E","T","E","M","R","E","M","R","B"],"character_chosen":"IRONCLAD","items_purchased":["Toolbox","Whetstone","Inflame","HandDrill","Bag of Marbles","Infernal Blade"],"campfire_rested":5,"item_purchase_floors":[5,13,13,22,29,29],"current_hp_per_floor":[52,52,59,59,59,59,17,27,27,23,15,21,21,21,50,21,103,97,47,47,47,47,42,48,47,47,60,48,48,57,66,103,81,126,126,126,126,126,133,111,143,143,143,138,149,149,154,124,154,98],"gold":251,"neow_bonus":"THREE_RARE_CARDS","is_prod":false,"is_daily":false,"chose_seed":false,"campfire_upgraded":1,"win_rate":0,"timestamp":1535014886,"path_taken":["M","?","M","?","$","R","E","M","T","E","?","E","?","?","R","BOSS","M","?","?","?","?","E","?","M","T","?","M","$","M","E","R","BOSS","M","?","M","$","M","E","R","E","T","E","M","R","E","M","R","BOSS"],"build_version":"2018-08-21","purchased_purges":2,"victory":true,"max_hp_per_floor":[83,83,87,87,87,87,91,95,95,95,99,99,99,99,99,103,103,103,103,103,103,103,107,110,113,113,120,120,120,123,126,126,126,126,126,126,126,126,133,143,143,143,143,143,149,149,154,154,154,154],"card_choices":[{"not_picked":["Demon Form","Fiend Fire"],"picked":"Feed","floor":0},{"not_picked":["Ghostly Armor","Pommel Strike"],"picked":"Battle Trance","floor":1},{"not_picked":["Thunderclap","Heavy Blade"],"picked":"Inflame","floor":3},{"not_picked":["Burning Pact","True Grit","Sever Soul"],"picked":"SKIP","floor":7},{"not_picked":["Body Slam","Armaments"],"picked":"Warcry","floor":8},{"not_picked":["Perfected Strike","Seeing Red"],"picked":"Headbutt","floor":10},{"not_picked":["True Grit","Burning Pact"],"picked":"Iron Wave","floor":11},{"not_picked":["Dark Embrace","Armaments"],"picked":"Flex","floor":12},{"not_picked":["Impervious","Brutality"],"picked":"Feed","floor":16},{"not_picked":["Havoc","Sentinel+1"],"picked":"Thunderclap","floor":18},{"not_picked":["Disarm+1","Heavy Blade"],"picked":"Flex","floor":23},{"not_picked":["Feel No Pain","Flex"],"picked":"Spot Weakness+1","floor":24},{"not_picked":["Headbutt","Perfected Strike"],"picked":"Pummel","floor":25},{"not_picked":["Headbutt","True Grit"],"picked":"Thunderclap+1","floor":27},{"not_picked":["Armaments","Headbutt+1"],"picked":"Sword Boomerang+1","floor":28},{"not_picked":["Searing Blow","Blood for Blood+1"],"picked":"Clash","floor":30},{"not_picked":["Perfected Strike","Sentinel","Wild Strike"],"picked":"SKIP","floor":31},{"not_picked":["Ghostly Armor+1","Clothesline"],"picked":"Twin Strike+1","floor":35},{"not_picked":["Body Slam","Havoc"],"picked":"Dropkick+1","floor":37},{"not_picked":["Pommel Strike","Sentinel"],"picked":"Cleave+1","floor":39},{"not_picked":["Spot Weakness+1","Blood for Blood+1","Searing Blow+1"],"picked":"SKIP","floor":40},{"not_picked":["Corruption+1","Feel No Pain+1"],"picked":"Headbutt+1","floor":42},{"not_picked":["Twin Strike","Clothesline+1"],"picked":"Pummel+1","floor":44},{"not_picked":["Rage+1","Headbutt+1","Seeing Red"],"picked":"Singing Bowl","floor":45},{"not_picked":["Bludgeon","Wild Strike+1","Iron Wave"],"picked":"Singing Bowl","floor":47},{"not_picked":["Metallicize+1","Headbutt+1"],"picked":"Heavy Blade+1","floor":48}],"player_experience":37876,"relics_obtained":[{"floor":7,"key":"Vajra"},{"floor":9,"key":"Ancient Tea Set"},{"floor":10,"key":"Bag of Preparation"},{"floor":12,"key":"Anchor"},{"floor":23,"key":"MawBank"},{"floor":26,"key":"Pen Nib"},{"floor":31,"key":"Du-Vu Doll"},{"floor":40,"key":"Pear"},{"floor":40,"key":"Pantograph"},{"floor":42,"key":"Smiling Mask"},{"floor":42,"key":"Singing Bowl"},{"floor":43,"key":"Meat on the Bone"},{"floor":44,"key":"Bronze Scales"},{"floor":44,"key":"Happy Flower"},{"floor":47,"key":"Centennial Puzzle"},{"floor":47,"key":"War Paint"}],"event_choices":[{"event_name":"Living Wall","player_choice":"Grow","floor":2,"damage_taken":0},{"event_name":"Liars Game","player_choice":"agreed","floor":4,"damage_taken":0},{"event_name":"Purifier","player_choice":"One Purge","floor":14,"damage_taken":0},{"event_name":"Knowing Skull","player_choice":"CARD CARD GOLD POTION ","floor":19,"damage_taken":0},{"event_name":"Nest","player_choice":"Stole From Cult","floor":20,"damage_taken":0},{"event_name":"Beggar","player_choice":"Gave Gold","floor":21,"damage_taken":0},{"event_name":"Accursed Blacksmith","player_choice":"Rummage","floor":36,"damage_taken":0}],"is_beta":true,"boss_relics":[{"not_picked":["Philosopher\u0027s Stone","Lizard Tail"],"picked":"Fusion Hammer"},{"not_picked":["Runic Dome","White Beast Statue"],"picked":"Black Star"}],"items_purged_floors":[5,38],"is_endless":false,"potions_floor_spawned":[1,8,10,25,27,30,31,33,37,39,45,47],"ascension_level":2}