{"gold_per_floor":[118,49,49,65,65,93,111,111,111,111,145,156,226,236,236,338,338,357,357,134,134,59,59,88,88,88,88,88,115,128,145,145,245,245,255,530,544,444,99,99,99,99,99,112,112,131,150,167,167,167],"floor_reached":51,"playtime":2606,"items_purged":["Strike_R","Regret"],"score":852,"play_id":"45e083c5-1117-42c8-9c07-378ec91602b2","local_time":"20190128224940","is_ascension_mode":true,"campfire_choices":[{"data":"Armaments","floor":8,"key":"SMITH"},{"data":"Inflame","floor":10,"key":"SMITH"},{"data":"Barricade","floor":15,"key":"SMITH"},{"data":"Body Slam","floor":23,"key":"SMITH"},{"data":"Flame Barrier","floor":25,"key":"SMITH"},{"floor":27,"key":"REST"},{"data":"Power Through","floor":32,"key":"SMITH"},{"data":"Juggernaut","floor":40,"key":"SMITH"},{"floor":49,"key":"REST"}],"neow_cost":"NONE","seed_source_timestamp":1568265869220363,"circlet_count":0,"master_deck":["Defend_R","Defend_R","Defend_R","Defend_R+1","Twin Strike","Whirlwind+1","Inflame+1","Armaments+1","Flame Barrier+1","Shrug It Off+1","Barricade+1","Body Slam+1","Power Through+1","Evolve","Iron Wave+1","Seeing Red+1","Juggernaut+1","Metallicize","Thinking Ahead","Madness","Madness","Power Through","Flame Barrier+1","Rage+1"],"relics":["Burning Blood","NeowsBlessing","Gremlin Horn","Letter Opener","Matryoshka","Centennial Puzzle","Singing Bowl","Eternal Feather","Juzu Bracelet","Torii","War Paint","Bottled Flame","Empty Cage","Mummified Hand"],"potions_floor_usage":[11,18,19,29,33,35,37,44,46,50],"damage_taken":[{"damage":0,"enemies":"Cultist","floor":1,"turns":1},{"damage":0,"enemies":"Small Slimes","floor":4,"turns":1},{"damage":0,"enemies":"Lagavulin","floor":6,"turns":1},{"damage":7,"enemies":"Jaw Worm","floor":7,"turns":3},{"damage":24,"enemies":"Gremlin Nob","floor":11,"turns":4},{"damage":2,"enemies":"3 Louse","floor":12,"turns":2},{"damage":12,"enemies":"2 Fungi Beasts","floor":14,"turns":4},{"damage":17,"enemies":"Hexaghost","floor":16,"turns":12},{"damage":12,"enemies":"3 Byrds","floor":18,"turns":3},{"damage":19,"enemies":"Colosseum Slavers","floor":19,"turns":5},{"damage":19,"enemies":"Gremlin Leader","floor":24,"turns":6},{"damage":29,"enemies":"Slavers","floor":29,"turns":3},{"damage":0,"enemies":"Shell Parasite","floor":30,"turns":8},{"damage":2,"enemies":"Centurion and Healer","floor":31,"turns":9},{"damage":25,"enemies":"Automaton","floor":33,"turns":14},{"damage":1,"enemies":"3 Darklings","floor":35,"turns":6},{"damage":9,"enemies":"Orb Walker","floor":37,"turns":4},{"damage":1,"enemies":"Jaw Worm Horde","floor":44,"turns":4},{"damage":11,"enemies":"3 Darklings","floor":46,"turns":4},{"damage":55,"enemies":"Transient","floor":47,"turns":5},{"damage":9,"enemies":"Maw","floor":48,"turns":7},{"damage":34,"enemies":"Time Eater","floor":50,"turns":15}],"seed_played":"-6832908930356559654","potions_obtained":[{"floor":6,"key":"PowerPotion"},{"floor":12,"key":"Explosive Potion"},{"floor":16,"key":"SmokeBomb"},{"floor":18,"key":"Fire Potion"},{"floor":24,"key":"Energy Potion"},{"floor":31,"key":"SpeedPotion"},{"floor":33,"key":"SpeedPotion"},{"floor":35,"key":"Fire Potion"},{"floor":46,"key":"Weak Potion"}],"is_trial":false,"path_per_floor":["M","$","?","M","?","E","M","R","T","R","E","M","T","M","R","B",null,"M","?","$","?","?","R","E","R","T","R","?","E","M","M","R","B",null,"M","?","M","$","$","R","?","?","T","M","?","M","M","M","R","B",null],"character_chosen":"IRONCLAD","items_purchased":["Whirlwind","Juzu Bracelet","Thinking Ahead","Energy Potion","Energy Potion","Strength Potion"],"campfire_rested":2,"item_purchase_floors":[2,20,39,39,39,39],"current_hp_per_floor":[80,80,80,80,80,80,79,79,79,79,61,65,65,59,59,50,82,76,63,63,47,47,56,43,52,52,87,87,64,72,76,85,66,89,89,89,88,88,88,91,80,80,80,87,78,73,24,21,60,32],"gold":167,"neow_bonus":"THREE_ENEMY_KILL","is_prod":false,"is_daily":false,"chose_seed":false,"campfire_upgraded":7,"win_rate":0,"timestamp":1548683380,"path_taken":["M","$","?","?","?","E","M","R","T","R","E","?","?","M","R","BOSS","M","?","$","?","?","R","E","R","T","R","?","E","M","M","R","BOSS","M","?","M","?","$","R","?","?","T","M","?","M","M","M","R","BOSS"],"build_version":"2019-01-23","purchased_purges":2,"victory":true,"max_hp_per_floor":[80,80,80,80,80,80,80,80,80,80,80,80,80,80,80,82,82,82,82,82,87,87,87,87,87,87,87,87,87,89,89,89,89,89,89,89,91,91,91,91,91,91,91,93,93,93,93,93,93,93],"card_choices":[{"not_picked":["Perfected Strike","Heavy Blade"],"picked":"Twin Strike","floor":1},{"not_picked":["Anger","Searing Blow"],"picked":"Inflame","floor":4},{"not_picked":["Warcry","Clothesline"],"picked":"Armaments","floor":6},{"not_picked":["Shrug It Off","Sentinel"],"picked":"Flame Barrier","floor":7},{"not_picked":["Shockwave","Bloodletting"],"picked":"Shrug It Off","floor":11},{"not_picked":["Thunderclap","Warcry"],"picked":"Barricade","floor":12},{"not_picked":["Thunderclap","Ghostly Armor"],"picked":"Body Slam","floor":14},{"not_picked":["Dark Embrace","Berserk","Immolate"],"picked":"Singing Bowl","floor":16},{"not_picked":["Clash","Spot Weakness"],"picked":"Power Through","floor":18},{"not_picked":["Berserk","Body Slam"],"picked":"Evolve","floor":24},{"not_picked":["Whirlwind+1","Twin Strike"],"picked":"Iron Wave+1","floor":29},{"not_picked":["Armaments","Iron Wave","Headbutt"],"picked":"Singing Bowl","floor":30},{"not_picked":["Body Slam","Burning Pact"],"picked":"Seeing Red+1","floor":31},{"not_picked":["Immolate","Fiend Fire"],"picked":"Juggernaut","floor":33},{"not_picked":["True Grit","Warcry+1"],"picked":"Metallicize","floor":35},{"not_picked":["Perfected Strike","Heavy Blade","Warcry+1"],"picked":"Singing Bowl","floor":37},{"not_picked":["Burning Pact+1","Havoc","Wild Strike+1"],"picked":"Singing Bowl","floor":44},{"not_picked":["Warcry+1","Iron Wave+1"],"picked":"Power Through","floor":46},{"not_picked":["Clash+1","Pummel+1"],"picked":"Flame Barrier+1","floor":47},{"not_picked":["Body Slam","Shockwave+1"],"picked":"Rage+1","floor":48}],"player_experience":722447,"relics_obtained":[{"floor":6,"key":"Gremlin Horn"},{"floor":9,"key":"Letter Opener"},{"floor":11,"key":"Matryoshka"},{"floor":13,"key":"Centennial Puzzle"},{"floor":13,"key":"Singing Bowl"},{"floor":24,"key":"Torii"},{"floor":26,"key":"War Paint"},{"floor":29,"key":"Bottled Flame"},{"floor":43,"key":"Mummified Hand"}],"event_choices":[{"cards_removed":["Strike_R"],"damage_healed":0,"gold_gain":0,"player_choice":"Offered Basic","damage_taken":0,"max_hp_gain":0,"max_hp_loss":0,"event_name":"Bonfire Elementals","floor":3,"gold_loss":0},{"damage_healed":0,"gold_gain":0,"player_choice":"Forge","damage_taken":0,"max_hp_gain":0,"max_hp_loss":0,"event_name":"Accursed Blacksmith","floor":5,"gold_loss":0,"cards_upgraded":["Whirlwind"]},{"damage_healed":0,"gold_gain":0,"player_choice":"Fight","damage_taken":0,"max_hp_gain":0,"max_hp_loss":0,"event_name":"Colosseum","floor":19,"gold_loss":0},{"damage_healed":0,"gold_gain":0,"player_choice":"Fled From Nobs","damage_taken":0,"max_hp_gain":0,"max_hp_loss":0,"event_name":"Colosseum","floor":19,"gold_loss":0},{"damage_healed":0,"gold_gain":0,"player_choice":"Shed Blood","damage_taken":21,"max_hp_gain":5,"max_hp_loss":0,"event_name":"Forgotten Altar","floor":21,"gold_loss":0},{"cards_removed":["Strike_R"],"damage_healed":0,"gold_gain":0,"player_choice":"Gave Gold","damage_taken":0,"max_hp_gain":0,"max_hp_loss":0,"event_name":"Beggar","floor":22,"gold_loss":75},{"cards_removed":["Strike_R"],"damage_healed":0,"gold_gain":0,"player_choice":"Purged","damage_taken":0,"max_hp_gain":0,"max_hp_loss":0,"event_name":"Purifier","floor":28,"gold_loss":0},{"damage_healed":0,"gold_gain":275,"player_choice":"Desecrate","damage_taken":0,"max_hp_gain":0,"max_hp_loss":0,"event_name":"Golden Shrine","floor":36,"gold_loss":0,"cards_obtained":["Regret"]},{"damage_healed":0,"gold_gain":0,"player_choice":"Embrace Madness","damage_taken":11,"max_hp_gain":0,"max_hp_loss":0,"event_name":"Winding Halls","floor":41,"gold_loss":0,"cards_obtained":["Madness","Madness"]},{"damage_healed":0,"gold_gain":0,"player_choice":"Ignored","damage_taken":0,"max_hp_gain":0,"max_hp_loss":0,"event_name":"Mysterious Sphere","floor":42,"gold_loss":0},{"damage_healed":0,"gold_gain":0,"player_choice":"Damaged","damage_taken":9,"max_hp_gain":0,"max_hp_loss":0,"event_name":"Wheel of Change","floor":45,"gold_loss":0}],"is_beta":false,"boss_relics":[{"not_picked":["Orrery","Coffee Dripper"],"picked":"Eternal Feather"},{"not_picked":["Lizard Tail","Snecko Eye"],"picked":"Empty Cage"}],"items_purged_floors":[20,38],"is_endless":false,"potions_floor_spawned":[6,12,16,18,24,31,33,35,46],"ascension_level":4}