{"gold_per_floor":[115,115,129,140,140,140,174,174,174,205,215,229,248,268,268,268],"floor_reached":16,"playtime":676,"items_purged":[],"score":120,"play_id":"832bbd31-3370-499f-a03a-ca7367537ca8","local_time":"20190202192411","is_ascension_mode":true,"campfire_choices":[{"data":"Blade Dance","floor":6,"key":"SMITH"},{"data":"Flying Knee","floor":8,"key":"SMITH"},{"floor":15,"key":"REST"}],"neow_cost":"NONE","seed_source_timestamp":382464472828463,"circlet_count":0,"master_deck":["Defend_G","Defend_G","Defend_G","Defend_G","Defend_G","Strike_G","Strike_G","Strike_G","Strike_G","Survivor","Neutralize","Expertise","Flying Knee+1","Blade Dance+1","Dagger Spray","Slice","Malaise","Dodge and Roll","Footwork","Backflip"],"relics":["Ring of the Snake","NeowsBlessing","Pocketwatch","Dodecahedron","Happy Flower"],"potions_floor_usage":[10,16],"damage_taken":[{"damage":0,"enemies":"Jaw Worm","floor":1,"turns":1},{"damage":0,"enemies":"Cultist","floor":3,"turns":1},{"damage":0,"enemies":"2 Louse","floor":4,"turns":1},{"damage":19,"enemies":"3 Sentries","floor":7,"turns":6},{"damage":19,"enemies":"Lagavulin","floor":10,"turns":6},{"damage":9,"enemies":"Blue Slaver","floor":11,"turns":3},{"damage":4,"enemies":"2 Fungi Beasts","floor":12,"turns":3},{"damage":0,"enemies":"Red Slaver","floor":13,"turns":3},{"damage":0,"enemies":"Blue Slaver","floor":14,"turns":4},{"damage":44,"enemies":"Slime Boss","floor":16,"turns":12}],"seed_played":"6830269702410348393","potions_obtained":[{"floor":1,"key":"Poison Potion"},{"floor":10,"key":"Energy Potion"}],"is_trial":false,"path_per_floor":["M","?","M","M","?","R","E","R","T","E","M","M","M","M","R","B"],"character_chosen":"THE_SILENT","items_purchased":[],"campfire_rested":1,"item_purchase_floors":[],"current_hp_per_floor":[70,70,70,70,70,70,51,51,51,32,23,19,19,19,40,0],"gold":268,"neow_bonus":"THREE_ENEMY_KILL","is_prod":false,"is_daily":false,"chose_seed":false,"campfire_upgraded":2,"win_rate":0,"timestamp":1549157051,"path_taken":["M","?","M","?","?","R","E","R","T","E","?","M","M","M","R","BOSS"],"build_version":"2019-01-23","purchased_purges":0,"victory":false,"max_hp_per_floor":[70,70,70,70,70,70,70,70,70,70,70,70,70,70,70,70],"card_choices":[{"not_picked":["Endless Agony","Quick Slash"],"picked":"Expertise","floor":1},{"not_picked":["Flying Knee","Escape Plan"],"picked":"Blade Dance","floor":3},{"not_picked":["Quick Slash","Bane"],"picked":"Dagger Spray","floor":4},{"not_picked":["Reflex","Poisoned Stab"],"picked":"Slice","floor":7},{"not_picked":["Sucker Punch","Eviscerate"],"picked":"Malaise","floor":10},{"not_picked":["Catalyst","Poisoned Stab","Bouncing Flask"],"picked":"SKIP","floor":11},{"not_picked":["PiercingWail","Deadly Poison"],"picked":"Dodge and Roll","floor":12},{"not_picked":["Sucker Punch","Outmaneuver"],"picked":"Footwork","floor":13},{"not_picked":["Distraction","Poisoned Stab"],"picked":"Backflip","floor":14}],"player_experience":103876,"relics_obtained":[{"floor":7,"key":"Pocketwatch"},{"floor":9,"key":"Dodecahedron"},{"floor":10,"key":"Happy Flower"}],"event_choices":[{"damage_healed":0,"gold_gain":0,"player_choice":"1 cards matched","damage_taken":0,"max_hp_gain":0,"max_hp_loss":0,"event_name":"Match and Keep!","floor":2,"gold_loss":0,"cards_obtained":["Flying Knee"]},{"cards_removed":["Strike_G"],"damage_healed":0,"gold_gain":0,"player_choice":"Card Removal","damage_taken":0,"max_hp_gain":0,"max_hp_loss":0,"event_name":"Wheel of Change","floor":5,"gold_loss":0}],"is_beta":false,"boss_relics":[],"items_purged_floors":[],"is_endless":false,"potions_floor_spawned":[1,10],"killed_by":"Slime Boss","ascension_level":1}