{"gold_per_floor":[113,132,132,132,146,181,195,195,248,248,11,21,47,47,47,121,121,136,136,136,61,61,61,76,76,76,89,89],"floor_reached":28,"playtime":916,"items_purged":["Parasite"],"score":451,"play_id":"a192e7b1-3eed-4e30-baae-958d04b85779","local_time":"20181211002119","is_ascension_mode":true,"campfire_choices":[{"floor":8.0,"key":"REST"},{"floor":10.0,"key":"REST"},{"floor":15.0,"key":"REST"},{"floor":23.0,"key":"REST"}],"neow_cost":"NONE","seed_source_timestamp":15920969628666,"circlet_count":0,"master_deck":["AscendersBane","Bash","Shrug It Off","Seeing Red","Metallicize","Exhume","Juggernaut","Dark Embrace+1","Demon Form+1","Headbutt","Sword Boomerang","Anger","Pommel Strike","Seeing Red","Perfected Strike","Twin Strike","Body Slam","Pommel Strike","Armaments+1","Inflame+1"],"special_seed":0,"relics":["Burning Blood","Ancient Tea Set","Question Card","Spirit Poop","Pen Nib","Bag of Preparation","Boot","Frozen Egg 2","Pandora\u0027s Box","Orichalcum"],"potions_floor_usage":[],"damage_taken":[{"damage":3.0,"enemies":"Small Slimes","floor":1.0,"turns":3.0},{"damage":11.0,"enemies":"Cultist","floor":2.0,"turns":4.0},{"damage":8.0,"enemies":"Jaw Worm","floor":5.0,"turns":4.0},{"damage":60.0,"enemies":"Lagavulin","floor":6.0,"turns":8.0},{"damage":7.0,"enemies":"2 Fungi Beasts","floor":7.0,"turns":5.0},{"damage":11.0,"enemies":"Looter","floor":12.0,"turns":3.0},{"damage":39.0,"enemies":"3 Sentries","floor":13.0,"turns":10.0},{"damage":54.0,"enemies":"The Guardian","floor":16.0,"turns":15.0},{"damage":4.0,"enemies":"Chosen","floor":18.0,"turns":3.0},{"damage":32.0,"enemies":"3 Byrds","floor":24.0,"turns":4.0},{"damage":0.0,"enemies":"Snake Plant","floor":27.0,"turns":2.0},{"damage":58,"enemies":"Slavers","floor":28,"turns":4}],"seed_played":"-4316155090067785152","potions_obtained":[{"floor":1.0,"key":"Swift Potion"},{"floor":6.0,"key":"FearPotion"},{"floor":13.0,"key":"FearPotion"},{"floor":16.0,"key":"Poison Potion"},{"floor":24.0,"key":"FearPotion"},{"floor":27.0,"key":"Ancient Potion"}],"is_trial":false,"path_per_floor":["M","M","?","?","M","E","M","R","T","R","$","M","E","?","R","B",null,"M","?","?","$","?","R","M","?","T","M","E"],"character_chosen":"IRONCLAD","items_purchased":["Boot","Exhume"],"campfire_rested":4,"item_purchase_floors":[11,11],"current_hp_per_floor":[71,66,66,66,64,10,9,31,31,53,53,48,15,33,55,7,58,60,60,39,39,39,62,36,36,36,42,0],"gold":89,"neow_bonus":"RANDOM_COMMON_RELIC","is_prod":false,"is_daily":false,"chose_seed":false,"campfire_upgraded":0,"win_rate":0,"timestamp":1544512879,"path_taken":["M","M","?","?","?","E","?","R","T","R","$","M","E","?","R","BOSS","M","?","?","$","?","R","M","?","T","?","E"],"build_version":"2018-12-06","purchased_purges":1,"victory":false,"max_hp_per_floor":[75,75,75,75,75,75,75,75,75,75,75,75,75,75,75,75,75,75,75,80,77,77,77,77,77,77,77,77],"card_choices":[{"not_picked":["Spot Weakness","Combust"],"picked":"Shrug It Off","floor":1.0},{"not_picked":["Wild Strike","Heavy Blade","Flex"],"picked":"SKIP","floor":2.0},{"not_picked":["Iron Wave","Sword Boomerang","Spot Weakness"],"picked":"Seeing Red","floor":5.0},{"not_picked":["Battle Trance","Evolve","Entrench"],"picked":"Metallicize","floor":6.0},{"not_picked":["Iron Wave","Dropkick","Metallicize","Disarm"],"picked":"SKIP","floor":7.0},{"not_picked":["Clash","Burning Pact","Flex"],"picked":"Juggernaut","floor":12.0},{"not_picked":["Shockwave","Infernal Blade","Flex"],"picked":"Dark Embrace","floor":13.0},{"not_picked":["Fiend Fire","Impervious","Dark Embrace+1"],"picked":"Demon Form+1","floor":16.0},{"not_picked":["Rage","Shrug It Off+1","Body Slam"],"picked":"Pommel Strike","floor":18.0},{"not_picked":["Second Wind+1","Havoc","Battle Trance+1"],"picked":"Armaments+1","floor":24.0},{"not_picked":["Searing Blow","Perfected Strike","Flex+1"],"picked":"Inflame+1","floor":27.0}],"player_experience":593494,"relics_obtained":[{"floor":6.0,"key":"Pen Nib"},{"floor":9.0,"key":"Bag of Preparation"},{"floor":13.0,"key":"Frozen Egg 2"}],"event_choices":[{"damage_healed":0.0,"max_hp_gain":0.0,"max_hp_loss":0.0,"gold_gain":0.0,"event_name":"Big Fish","player_choice":"Box","floor":3.0,"gold_loss":0.0,"damage_taken":0.0,"relics_obtained":["Question Card"],"cards_obtained":["Regret"]},{"cards_removed":["Regret"],"damage_healed":0.0,"max_hp_gain":0.0,"max_hp_loss":0.0,"gold_gain":0.0,"event_name":"Bonfire Elementals","player_choice":"Offered Curse","floor":4.0,"gold_loss":0.0,"damage_taken":0.0,"relics_obtained":["Spirit Poop"]},{"damage_healed":18.0,"max_hp_gain":0.0,"max_hp_loss":0.0,"gold_gain":0.0,"event_name":"Mushrooms","player_choice":"Healed and dodged fight","floor":14.0,"gold_loss":0.0,"damage_taken":0.0,"cards_obtained":["Parasite"]},{"damage_healed":0.0,"max_hp_gain":0.0,"max_hp_loss":0.0,"gold_gain":0.0,"event_name":"The Mausoleum","player_choice":"Opened","floor":19.0,"gold_loss":0.0,"damage_taken":0.0,"relics_obtained":["Orichalcum"],"cards_obtained":["Writhe"]},{"damage_healed":0.0,"max_hp_gain":5.0,"max_hp_loss":0.0,"gold_gain":0.0,"event_name":"Forgotten Altar","player_choice":"Shed Blood","floor":20.0,"gold_loss":0.0,"damage_taken":26.0},{"cards_removed":["Writhe"],"damage_healed":0.0,"max_hp_gain":0.0,"max_hp_loss":0.0,"gold_gain":0.0,"event_name":"Back to Basics","player_choice":"Elegance","floor":22.0,"gold_loss":0.0,"damage_taken":0.0},{"cards_removed":["Clash"],"damage_healed":0.0,"max_hp_gain":0.0,"max_hp_loss":0.0,"gold_gain":0.0,"event_name":"Wheel of Change","player_choice":"Card Removal","floor":25.0,"gold_loss":0.0,"damage_taken":0.0}],"is_beta":false,"boss_relics":[{"not_picked":["Astrolabe","Tiny House"],"picked":"Pandora\u0027s Box"}],"items_purged_floors":[21],"is_endless":false,"potions_floor_spawned":[1,6,13,16,24,27],"killed_by":"Slavers","ascension_level":20}