{"gold_per_floor":[119,132,132,147,167,167,167,194,194,344,355,355,385,26,26,98,98,109,109,109,22,15,15,32,32],"floor_reached":25,"playtime":2859,"items_purged":["Doubt"],"score":390,"play_id":"b3cc42d6-52f4-4fb9-9d1d-134a95a9a5b0","local_time":"20181121140727","is_ascension_mode":true,"campfire_choices":[{"data":"True Grit","floor":6,"key":"SMITH"},{"floor":12,"key":"REST"},{"data":"Berserk","floor":15,"key":"SMITH"},{"data":"Whirlwind","floor":23,"key":"SMITH"}],"neow_cost":"NONE","seed_source_timestamp":502973850415851,"circlet_count":0,"master_deck":["AscendersBane","Strike_R","Strike_R","Strike_R","Defend_R","Defend_R","Defend_R","Defend_R","Bash","Berserk+1","True Grit+1","Shrug It Off","Clothesline","Battle Trance","Feel No Pain","Sever Soul","Ghostly Armor","Juggernaut","Sentinel+1","Anger","Ghostly Armor","Reckless Charge","Whirlwind+1","Shrug It Off"],"relics":["Black Blood","Strawberry","Gremlin Horn","Paper Frog","Girya","Pantograph"],"potions_floor_usage":[8,16,16,22],"damage_taken":[{"damage":5,"enemies":"Jaw Worm","floor":1,"turns":4},{"damage":0,"enemies":"Cultist","floor":2,"turns":4},{"damage":0,"enemies":"2 Louse","floor":4,"turns":3},{"damage":21,"enemies":"Large Slime","floor":5,"turns":9},{"damage":50,"enemies":"3 Sentries","floor":8,"turns":12},{"damage":11,"enemies":"Blue Slaver","floor":11,"turns":6},{"damage":29,"enemies":"Gremlin Nob","floor":13,"turns":4},{"damage":32,"enemies":"Slime Boss","floor":16,"turns":14},{"damage":9,"enemies":"Chosen","floor":18,"turns":6},{"damage":27,"enemies":"2 Thieves","floor":22,"turns":4},{"damage":21,"enemies":"Snecko","floor":24,"turns":7},{"damage":32,"enemies":"Chosen and Byrds","floor":25,"turns":3}],"seed_played":"7613145055110147367","potions_obtained":[{"floor":1,"key":"Fire Potion"},{"floor":3,"key":"Regen Potion"},{"floor":13,"key":"Block Potion"},{"floor":16,"key":"PowerPotion"},{"floor":24,"key":"SpeedPotion"}],"is_trial":false,"path_per_floor":["M","M","?","M","M","R","?","E","T","?","M","R","E","$","R","B",null,"M","?","?","$","M","R","M","M"],"character_chosen":"IRONCLAD","items_purchased":["Pantograph","Reckless Charge"],"campfire_rested":1,"item_purchase_floors":[14,21],"current_hp_per_floor":[69,75,75,75,60,60,67,38,38,38,33,57,34,34,34,33,70,71,71,47,47,30,30,19,0],"gold":32,"neow_bonus":"ONE_RANDOM_RARE_CARD","is_prod":false,"is_daily":false,"chose_seed":false,"campfire_upgraded":3,"win_rate":0,"timestamp":1542838047,"path_taken":["M","M","?","?","M","R","?","E","T","?","M","R","E","$","R","BOSS","M","?","?","?","M","R","M","M"],"build_version":"2018-11-15","purchased_purges":1,"victory":false,"max_hp_per_floor":[75,75,75,75,75,75,82,82,82,82,82,82,82,82,82,82,82,82,82,87,87,87,87,87,87],"card_choices":[{"not_picked":["Heavy Blade","Headbutt"],"picked":"True Grit","floor":1},{"not_picked":["Pummel","Flex"],"picked":"Shrug It Off","floor":2},{"not_picked":["Body Slam","Pummel"],"picked":"Clothesline","floor":4},{"not_picked":["Power Through","Warcry"],"picked":"Battle Trance","floor":5},{"not_picked":["Reckless Charge","Rupture"],"picked":"Feel No Pain","floor":8},{"not_picked":["Armaments","Double Tap"],"picked":"Sever Soul","floor":11},{"not_picked":["Entrench","Warcry"],"picked":"Ghostly Armor","floor":13},{"not_picked":["Barricade","Double Tap"],"picked":"Juggernaut","floor":16},{"not_picked":["Twin Strike","Thunderclap"],"picked":"Sentinel+1","floor":18},{"not_picked":["Flex","Twin Strike"],"picked":"Whirlwind","floor":22},{"not_picked":["Perfected Strike","Cleave"],"picked":"Shrug It Off","floor":24}],"player_experience":1353065,"relics_obtained":[{"floor":8,"key":"Gremlin Horn"},{"floor":9,"key":"Paper Frog"},{"floor":13,"key":"Girya"}],"event_choices":[{"damage_healed":0,"gold_gain":0,"player_choice":"Got Potions","damage_taken":0,"max_hp_gain":0,"max_hp_loss":0,"event_name":"Lab","floor":3,"gold_loss":0},{"damage_healed":0,"gold_gain":0,"player_choice":"Searched \u00271\u0027 times","damage_taken":0,"relics_obtained":["Strawberry"],"max_hp_gain":0,"max_hp_loss":0,"event_name":"Dead Adventurer","floor":7,"gold_loss":0},{"damage_healed":0,"gold_gain":150,"player_choice":"AGREE","damage_taken":0,"max_hp_gain":0,"max_hp_loss":0,"event_name":"Liars Game","floor":10,"gold_loss":0,"cards_obtained":["Doubt"]},{"damage_healed":0,"gold_gain":0,"cards_transformed":["Strike_R","Strike_R"],"player_choice":"Became Test Subject","damage_taken":0,"max_hp_gain":0,"max_hp_loss":0,"event_name":"Drug Dealer","floor":19,"gold_loss":0,"cards_obtained":["Anger","Ghostly Armor"]},{"damage_healed":0,"gold_gain":0,"player_choice":"Shed Blood","damage_taken":29,"max_hp_gain":5,"max_hp_loss":0,"event_name":"Forgotten Altar","floor":20,"gold_loss":0}],"is_beta":false,"boss_relics":[{"not_picked":["Coffee Dripper","Runic Pyramid"],"picked":"Black Blood"}],"items_purged_floors":[14],"is_endless":false,"potions_floor_spawned":[1,5,13,16,24],"killed_by":"Chosen and Byrds","ascension_level":17}