{"gold_per_floor":[118,41,58,77,90,90,116,116,201,218,232,283,303,323,323,422,422,440,440,460,472,83,83,83,115,139,139,139,159,193,119,119,221,221,235,235],"floor_reached":36,"playtime":2098,"items_purged":["Strike_G"],"score":508,"play_id":"7b42ca0f-404e-4746-8cae-8f8ccefb7d75","local_time":"20190205200126","is_ascension_mode":true,"campfire_choices":[{"data":"Blade Dance","floor":6,"key":"SMITH"},{"data":"Infinite Blades","floor":8,"key":"SMITH"},{"floor":15,"key":"REST"},{"floor":23,"key":"REST"},{"data":"Bane","floor":28,"key":"SMITH"},{"floor":32,"key":"REST"}],"neow_cost":"NONE","seed_source_timestamp":2177605667383053,"circlet_count":0,"master_deck":["Defend_G+1","Defend_G+1","Defend_G+1","Defend_G+1","Defend_G+1","Strike_G+1","Strike_G+1","Strike_G+1","Strike_G+1","Survivor","Neutralize","Blade Dance+1","Infinite Blades+1","Well Laid Plans","Bouncing Flask","PiercingWail","Prepared","Corpse Explosion","Bane+1","After Image","Bouncing Flask","Necronomicurse","PiercingWail","Acrobatics","Blur+1","Footwork","Catalyst","Leg Sweep","Night Terror","Caltrops"],"relics":["Ring of the Snake","Letter Opener","Tiny Chest","Vajra","Sozu","Necronomicon","Thread and Needle","Juzu Bracelet","Blood Vial","Dream Catcher","Black Star"],"potions_floor_usage":[18,20],"damage_taken":[{"damage":0,"enemies":"Cultist","floor":1,"turns":4},{"damage":0,"enemies":"2 Louse","floor":3,"turns":3},{"damage":1,"enemies":"Jaw Worm","floor":4,"turns":5},{"damage":3,"enemies":"Large Slime","floor":5,"turns":8},{"damage":29,"enemies":"Gremlin Nob","floor":7,"turns":5},{"damage":6,"enemies":"Looter","floor":10,"turns":3},{"damage":7,"enemies":"2 Fungi Beasts","floor":11,"turns":4},{"damage":3,"enemies":"3 Louse","floor":13,"turns":2},{"damage":0,"enemies":"Red Slaver","floor":14,"turns":4},{"damage":37,"enemies":"Hexaghost","floor":16,"turns":10},{"damage":0,"enemies":"Spheric Guardian","floor":18,"turns":3},{"damage":7,"enemies":"2 Thieves","floor":20,"turns":4},{"damage":3,"enemies":"Snake Plant","floor":21,"turns":4},{"damage":5,"enemies":"Slavers","floor":25,"turns":4},{"damage":9,"enemies":"Chosen and Byrds","floor":29,"turns":6},{"damage":13,"enemies":"Gremlin Leader","floor":30,"turns":7},{"damage":18,"enemies":"Champ","floor":33,"turns":14},{"damage":14,"enemies":"Orb Walker","floor":35,"turns":4},{"damage":84,"enemies":"2 Orb Walkers","floor":36,"turns":5}],"seed_played":"6557026780041654329","potions_obtained":[{"floor":7,"key":"GamblersBrew"},{"floor":10,"key":"Swift Potion"},{"floor":13,"key":"Explosive Potion"},{"floor":14,"key":"PowerPotion"},{"floor":16,"key":"SteroidPotion"}],"is_trial":false,"path_per_floor":["M","$","M","M","M","R","E","R","T","M","M","T","M","M","R","B",null,"M","?","M","M","$","R","?","E","T","?","R","M","E","$","R","B",null,"M","?"],"character_chosen":"THE_SILENT","items_purchased":["Infinite Blades","Thread and Needle","Leg Sweep"],"campfire_rested":3,"item_purchase_floors":[2,22,31],"current_hp_per_floor":[77,77,77,76,73,73,44,44,44,38,31,31,28,28,51,14,61,61,45,38,35,35,58,58,53,53,53,53,46,35,35,58,42,68,56,0],"gold":235,"neow_bonus":"TEN_PERCENT_HP_BONUS","is_prod":false,"is_daily":false,"chose_seed":false,"campfire_upgraded":3,"win_rate":0,"timestamp":1549357286,"path_taken":["M","$","M","M","M","R","E","R","T","M","M","?","M","M","R","BOSS","M","?","M","M","$","R","?","E","T","?","R","M","E","$","R","BOSS","M","?"],"build_version":"2019-01-23","purchased_purges":1,"victory":false,"max_hp_per_floor":[77,77,77,77,77,77,77,77,77,77,77,77,77,77,77,77,77,77,77,77,77,77,77,77,77,77,77,77,77,77,77,77,77,77,77,77],"card_choices":[{"not_picked":["Deflect","Finisher"],"picked":"Blade Dance","floor":1},{"not_picked":["Slice","Quick Slash"],"picked":"Well Laid Plans","floor":3},{"not_picked":["Slice","Acrobatics"],"picked":"Bouncing Flask","floor":4},{"not_picked":["Dash","Flying Knee"],"picked":"PiercingWail","floor":5},{"not_picked":["PiercingWail","Flechettes"],"picked":"Prepared","floor":7},{"not_picked":["Underhanded Strike","Escape Plan","Backflip"],"picked":"SKIP","floor":10},{"not_picked":["Blade Dance","Dagger Throw"],"picked":"Corpse Explosion","floor":11},{"not_picked":["Dodge and Roll","Poisoned Stab","Underhanded Strike"],"picked":"SKIP","floor":13},{"not_picked":["Dagger Throw","Doppelganger"],"picked":"Bane","floor":14},{"not_picked":["Tools of the Trade","Glass Knife"],"picked":"After Image","floor":16},{"not_picked":["Blade Dance","Slice+1"],"picked":"Bouncing Flask","floor":18},{"not_picked":["Blur","Backflip"],"picked":"PiercingWail","floor":20},{"not_picked":["Prepared","Poisoned Stab"],"picked":"Acrobatics","floor":21},{"not_picked":["Bane","Deadly Poison"],"picked":"Blur+1","floor":25},{"not_picked":["Dash+1","Escape Plan+1"],"picked":"Footwork","floor":29},{"not_picked":["Backstab","Blur+1"],"picked":"Catalyst","floor":30},{"not_picked":["Bullet Time","After Image"],"picked":"Night Terror","floor":33},{"not_picked":["Infinite Blades","Dagger Throw+1"],"picked":"Caltrops","floor":35}],"player_experience":263421,"relics_obtained":[{"floor":7,"key":"Letter Opener"},{"floor":9,"key":"Tiny Chest"},{"floor":12,"key":"Vajra"},{"floor":19,"key":"Necronomicon"},{"floor":25,"key":"Juzu Bracelet"},{"floor":26,"key":"Blood Vial"},{"floor":30,"key":"Dream Catcher"}],"event_choices":[{"damage_healed":0,"gold_gain":0,"player_choice":"Obtained Book","damage_taken":16,"max_hp_gain":0,"max_hp_loss":0,"event_name":"Cursed Tome","floor":19,"gold_loss":0},{"damage_healed":0,"gold_gain":0,"player_choice":"Simplicity","damage_taken":0,"max_hp_gain":0,"max_hp_loss":0,"event_name":"Back to Basics","floor":24,"gold_loss":0,"cards_upgraded":["Defend_G","Defend_G","Defend_G","Defend_G","Defend_G","Strike_G","Strike_G","Strike_G","Strike_G"]},{"damage_healed":0,"gold_gain":0,"player_choice":"Ignored","damage_taken":0,"max_hp_gain":0,"max_hp_loss":0,"event_name":"Ghosts","floor":27,"gold_loss":0},{"damage_healed":0,"gold_gain":0,"player_choice":"Fight","damage_taken":0,"max_hp_gain":0,"max_hp_loss":0,"event_name":"Mysterious Sphere","floor":36,"gold_loss":0}],"is_beta":false,"boss_relics":[{"not_picked":["Ectoplasm","Snecko Eye"],"picked":"Sozu"},{"not_picked":["Pandora\u0027s Box","Coffee Dripper"],"picked":"Black Star"}],"items_purged_floors":[22],"is_endless":false,"potions_floor_spawned":[7,10,13,14,16,21,29,33],"killed_by":"2 Orb Walkers","ascension_level":5}