{"gold_per_floor":[119,137,137,147,72,72,91,118,118,146,146,27,50,80,80,180,180,197,197,211,230,243,269,269,296,296,296,296,310,338,12,12,114,114,126,126,473,473,493,493,523,9,81,100,125,125,125,139,139,139],"floor_reached":51,"playtime":4173,"items_purged":["Strike_B","Recycle+1","Scrape"],"score":793,"play_id":"4c1f4393-9c26-463d-a353-d1d537501d3c","local_time":"20180704011802","is_ascension_mode":true,"campfire_choices":[{"data":"Zap","floor":6,"key":"SMITH"},{"floor":11,"key":"REST"},{"data":"FTL","floor":15,"key":"SMITH"},{"data":"Storm","floor":24,"key":"SMITH"},{"data":"Storm","floor":27,"key":"SMITH"},{"floor":32,"key":"REST"},{"data":"Creative AI","floor":40,"key":"SMITH"},{"data":"Amplify","floor":46,"key":"SMITH"},{"floor":49,"key":"REST"}],"neow_cost":"FIFTY_PERCENT_DAMAGE","seed_source_timestamp":580939655367823,"circlet_count":0,"master_deck":["Defend_B+1","Defend_B+1","Defend_B+1","Zap+1","Undo+1","Barrage+1","Go for the Eyes+1","Go for the Eyes+1","Go for the Eyes+1","Storm+1","FTL+1","Electrodynamics+1","Machine Learning+1","Storm+1","Static Discharge+1","Auto Shields+1","Thunder Strike+1","Loop+1","Hologram+1","Capacitor+1","Creative AI+1","White Noise+1","Hologram+1","Madness+1","Madness+1","Heatsinks+1","Consume+1","Amplify+1","Capacitor+1","Flash of Steel+1","Conserve Battery+1","Defragment+1"],"relics":["Cracked Core","Gambling Chip","Vajra","Mummified Hand","Bird Faced Urn","Omamori","Oddly Smooth Stone","Astrolabe","Pen Nib","Blood Vial","Kunai","Symbiotic Virus","Potion Belt","Empty Cage","Old Coin","Ancient Tea Set","Bag of Preparation","Cables","Bottled Lightning","Mark of the Bloom"],"potions_floor_usage":[10,10,14,16,33,50],"damage_taken":[{"damage":0,"enemies":"2 Louse","floor":1,"turns":3},{"damage":0,"enemies":"Cultist","floor":2,"turns":4},{"damage":0,"enemies":"Small Slimes","floor":4,"turns":3},{"damage":1,"enemies":"Exordium Thugs","floor":7,"turns":4},{"damage":3,"enemies":"Lagavulin","floor":8,"turns":6},{"damage":3,"enemies":"3 Sentries","floor":10,"turns":3},{"damage":3,"enemies":"Lagavulin","floor":14,"turns":4},{"damage":10,"enemies":"Slime Boss","floor":16,"turns":9},{"damage":17,"enemies":"2 Thieves","floor":18,"turns":2},{"damage":10,"enemies":"Chosen","floor":20,"turns":3},{"damage":5,"enemies":"Snake Plant","floor":21,"turns":3},{"damage":10,"enemies":"Slaver and Parasite","floor":22,"turns":4},{"damage":25,"enemies":"Book of Stabbing","floor":23,"turns":4},{"damage":19,"enemies":"Slavers","floor":25,"turns":3},{"damage":8,"enemies":"Centurion and Healer","floor":29,"turns":2},{"damage":13,"enemies":"Gremlin Leader","floor":30,"turns":3},{"damage":17,"enemies":"Champ","floor":33,"turns":8},{"damage":0,"enemies":"Orb Walker","floor":35,"turns":3},{"damage":12,"floor":37,"turns":2},{"damage":1,"enemies":"3 Shapes","floor":39,"turns":3},{"damage":6,"enemies":"Nemesis","floor":41,"turns":3},{"damage":0,"enemies":"Sphere and 2 Shapes","floor":44,"turns":1},{"damage":22,"enemies":"2 Orb Walkers","floor":45,"turns":4},{"damage":0,"enemies":"Maw","floor":48,"turns":1},{"damage":37,"enemies":"Time Eater","floor":50,"turns":4}],"seed_played":"228412032167400665","potions_obtained":[{"floor":1,"key":"Energy Potion"},{"floor":2,"key":"Fire Potion"},{"floor":7,"key":"Explosive Potion"},{"floor":10,"key":"FocusPotion"},{"floor":25,"key":"SteroidPotion"},{"floor":29,"key":"Block Potion"},{"floor":30,"key":"Energy Potion"},{"floor":33,"key":"EssenceOfSteel"},{"floor":35,"key":"Fire Potion"},{"floor":37,"key":"PowerPotion"},{"floor":48,"key":"Regen Potion"}],"is_trial":false,"path_per_floor":["M","M","?","M","$","R","M","E","T","E","R","$","T","E","R","B",null,"M","?","M","M","M","E","R","E","T","R","?","M","E","$","R","B",null,"M","?","?","?","M","R","E","$","T","M","E","R","?","M","R","B"],"character_chosen":"DEFECT","items_purchased":["Storm","FTL","Capacitor","Potion Belt","Amplify","Capacitor","Bag of Preparation","Flash of Steel"],"campfire_rested":3,"item_purchase_floors":[12,12,31,31,42,42,42,42],"current_hp_per_floor":[38,38,38,38,38,38,37,34,34,31,53,53,53,52,52,44,75,60,60,56,59,59,44,44,35,35,35,21,25,24,24,48,47,80,80,80,78,68,80,80,80,80,80,80,64,64,64,64,64,27],"gold":139,"neow_bonus":"ONE_RARE_RELIC","is_prod":false,"is_daily":false,"chose_seed":false,"campfire_upgraded":6,"win_rate":0,"timestamp":1530631082,"path_taken":["M","M","?","M","$","R","M","E","T","E","R","$","?","E","R","BOSS","M","?","M","M","?","E","R","E","T","R","?","M","E","$","R","BOSS","M","?","?","?","M","R","E","$","T","M","E","R","?","M","R","BOSS"],"build_version":"2018-06-28","purchased_purges":3,"victory":true,"max_hp_per_floor":[75,75,75,75,75,75,75,75,75,75,75,75,75,75,75,75,75,75,75,75,75,75,75,75,75,75,75,80,80,80,80,80,80,80,80,80,80,80,80,80,80,80,80,80,80,80,80,80,80,80],"card_choices":[{"not_picked":["Darkness","Heatsinks"],"picked":"Undo","floor":1},{"not_picked":["Lockon","Auto Shields"],"picked":"Barrage","floor":2},{"not_picked":["Sweeping Beam","Steam"],"picked":"Go for the Eyes","floor":4},{"not_picked":["Beam Cell","Rebound"],"picked":"Go for the Eyes","floor":7},{"not_picked":["Doom and Gloom","Recycle"],"picked":"Scrape","floor":8},{"not_picked":["Ball Lightning","Reinforced Body"],"picked":"Go for the Eyes","floor":10},{"not_picked":["Seek","Melter","Reinforced Body"],"picked":"SKIP","floor":14},{"not_picked":["Echo Form","Biased Cognition"],"picked":"Electrodynamics","floor":16},{"not_picked":["Go for the Eyes","Tempest","Coolheaded"],"picked":"SKIP","floor":18},{"not_picked":["Leap","Double Energy"],"picked":"Storm","floor":20},{"not_picked":["Gash","Conserve Battery"],"picked":"Static Discharge","floor":21},{"not_picked":["Cold Snap","Double Energy"],"picked":"Auto Shields","floor":22},{"not_picked":["Streamline+1","Turbo"],"picked":"Thunder Strike","floor":23},{"not_picked":["Streamline","Cold Snap"],"picked":"Loop","floor":25},{"not_picked":["Aggregate","Ball Lightning"],"picked":"Sunder+1","floor":29},{"not_picked":["Steam","Cold Snap"],"picked":"Hologram+1","floor":30},{"not_picked":["Echo Form","Thunder Strike"],"picked":"Creative AI","floor":33},{"not_picked":["Hologram+1","Turbo"],"picked":"White Noise+1","floor":35},{"not_picked":["Reinforced Body","Redo"],"picked":"Hologram+1","floor":37},{"not_picked":["Double Energy+1","Rip and Tear+1"],"picked":"Heatsinks","floor":39},{"not_picked":["Melter+1","Hologram"],"picked":"Consume","floor":41},{"not_picked":["Sunder+1","Scrape","Chaos+1"],"picked":"SKIP","floor":44},{"not_picked":["FTL","Turbo+1"],"picked":"Conserve Battery","floor":45},{"not_picked":["Self Repair+1","Static Discharge"],"picked":"Defragment+1","floor":48}],"player_experience":482336,"relics_obtained":[{"floor":8,"key":"Vajra"},{"floor":9,"key":"Mummified Hand"},{"floor":10,"key":"Bird Faced Urn"},{"floor":13,"key":"Omamori"},{"floor":14,"key":"Oddly Smooth Stone"},{"floor":23,"key":"Pen Nib"},{"floor":25,"key":"Blood Vial"},{"floor":26,"key":"Kunai"},{"floor":30,"key":"Symbiotic Virus"},{"floor":37,"key":"Old Coin"},{"floor":41,"key":"Ancient Tea Set"},{"floor":43,"key":"Cables"},{"floor":45,"key":"Bottled Lightning"}],"event_choices":[{"event_name":"Bonfire Elementals","player_choice":"BASIC","floor":3,"damage_taken":0},{"event_name":"Ghosts","player_choice":"Ignored","floor":19,"damage_taken":0},{"event_name":"Forgotten Altar","player_choice":"Shed Blood","floor":28,"damage_taken":0},{"event_name":"Purifier","player_choice":"One Purge","floor":36,"damage_taken":0},{"event_name":"Mysterious Sphere","player_choice":"Fight","floor":37,"damage_taken":0},{"event_name":"Winding Halls","player_choice":"Embrace Madness","floor":38,"damage_taken":0},{"event_name":"MindBloom","player_choice":"Upgrade","floor":47,"damage_taken":0}],"boss_relics":[{"not_picked":["Ectoplasm","Orrery"],"picked":"Astrolabe"},{"not_picked":["Lizard Tail","Coffee Dripper"],"picked":"Empty Cage"}],"items_purged_floors":[5,31,42],"is_endless":false,"potions_floor_spawned":[1,2,7,10,25,29,30,33,35,37,48],"ascension_level":1}