{"gold_per_floor":[114,39,39,39,114,144,144,159,159,159,169,180,194,225,225,325,325,345,317,328,341,4,4,34,49,49,49,49,68,68,78,78,178,178,191,7,23,0,16,16,43,62,62,94,105,105,105,120,120,120],"floor_reached":51,"playtime":6831,"items_purged":["Strike_G","Normality"],"score":766,"play_id":"030c1b3e-efc9-4904-ad78-fee45e1cadf0","local_time":"20181031193159","is_ascension_mode":false,"campfire_choices":[{"data":"Neutralize","floor":7,"key":"SMITH"},{"data":"Cloak And Dagger","floor":15,"key":"SMITH"},{"data":"Cloak And Dagger","floor":28,"key":"SMITH"},{"data":"Leg Sweep","floor":30,"key":"SMITH"},{"data":"Acrobatics","floor":32,"key":"SMITH"},{"data":"Reflex","floor":40,"key":"SMITH"},{"floor":49,"key":"REST"}],"neow_cost":"NONE","seed_source_timestamp":562859685879108,"circlet_count":0,"master_deck":["Defend_G","Defend_G","Defend_G","Defend_G","Defend_G","Strike_G","Strike_G","Strike_G","Strike_G","Survivor","Neutralize+1","Cloak And Dagger+1","Regret","Caltrops","Leg Sweep+1","Backstab","Sucker Punch","Backstab","Malaise","Cloak And Dagger+1","Panache","Malaise","Doubt","Backstab+1","Acrobatics+1","Tools of the Trade","Acrobatics+1","Reflex+1","Finisher","Well Laid Plans+1","Regret","Backflip+1","Backflip+1"],"relics":["Ring of the Snake","NeowsBlessing","Ninja Scroll","Pantograph","Kunai","Regal Pillow","Cursed Key","PreservedInsect","Dodecahedron","Gremlin Horn","Shuriken","Lizard Tail","Red Mask","Anchor","Sundial","Orichalcum"],"potions_floor_usage":[14,14,16,21,24,33,33,41,50,50,50],"damage_taken":[{"damage":0,"enemies":"Jaw Worm","floor":1,"turns":1},{"damage":0,"enemies":"Lagavulin","floor":6,"turns":1},{"damage":0,"enemies":"Small Slimes","floor":8,"turns":1},{"damage":5,"enemies":"2 Louse","floor":11,"turns":3},{"damage":0,"enemies":"Gremlin Gang","floor":12,"turns":3},{"damage":0,"enemies":"Exordium Thugs","floor":13,"turns":5},{"damage":5,"enemies":"3 Sentries","floor":14,"turns":10},{"damage":12,"enemies":"Hexaghost","floor":16,"turns":15},{"damage":8,"enemies":"Shell Parasite","floor":18,"turns":6},{"damage":12,"enemies":"2 Thieves","floor":19,"turns":5},{"damage":2,"enemies":"Snake Plant","floor":20,"turns":6},{"damage":2,"enemies":"Centurion and Healer","floor":21,"turns":14},{"damage":0,"enemies":"Slavers","floor":24,"turns":4},{"damage":1,"enemies":"3 Cultists","floor":25,"turns":3},{"damage":2,"enemies":"Sentry and Sphere","floor":29,"turns":6},{"damage":1,"enemies":"Snake Plant","floor":31,"turns":8},{"damage":28,"enemies":"Champ","floor":33,"turns":13},{"damage":0,"enemies":"3 Shapes","floor":35,"turns":4},{"damage":8,"enemies":"3 Darklings","floor":37,"turns":5},{"damage":16,"enemies":"Maw","floor":39,"turns":8},{"damage":6,"enemies":"Nemesis","floor":41,"turns":5},{"damage":0,"enemies":"Sphere and 2 Shapes","floor":42,"turns":4},{"damage":2,"enemies":"Reptomancer","floor":44,"turns":3},{"damage":19,"enemies":"4 Shapes","floor":45,"turns":5},{"damage":0,"enemies":"Jaw Worm Horde","floor":48,"turns":3},{"damage":21,"enemies":"Donu and Deca","floor":50,"turns":10}],"seed_played":"-7457608555207023168","potions_obtained":[{"floor":6,"key":"SpeedPotion"},{"floor":8,"key":"GamblersBrew"},{"floor":14,"key":"AttackPotion"},{"floor":19,"key":"GamblersBrew"},{"floor":21,"key":"Explosive Potion"},{"floor":24,"key":"FearPotion"},{"floor":29,"key":"Weak Potion"},{"floor":39,"key":"GamblersBrew"},{"floor":41,"key":"Ancient Potion"},{"floor":42,"key":"Energy Potion"}],"is_trial":false,"path_per_floor":["M","$","?","?","?","E","R","M","T","?","M","M","M","E","R","B",null,"M","M","M","M","$","?","E","M","T","T","R","M","R","M","R","B",null,"M","$","M","?","M","R","E","M","T","E","M","?","?","M","R","B",null],"character_chosen":"THE_SILENT","items_purchased":["PreservedInsect","Panache","Dexterity Potion","Reflex"],"campfire_rested":1,"item_purchase_floors":[22,22,36,36],"current_hp_per_floor":[70,70,70,70,59,59,59,59,59,59,54,54,54,49,49,58,70,62,50,48,46,46,46,46,45,45,45,45,43,43,42,42,39,70,70,70,62,62,46,46,40,40,40,38,19,19,19,19,55,49],"gold":120,"neow_bonus":"THREE_ENEMY_KILL","is_prod":false,"is_daily":false,"chose_seed":false,"campfire_upgraded":6,"win_rate":0,"timestamp":1541039519,"path_taken":["M","$","?","?","?","E","R","M","T","?","M","?","M","E","R","BOSS","M","M","M","M","$","?","E","M","T","?","R","M","R","M","R","BOSS","M","$","M","?","M","R","E","M","T","E","M","?","?","M","R","BOSS"],"build_version":"2018-10-30","purchased_purges":2,"victory":true,"max_hp_per_floor":[70,70,70,70,70,70,70,70,70,70,70,70,70,70,70,70,70,70,70,70,70,70,70,70,70,70,70,70,70,70,70,70,70,70,70,70,70,70,70,70,70,70,70,70,70,70,70,70,70,70],"card_choices":[{"not_picked":["Sucker Punch","Bane"],"picked":"Cloak And Dagger","floor":1},{"not_picked":["PiercingWail","Dagger Throw"],"picked":"Caltrops","floor":6},{"not_picked":["Concentrate","Well Laid Plans"],"picked":"Leg Sweep","floor":8},{"not_picked":["Calculated Gamble","Expertise"],"picked":"Backstab","floor":11},{"not_picked":["Prepared","Deadly Poison","All Out Attack"],"picked":"SKIP","floor":12},{"not_picked":["Deflect","Caltrops"],"picked":"Sucker Punch","floor":13},{"not_picked":["PiercingWail","Slice"],"picked":"Backstab","floor":14},{"not_picked":["Bullet Time","Wraith Form v2"],"picked":"Malaise","floor":16},{"not_picked":["Concentrate+1","Flying Knee","Riddle With Holes+1"],"picked":"SKIP","floor":18},{"not_picked":["Bane","Deadly Poison"],"picked":"Cloak And Dagger","floor":19},{"not_picked":["Choke","Noxious Fumes","Blade Dance"],"picked":"SKIP","floor":20},{"not_picked":["Flechettes","Catalyst+1","Riddle With Holes+1"],"picked":"SKIP","floor":21},{"not_picked":["Dagger Throw","Prepared"],"picked":"Malaise","floor":24},{"not_picked":["Slice+1","Tactician+1","Heel Hook"],"picked":"SKIP","floor":25},{"not_picked":["PiercingWail","Poisoned Stab"],"picked":"Backstab+1","floor":29},{"not_picked":["Noxious Fumes+1","Underhanded Strike"],"picked":"Acrobatics","floor":31},{"not_picked":["Wraith Form v2","Doppelganger"],"picked":"Tools of the Trade","floor":33},{"not_picked":["Outmaneuver","Bane+1"],"picked":"Acrobatics+1","floor":35},{"not_picked":["Poisoned Stab+1","Eviscerate+1"],"picked":"Finisher","floor":37},{"not_picked":["Bouncing Flask","Catalyst","Setup+1"],"picked":"SKIP","floor":39},{"not_picked":["Bullet Time","Poisoned Stab+1","Dodge and Roll+1"],"picked":"SKIP","floor":41},{"not_picked":["Backflip+1","Blade Dance"],"picked":"Well Laid Plans+1","floor":42},{"not_picked":["Setup+1","Dagger Throw+1"],"picked":"Backflip+1","floor":44},{"not_picked":["Dagger Spray","Skewer+1"],"picked":"Backflip+1","floor":45},{"not_picked":["Quick Slash","Underhanded Strike+1","Crippling Poison"],"picked":"SKIP","floor":48}],"player_experience":902724,"relics_obtained":[{"floor":6,"key":"Pantograph"},{"floor":9,"key":"Kunai"},{"floor":14,"key":"Regal Pillow"},{"floor":24,"key":"Dodecahedron"},{"floor":26,"key":"Gremlin Horn"},{"floor":27,"key":"Shuriken"},{"floor":41,"key":"Anchor"},{"floor":43,"key":"Sundial"},{"floor":44,"key":"Orichalcum"}],"event_choices":[{"damage_healed":0,"gold_gain":0,"player_choice":"Ignored","damage_taken":0,"max_hp_gain":0,"max_hp_loss":0,"event_name":"Liars Game","floor":3,"gold_loss":0},{"damage_healed":0,"gold_gain":0,"player_choice":"Box","damage_taken":0,"relics_obtained":["Ninja Scroll"],"max_hp_gain":0,"max_hp_loss":0,"event_name":"Big Fish","floor":4,"gold_loss":0,"cards_obtained":["Regret"]},{"damage_healed":0,"gold_gain":75,"player_choice":"Gather Gold","damage_taken":11,"max_hp_gain":0,"max_hp_loss":0,"event_name":"World of Goop","floor":5,"gold_loss":0},{"damage_healed":0,"gold_gain":0,"player_choice":"1 cards matched","damage_taken":0,"max_hp_gain":0,"max_hp_loss":0,"event_name":"Match and Keep!","floor":10,"gold_loss":0,"cards_obtained":["Escape Plan"]},{"damage_healed":0,"gold_gain":0,"player_choice":"Ignored","damage_taken":0,"max_hp_gain":0,"max_hp_loss":0,"event_name":"Ghosts","floor":23,"gold_loss":0},{"damage_healed":0,"gold_gain":0,"player_choice":"Paid","damage_taken":0,"relics_obtained":["Red Mask"],"max_hp_gain":0,"max_hp_loss":0,"event_name":"Tomb of Lord Red Mask","floor":38,"gold_loss":23},{"damage_healed":0,"gold_gain":0,"player_choice":"Ignored","damage_taken":0,"max_hp_gain":0,"max_hp_loss":0,"event_name":"Mysterious Sphere","floor":46,"gold_loss":0},{"cards_removed":["Escape Plan"],"damage_healed":0,"gold_gain":0,"player_choice":"Removed Skill","damage_taken":0,"max_hp_gain":0,"max_hp_loss":0,"event_name":"Falling","floor":47,"gold_loss":0}],"is_beta":true,"boss_relics":[{"not_picked":["Busted Crown","Coffee Dripper"],"picked":"Cursed Key"},{"not_picked":["HoveringKite","Fusion Hammer"],"picked":"Lizard Tail"}],"items_purged_floors":[2,36],"is_endless":false,"potions_floor_spawned":[6,8,14,19,21,24,29,39,41,42],"ascension_level":0}