{"gold_per_floor":[115,126,143,158,158,158,189,189,213,159,179,56,89,105,105,226,226,250,268,185,199,124,124,167,190,261,261,277,290,290,310,310,310],"floor_reached":33,"playtime":3260,"items_purged":["Strike_R"],"score":450,"play_id":"bae98269-1ec5-4442-9691-8a69be4b4e28","local_time":"20180926151935","is_ascension_mode":true,"campfire_choices":[{"data":"Pummel","floor":6,"key":"SMITH"},{"floor":8,"key":"REST"},{"floor":15,"key":"REST"},{"data":"True Grit","floor":23,"key":"SMITH"},{"data":"Whirlwind","floor":27,"key":"SMITH"},{"floor":32,"key":"REST"}],"neow_cost":"NONE","seed_source_timestamp":1061861647274938,"circlet_count":0,"master_deck":["Bash","AscendersBane","Pummel+1","Shrug It Off","Battle Trance","Reaper","Shrug It Off","Carnage","Armaments","True Grit","Reaper","Feel No Pain","Spot Weakness","Anger","Perfected Strike","Power Through","Uppercut","Carnage","Fire Breathing","Shockwave","Shockwave","True Grit+1","Shockwave","Infernal Blade","Whirlwind+1"],"relics":["Burning Blood","Pen Nib","Golden Idol","Bronze Scales","Oddly Smooth Stone","Vajra","Pandora\u0027s Box","Anchor","Self Forming Clay","MutagenicStrength"],"potions_floor_usage":[16],"damage_taken":[{"damage":6,"enemies":"Cultist","floor":1,"turns":3},{"damage":6,"enemies":"2 Louse","floor":2,"turns":4},{"damage":2,"enemies":"Small Slimes","floor":3,"turns":3},{"damage":25,"enemies":"Exordium Thugs","floor":4,"turns":6},{"damage":32,"enemies":"Gremlin Nob","floor":7,"turns":4},{"damage":4,"enemies":"Exordium Wildlife","floor":11,"turns":4},{"damage":33,"enemies":"Lagavulin","floor":13,"turns":8},{"damage":19,"enemies":"Lots of Slimes","floor":14,"turns":4},{"damage":57,"enemies":"Slime Boss","floor":16,"turns":13},{"damage":18,"enemies":"3 Byrds","floor":18,"turns":4},{"damage":8,"enemies":"Spheric Guardian","floor":19,"turns":3},{"damage":30,"enemies":"Centurion and Healer","floor":21,"turns":7},{"damage":56,"enemies":"Gremlin Leader","floor":24,"turns":8},{"damage":7,"enemies":"Snecko","floor":25,"turns":3},{"damage":15,"enemies":"3 Cultists","floor":28,"turns":5},{"damage":3,"enemies":"Centurion and Healer","floor":29,"turns":3},{"damage":18,"enemies":"Snake Plant","floor":31,"turns":4},{"damage":110,"enemies":"Automaton","floor":33,"turns":10}],"seed_played":"-3073286227694692373","potions_obtained":[{"floor":3,"key":"Fire Potion"},{"floor":7,"key":"SpeedPotion"},{"floor":13,"key":"FairyPotion"},{"floor":24,"key":"Ancient Potion"}],"is_trial":false,"path_per_floor":["M","M","M","M","?","R","E","R","T","$","M","$","E","M","R","B",null,"M","M","$","M","$","R","E","M","T","R","M","M","?","M","R"],"character_chosen":"IRONCLAD","items_purchased":["Shrug It Off","Armaments","Shockwave","True Grit","Infernal Blade"],"campfire_rested":3,"item_purchase_floors":[10,12,20,20,22],"current_hp_per_floor":[72,72,76,57,57,57,31,53,53,53,59,59,32,44,66,26,62,64,62,62,74,74,74,41,40,40,40,31,34,34,27,49,0],"gold":310,"neow_bonus":"RANDOM_COMMON_RELIC","is_prod":false,"is_daily":false,"chose_seed":false,"campfire_upgraded":3,"win_rate":0,"timestamp":1538000375,"path_taken":["M","M","?","M","?","R","E","R","T","?","M","$","E","M","R","BOSS","M","?","$","M","?","R","E","M","T","R","M","M","?","M","R","BOSS"],"build_version":"2018-09-20","purchased_purges":1,"victory":false,"max_hp_per_floor":[80,80,80,80,74,74,74,74,74,74,74,74,74,74,74,74,74,74,74,74,74,74,74,74,74,74,74,74,74,74,74,74,74],"card_choices":[{"not_picked":["Wild Strike","Anger"],"picked":"Pummel","floor":1},{"not_picked":["Heavy Blade","Thunderclap"],"picked":"Shrug It Off","floor":2},{"not_picked":["Carnage","Metallicize"],"picked":"Battle Trance","floor":3},{"not_picked":["Flex","Dual Wield","Sever Soul"],"picked":"SKIP","floor":4},{"not_picked":["Clash","Thunderclap"],"picked":"Reaper","floor":7},{"not_picked":["Cleave","Rupture"],"picked":"Carnage","floor":11},{"not_picked":["Headbutt","Thunderclap","Cleave"],"picked":"SKIP","floor":13},{"not_picked":["Clothesline","Sentinel"],"picked":"True Grit","floor":14},{"not_picked":["Fiend Fire","Offering"],"picked":"Reaper","floor":16},{"not_picked":["Anger","Fire Breathing"],"picked":"Shockwave","floor":18},{"not_picked":["Thunderclap","Entrench","Rampage"],"picked":"SKIP","floor":19},{"not_picked":["Seeing Red","Sword Boomerang+1"],"picked":"Shockwave","floor":21},{"not_picked":["Bloodletting","Pummel"],"picked":"Whirlwind","floor":24},{"not_picked":["Whirlwind","Thunderclap","Blood for Blood"],"picked":"SKIP","floor":25},{"not_picked":["Wild Strike","Armaments","Headbutt"],"picked":"SKIP","floor":28},{"not_picked":["Anger","Wild Strike+1","Headbutt"],"picked":"SKIP","floor":29},{"not_picked":["Heavy Blade","Seeing Red","Clothesline"],"picked":"SKIP","floor":31}],"player_experience":1095527,"relics_obtained":[{"floor":7,"key":"Bronze Scales"},{"floor":9,"key":"Oddly Smooth Stone"},{"floor":13,"key":"Vajra"},{"floor":24,"key":"Anchor"},{"floor":26,"key":"Self Forming Clay"}],"event_choices":[{"event_name":"Golden Idol","player_choice":"Lose Max HP","floor":5,"damage_taken":0},{"event_name":"Drug Dealer","player_choice":"Inject Mutagens","floor":30,"damage_taken":0}],"is_beta":false,"boss_relics":[{"not_picked":["Ectoplasm","Sozu"],"picked":"Pandora\u0027s Box"}],"items_purged_floors":[12],"is_endless":false,"potions_floor_spawned":[3,7,11,13,24,29],"killed_by":"Automaton","ascension_level":12}