{"gold_per_floor":[116,116,38,51,51,85,97,97,170,170,205,217,217,74,74,147,147,158,158,173,192,192,256,256,38,38,38,72,90,35,47,47,119,119,135,61,77,96,110,110,144,144,170,170,0,11,23,35,35,35],"floor_reached":51,"playtime":4614,"items_purged":[],"score":1309,"play_id":"c560dc53-b4ae-4413-883d-f0e2695b4b3d","local_time":"20181115123840","is_ascension_mode":true,"campfire_choices":[{"data":"Loop","floor":8.0,"key":"SMITH"},{"data":"Biased Cognition","floor":10.0,"key":"SMITH"},{"data":"Defragment","floor":15.0,"key":"SMITH"},{"floor":24.0,"key":"REST"},{"floor":32.0,"key":"REST"},{"floor":40.0,"key":"REST"},{"data":"Defragment","floor":42,"key":"SMITH"},{"floor":44,"key":"REST"},{"data":"Go for the Eyes","floor":49,"key":"SMITH"}],"neow_cost":"NONE","seed_source_timestamp":0,"circlet_count":0,"master_deck":["AscendersBane","Defend_B","Defend_B","Defend_B","Zap","Dualcast","Conserve Battery","Biased Cognition+1","Sweeping Beam","Coolheaded","Loop+1","Genetic Algorithm+1","Coolheaded+1","Defragment+1","Go for the Eyes+1","Amplify+1","Steam+1","RitualDagger","Stack+1","Ball Lightning","Chaos+1","Defragment+1","Conserve Battery+1","Tempest+1","Double Energy+1","Echo Form","Hologram+1","Skim+1","Turbo+1"],"special_seed":0,"relics":["Cracked Core","NeowsBlessing","Dream Catcher","Toxic Egg 2","Darkstone Periapt","Bag of Marbles","Empty Cage","Tiny Chest","ClockworkSouvenir","Mercury Hourglass","Ice Cream","Busted Crown","Ornamental Fan","Happy Flower","Red Mask"],"potions_floor_usage":[50],"damage_taken":[{"damage":0.0,"enemies":"Cultist","floor":1.0,"turns":1.0},{"damage":0.0,"enemies":"Small Slimes","floor":4.0,"turns":1.0},{"damage":0.0,"enemies":"Gremlin Nob","floor":6.0,"turns":1.0},{"damage":2.0,"enemies":"Jaw Worm","floor":7.0,"turns":3.0},{"damage":3.0,"enemies":"Lagavulin","floor":11.0,"turns":4.0},{"damage":0.0,"enemies":"Blue Slaver","floor":12.0,"turns":4.0},{"damage":5.0,"enemies":"The Guardian","floor":16.0,"turns":10.0},{"damage":11.0,"enemies":"Spheric Guardian","floor":18.0,"turns":5.0},{"damage":1.0,"enemies":"Chosen","floor":20.0,"turns":4.0},{"damage":20.0,"enemies":"Shelled Parasite and Fungi","floor":21.0,"turns":7.0},{"damage":9.0,"enemies":"Book of Stabbing","floor":23.0,"turns":6.0},{"damage":31.0,"enemies":"Slavers","floor":28.0,"turns":4.0},{"damage":0.0,"enemies":"3 Cultists","floor":29.0,"turns":4.0},{"damage":7.0,"enemies":"Cultist and Chosen","floor":31.0,"turns":6.0},{"damage":1.0,"enemies":"Champ","floor":33.0,"turns":9.0},{"damage":37.0,"enemies":"3 Darklings","floor":35.0,"turns":7.0},{"damage":5.0,"enemies":"Orb Walker","floor":37.0,"turns":4.0},{"damage":0.0,"enemies":"4 Shapes","floor":38.0,"turns":3.0},{"damage":0.0,"enemies":"Jaw Worm Horde","floor":39.0,"turns":3.0},{"damage":0,"enemies":"Giant Head","floor":41,"turns":6},{"damage":0,"enemies":"Spire Growth","floor":46,"turns":7},{"damage":0,"enemies":"Transient","floor":47,"turns":5},{"damage":0,"enemies":"Maw","floor":48,"turns":5},{"damage":18,"enemies":"Time Eater","floor":50,"turns":6}],"seed_played":"8518266623762066875","potions_obtained":[{"floor":4.0,"key":"SneckoOil"},{"floor":7.0,"key":"Dexterity Potion"},{"floor":12.0,"key":"EssenceOfSteel"},{"floor":18.0,"key":"FocusPotion"},{"floor":20.0,"key":"FocusPotion"},{"floor":31.0,"key":"FocusPotion"},{"floor":33.0,"key":"Dexterity Potion"}],"is_trial":false,"path_per_floor":["M","?","$","M","?","E","M","R","T","R","E","M","?","$","R","B",null,"M","?","M","M","?","E","R","$","T","?","E","M","$","M","R","B",null,"M","$","M","M","M","R","E","R","T","R","?","M","M","M","R","B",null],"character_chosen":"DEFECT","items_purchased":["Biased Cognition","Defragment","Go for the Eyes","ClockworkSouvenir","Fire Potion","Skim+1"],"campfire_rested":4,"item_purchase_floors":[3,14,14,25,30,36],"current_hp_per_floor":[64,64,64,64,57,57,55,55,55,55,52,52,52,52,52,47,65,54,48,47,27,27,18,39,39,39,39,8,8,8,1,22,21,59,22,22,17,17,17,38,38,38,38,59,59,59,59,59,59,41],"gold":35,"neow_bonus":"THREE_ENEMY_KILL","is_prod":false,"is_daily":false,"chose_seed":false,"campfire_upgraded":5,"win_rate":0,"timestamp":1542314320,"path_taken":["M","?","$","?","?","E","M","R","T","R","E","M","?","$","R","BOSS","M","?","M","M","?","E","R","?","T","?","E","M","$","M","R","BOSS","M","$","M","M","M","R","E","R","T","R","?","M","M","M","R","BOSS"],"build_version":"2018-11-08","purchased_purges":0,"victory":true,"max_hp_per_floor":[71,71,71,71,71,71,71,71,71,71,71,71,71,71,71,71,71,71,71,71,71,71,71,71,71,71,71,71,71,71,71,71,71,71,71,71,71,71,71,71,71,71,71,71,71,71,71,71,71,71],"card_choices":[{"not_picked":["Turbo","Reinforced Body"],"picked":"Conserve Battery","floor":1.0},{"not_picked":["Storm","Force Field"],"picked":"Sweeping Beam","floor":4.0},{"not_picked":["BootSequence","Skim"],"picked":"Coolheaded","floor":6.0},{"not_picked":["Beam Cell","Stack"],"picked":"Loop","floor":7.0},{"not_picked":["Gash","Thunder Strike"],"picked":"Genetic Algorithm+1","floor":11.0},{"not_picked":["Leap+1","Stack+1"],"picked":"Coolheaded+1","floor":12.0},{"not_picked":["Biased Cognition","Meteor Strike"],"picked":"Amplify+1","floor":16.0},{"not_picked":["Turbo+1","Blizzard"],"picked":"Steam+1","floor":18.0},{"not_picked":["Go for the Eyes","Redo+1"],"picked":"Stack+1","floor":20.0},{"not_picked":["Conserve Battery+1","Machine Learning"],"picked":"Ball Lightning","floor":21.0},{"not_picked":["Melter","Barrage","Skim+1"],"picked":"SKIP","floor":23.0},{"not_picked":["Turbo+1","Gash"],"picked":"Chaos+1","floor":24.0},{"not_picked":["Rebound","Reinforced Body+1"],"picked":"Defragment","floor":28.0},{"not_picked":["Buffer","Double Energy+1"],"picked":"Conserve Battery+1","floor":29.0},{"not_picked":["Aggregate+1","Steam+1"],"picked":"Tempest+1","floor":31.0},{"not_picked":["Cold Snap","Sweeping Beam"],"picked":"Double Energy+1","floor":32.0},{"not_picked":["Buffer","Biased Cognition"],"picked":"Echo Form","floor":33.0},{"not_picked":[],"picked":"Hologram+1","floor":35.0},{"not_picked":["Chaos+1"],"picked":"SKIP","floor":37.0},{"not_picked":["Reprogram+1"],"picked":"SKIP","floor":38.0},{"not_picked":["Skim+1"],"picked":"SKIP","floor":39.0},{"not_picked":["Rainbow+1"],"picked":"SKIP","floor":41},{"not_picked":["Stack+1"],"picked":"SKIP","floor":46},{"not_picked":["Redo+1"],"picked":"SKIP","floor":47},{"not_picked":[],"picked":"Turbo+1","floor":48}],"player_experience":1295446,"relics_obtained":[{"floor":6.0,"key":"Dream Catcher"},{"floor":9.0,"key":"Toxic Egg 2"},{"floor":11.0,"key":"Darkstone Periapt"},{"floor":23.0,"key":"Tiny Chest"},{"floor":26.0,"key":"Mercury Hourglass"},{"floor":28.0,"key":"Ice Cream"},{"floor":41,"key":"Ornamental Fan"},{"floor":43,"key":"Happy Flower"}],"event_choices":[{"cards_removed":["Defend_B"],"damage_healed":0.0,"max_hp_gain":0.0,"max_hp_loss":0.0,"gold_gain":0.0,"event_name":"Bonfire Elementals","player_choice":"Offered Basic","floor":2.0,"gold_loss":0.0,"damage_taken":0.0},{"cards_removed":["Strike_B"],"damage_healed":0.0,"max_hp_gain":0.0,"max_hp_loss":0.0,"gold_gain":0.0,"event_name":"Golden Wing","player_choice":"Card Removal","floor":5.0,"gold_loss":0.0,"damage_taken":7.0},{"damage_healed":0.0,"max_hp_gain":0.0,"max_hp_loss":0.0,"gold_gain":0.0,"event_name":"Dead Adventurer","player_choice":"Searched \u00271\u0027 times","floor":13.0,"gold_loss":0.0,"damage_taken":0.0,"relics_obtained":["Bag of Marbles"]},{"damage_healed":0.0,"max_hp_gain":0.0,"max_hp_loss":0.0,"gold_gain":0.0,"event_name":"Nest","player_choice":"Joined the Cult","floor":19.0,"gold_loss":0.0,"damage_taken":6.0,"cards_obtained":["RitualDagger"]},{"damage_healed":0.0,"max_hp_gain":0.0,"max_hp_loss":0.0,"gold_gain":0.0,"event_name":"The Mausoleum","player_choice":"Ignored","floor":22.0,"gold_loss":0.0,"damage_taken":0.0},{"cards_removed":["Strike_B"],"damage_healed":0.0,"max_hp_gain":0.0,"max_hp_loss":0.0,"gold_gain":0.0,"event_name":"Back to Basics","player_choice":"Elegance","floor":27.0,"gold_loss":0.0,"damage_taken":0.0},{"damage_healed":0,"gold_gain":0,"player_choice":"Paid","damage_taken":0,"relics_obtained":["Red Mask"],"max_hp_gain":0,"max_hp_loss":0,"event_name":"Tomb of Lord Red Mask","floor":45,"gold_loss":170}],"is_beta":false,"boss_relics":[{"not_picked":["Runic Dome","Eternal Feather"],"picked":"Empty Cage"},{"not_picked":["Orrery","Black Star"],"picked":"Busted Crown"}],"items_purged_floors":[],"is_endless":false,"potions_floor_spawned":[4,7,12,16,18,20,31,33,41,47,48],"ascension_level":16}