{"gold_per_floor":[118,136,136,311,311,311,372,430,430,448,448,448,448,483,483,483],"floor_reached":16,"playtime":582,"items_purged":[],"score":170,"play_id":"105b2fb3-1b19-48ca-b6a1-0947b79f1ac4","local_time":"20190127210759","is_ascension_mode":true,"campfire_choices":[{"data":"Neutralize","floor":6,"key":"SMITH"},{"floor":11,"key":"REST"},{"data":"Catalyst","floor":13,"key":"SMITH"},{"floor":15,"key":"REST"}],"neow_cost":"NONE","seed_source_timestamp":1221061451038878,"circlet_count":0,"master_deck":["AscendersBane","Defend_G","Defend_G","Defend_G+1","Defend_G","Defend_G","Strike_G","Strike_G","Strike_G+1","Strike_G","Strike_G","Survivor","Neutralize+1","Catalyst+1","Bane","Dagger Spray","Crippling Poison","Sucker Punch","Bane+1"],"relics":["Ring of the Snake","Omamori","Tiny Chest","Orichalcum","Bottled Flame","Molten Egg 2","Thread and Needle"],"potions_floor_usage":[7,8,14],"damage_taken":[{"damage":2,"enemies":"Cultist","floor":1,"turns":5},{"damage":0,"enemies":"2 Louse","floor":2,"turns":4},{"damage":23,"enemies":"Lagavulin","floor":7,"turns":7},{"damage":14,"enemies":"Gremlin Nob","floor":8,"turns":5},{"damage":1,"enemies":"Small Slimes","floor":10,"turns":3},{"damage":16,"enemies":"3 Sentries","floor":14,"turns":6},{"damage":42,"enemies":"Hexaghost","floor":16,"turns":14}],"seed_played":"-5501736490493501738","potions_obtained":[{"floor":1,"key":"PowerPotion"},{"floor":2,"key":"SpeedPotion"},{"floor":8,"key":"Poison Potion"}],"is_trial":false,"path_per_floor":["M","M","$","?","?","R","E","?","T","M","R","T","R","E","R","B"],"character_chosen":"THE_SILENT","items_purchased":[],"campfire_rested":2,"item_purchase_floors":[],"current_hp_per_floor":[61,61,61,61,47,47,24,10,10,9,30,30,30,14,35,0],"gold":483,"neow_bonus":"RANDOM_COMMON_RELIC","is_prod":false,"is_daily":false,"chose_seed":false,"campfire_upgraded":2,"win_rate":0,"timestamp":1548644879,"path_taken":["M","?","$","?","?","R","E","?","T","M","R","?","R","E","R","BOSS"],"build_version":"2019-01-23","purchased_purges":0,"victory":false,"max_hp_per_floor":[70,70,70,70,70,70,70,70,70,70,70,70,70,70,70,70],"card_choices":[{"not_picked":["Deadly Poison","Prepared"],"picked":"Catalyst","floor":1},{"not_picked":["Blade Dance","Finisher"],"picked":"Bane","floor":2},{"not_picked":["Masterful Stab","Outmaneuver"],"picked":"Dagger Spray","floor":7},{"not_picked":["Footwork","Backflip"],"picked":"Crippling Poison","floor":8},{"not_picked":["Endless Agony","Terror"],"picked":"Sucker Punch","floor":10},{"not_picked":["PiercingWail","Accuracy"],"picked":"Bane+1","floor":14}],"player_experience":491571,"relics_obtained":[{"floor":7,"key":"Tiny Chest"},{"floor":8,"key":"Orichalcum"},{"floor":9,"key":"Bottled Flame"},{"floor":12,"key":"Molten Egg 2"},{"floor":14,"key":"Thread and Needle"}],"event_choices":[{"damage_healed":0,"gold_gain":175,"player_choice":"AGREE","damage_taken":0,"max_hp_gain":0,"max_hp_loss":0,"event_name":"Liars Game","floor":4,"gold_loss":0,"cards_obtained":["Doubt"]},{"damage_healed":0,"gold_gain":0,"player_choice":"Entered Light","damage_taken":14,"max_hp_gain":0,"max_hp_loss":0,"event_name":"Shining Light","floor":5,"gold_loss":0,"cards_upgraded":["Strike_G","Defend_G"]},{"damage_healed":0,"gold_gain":30,"player_choice":"Searched \u00272\u0027 times","damage_taken":0,"max_hp_gain":0,"max_hp_loss":0,"event_name":"Dead Adventurer","floor":8,"gold_loss":0}],"is_beta":false,"boss_relics":[],"items_purged_floors":[],"is_endless":false,"potions_floor_spawned":[1,2,8],"killed_by":"Hexaghost","ascension_level":12}