{"gold_per_floor":[113,188,200,200,20,20,51,51,127,137,155,185,185,185,185,185],"floor_reached":16,"playtime":436,"items_purged":[],"score":200,"play_id":"1a71ddbd-0c11-4fa0-9e52-c7a84367bb6c","local_time":"20181028233927","is_ascension_mode":true,"campfire_choices":[{"data":"Madness","floor":6,"key":"SMITH"},{"data":"Die Die Die","floor":8,"key":"SMITH"},{"data":"Leg Sweep","floor":13,"key":"SMITH"},{"floor":15,"key":"REST"}],"neow_cost":"NONE","seed_source_timestamp":535241515432990,"circlet_count":0,"master_deck":["Defend_G","Defend_G","Defend_G","Defend_G","Defend_G","Strike_G","Strike_G","Strike_G","Strike_G+1","Survivor","Neutralize","AscendersBane","Madness+1","Sucker Punch+1","Dagger Throw","Flying Knee","Die Die Die+1","Quick Slash","After Image","Leg Sweep+1"],"relics":["Ring of the Snake","Whetstone","Mercury Hourglass","Lantern","Oddly Smooth Stone"],"potions_floor_usage":[12,16],"damage_taken":[{"damage":7,"enemies":"2 Louse","floor":1,"turns":3},{"damage":4,"enemies":"Small Slimes","floor":3,"turns":4},{"damage":14,"enemies":"3 Sentries","floor":7,"turns":7},{"damage":0,"enemies":"Cultist","floor":10,"turns":2},{"damage":3,"enemies":"Blue Slaver","floor":11,"turns":4},{"damage":1,"enemies":"Lagavulin","floor":12,"turns":7},{"damage":49,"enemies":"Slime Boss","floor":16,"turns":8}],"seed_played":"-2231262395135120531","potions_obtained":[{"floor":10,"key":"AttackPotion"},{"floor":11,"key":"Energy Potion"},{"floor":12,"key":"SteroidPotion"}],"is_trial":false,"path_per_floor":["M","?","M","?","$","R","E","R","T","M","M","E","R","T","R"],"character_chosen":"THE_SILENT","items_purchased":["Die Die Die"],"campfire_rested":1,"item_purchase_floors":[5],"current_hp_per_floor":[52,41,37,37,37,37,23,23,23,23,20,19,19,19,38,0],"gold":185,"neow_bonus":"RANDOM_COLORLESS","is_prod":false,"is_daily":false,"chose_seed":false,"campfire_upgraded":3,"win_rate":0,"timestamp":1540795167,"path_taken":["M","?","M","?","$","R","E","R","T","M","M","E","R","?","R","BOSS"],"build_version":"2018-10-25v2","purchased_purges":0,"victory":false,"max_hp_per_floor":[66,66,66,66,66,66,66,66,66,66,66,66,66,66,66,66],"card_choices":[{"not_picked":["Bane","Flying Knee"],"picked":"Sucker Punch","floor":1},{"not_picked":["Dodge and Roll","Endless Agony"],"picked":"Dagger Throw","floor":3},{"not_picked":["Prepared","Deflect"],"picked":"Quick Slash","floor":7},{"not_picked":["Blur","Dodge and Roll"],"picked":"After Image","floor":10},{"not_picked":["Underhanded Strike","Dagger Spray"],"picked":"Leg Sweep","floor":11},{"not_picked":["Slice","Sucker Punch","Acrobatics"],"picked":"SKIP","floor":12}],"player_experience":898596,"relics_obtained":[{"floor":7,"key":"Whetstone"},{"floor":9,"key":"Mercury Hourglass"},{"floor":12,"key":"Lantern"},{"floor":14,"key":"Oddly Smooth Stone"}],"event_choices":[{"damage_healed":0,"gold_gain":75,"player_choice":"Gather Gold","damage_taken":11,"max_hp_gain":0,"max_hp_loss":0,"event_name":"World of Goop","floor":2,"gold_loss":0},{"damage_healed":0,"gold_gain":0,"cards_transformed":["Strike_G"],"player_choice":"Change","damage_taken":0,"max_hp_gain":0,"max_hp_loss":0,"event_name":"Living Wall","floor":4,"gold_loss":0,"cards_obtained":["Flying Knee"]}],"is_beta":true,"boss_relics":[],"items_purged_floors":[],"is_endless":false,"potions_floor_spawned":[10,11,12],"killed_by":"Slime Boss","ascension_level":17}