{"gold_per_floor":[117,129,144,158,168,168,123,123,123,123,42,61,61,80,80,181,231,221,239,87,87],"floor_reached":21,"playtime":1814,"items_purged":[],"score":173,"play_id":"40afa454-a682-482a-8b95-4225070f8fe4","local_time":"20190106163946","is_ascension_mode":false,"campfire_choices":[{"data":"Crippling Poison","floor":6,"key":"SMITH"},{"data":"Noxious Fumes","floor":8,"key":"SMITH"},{"data":"Footwork","floor":13,"key":"SMITH"},{"floor":15,"key":"REST"}],"neow_cost":"NONE","seed_source_timestamp":1628579252012323,"circlet_count":0,"master_deck":["Defend_G+1","Defend_G","Defend_G","Defend_G","Defend_G","Strike_G","Strike_G","Strike_G","Strike_G","Strike_G","Survivor","Neutralize","Crippling Poison+1","Dagger Spray","Deadly Poison","Noxious Fumes+1","Dodge and Roll","Caltrops","Footwork+1","Choke","After Image","Outmaneuver","Bane+1","Endless Agony"],"relics":["Ring of the Snake","Bag of Preparation","Tiny House","Regal Pillow"],"potions_floor_usage":[16],"damage_taken":[{"damage":1,"enemies":"Jaw Worm","floor":1,"turns":6},{"damage":0,"enemies":"2 Louse","floor":2,"turns":3},{"damage":4,"enemies":"Cultist","floor":3,"turns":5},{"damage":6,"enemies":"Lots of Slimes","floor":4,"turns":2},{"damage":2,"enemies":"2 Fungi Beasts","floor":5,"turns":3},{"damage":20,"enemies":"Exordium Thugs","floor":12,"turns":5},{"damage":16,"enemies":"Lots of Slimes","floor":14,"turns":2},{"damage":41,"enemies":"The Guardian","floor":16,"turns":8},{"damage":24,"enemies":"2 Thieves","floor":18,"turns":4},{"damage":28,"enemies":"Shell Parasite","floor":19,"turns":6},{"damage":46,"enemies":"3 Cultists","floor":21,"turns":5}],"seed_played":"8230400151424422329","potions_obtained":[{"floor":1,"key":"SpeedPotion"},{"floor":3,"key":"PowerPotion"},{"floor":5,"key":"FearPotion"},{"floor":10,"key":"FairyPotion"},{"floor":10,"key":"Fire Potion"},{"floor":16,"key":"SteroidPotion"},{"floor":17,"key":"LiquidBronze"}],"is_trial":false,"path_per_floor":["M","M","M","M","M","R","?","R","T","?","$","M","R","M","R","B",null,"M","M","$","M"],"character_chosen":"THE_SILENT","items_purchased":["Caltrops","Regal Pillow"],"campfire_rested":1,"item_purchase_floors":[11,20],"current_hp_per_floor":[76,76,72,66,64,64,64,64,64,64,64,44,44,28,51,10,82,58,30,30,0],"gold":87,"neow_bonus":"TEN_PERCENT_HP_BONUS","is_prod":false,"is_daily":false,"chose_seed":false,"campfire_upgraded":3,"win_rate":0,"timestamp":1546810786,"path_taken":["M","M","M","M","M","R","?","R","T","?","$","?","R","M","R","BOSS","M","?","$","M"],"build_version":"2019-01-03v4","purchased_purges":0,"victory":false,"max_hp_per_floor":[77,77,77,77,77,77,77,77,77,77,77,77,77,77,77,77,82,82,82,82,82],"card_choices":[{"not_picked":["Catalyst","Quick Slash"],"picked":"Crippling Poison","floor":1},{"not_picked":["Quick Slash","Dagger Throw"],"picked":"Dagger Spray","floor":2},{"not_picked":["Backflip","Reflex"],"picked":"Deadly Poison","floor":3},{"not_picked":["Concentrate","Well Laid Plans"],"picked":"Noxious Fumes","floor":4},{"not_picked":["Distraction","Blade Dance"],"picked":"Dodge and Roll","floor":5},{"not_picked":["Escape Plan","Eviscerate"],"picked":"Footwork","floor":12},{"not_picked":["Dodge and Roll","Acrobatics"],"picked":"Choke","floor":14},{"not_picked":["Wraith Form v2","Burst"],"picked":"After Image","floor":16},{"not_picked":["Infinite Blades","Setup"],"picked":"Outmaneuver","floor":17},{"not_picked":["Caltrops+1","Expertise"],"picked":"Bane+1","floor":18},{"not_picked":["Caltrops+1","Outmaneuver"],"picked":"Endless Agony","floor":19}],"player_experience":406376,"relics_obtained":[{"floor":9,"key":"Bag of Preparation"}],"event_choices":[{"damage_healed":0,"gold_gain":0,"player_choice":"Left Gold","damage_taken":0,"max_hp_gain":0,"max_hp_loss":0,"event_name":"World of Goop","floor":7,"gold_loss":45},{"damage_healed":0,"gold_gain":0,"player_choice":"Got Potions","damage_taken":0,"max_hp_gain":0,"max_hp_loss":0,"event_name":"Lab","floor":10,"gold_loss":0}],"is_beta":false,"boss_relics":[{"not_picked":["Runic Dome","HoveringKite"],"picked":"Tiny House"}],"items_purged_floors":[],"is_endless":false,"potions_floor_spawned":[1,3,5,16,18,19],"killed_by":"3 Cultists","ascension_level":0}