{"gold_per_floor":[115,125,140,160,171,204,220,220,220,253,267,283,295,295,295,392,392,408,44,64,64,78,78,105,122,122,141,170,190,217,107,107,204,204,219,319,366,366],"floor_reached":38,"playtime":3567,"items_purged":[],"score":552,"play_id":"d1c861ba-e3a3-4292-93b0-d46d1debb970","local_time":"20181123161140","is_ascension_mode":false,"campfire_choices":[{"floor":8,"key":"REST"},{"floor":15,"key":"REST"},{"floor":23,"key":"REST"},{"floor":32,"key":"REST"}],"neow_cost":"NONE","seed_source_timestamp":152317542096813,"circlet_count":0,"master_deck":["Defend_G","Defend_G+1","Defend_G","Defend_G","Defend_G","Strike_G","Strike_G","Strike_G","Strike_G","Strike_G","Survivor","Neutralize+1","Poisoned Stab","Riddle With Holes","Crippling Poison","Cloak And Dagger","Infinite Blades","Accuracy","Flying Knee","Noxious Fumes","Backstab","Backstab","After Image","Adrenaline","Blade Dance","Backstab","Blade Dance+1","Backstab+1","Blade Dance+1","Dodge and Roll+1","Outmaneuver","PiercingWail+1","Blade Dance","Dodge and Roll+1","Accuracy","Endless Agony","Storm of Steel","Slice+1","Underhanded Strike+1","Dash"],"relics":["Ring of the Snake","Centennial Puzzle","PreservedInsect","Ginger","Boot","WristBlade","FossilizedHelix","WingedGreaves","Calipers","Peace Pipe","Regal Pillow","Black Star","Gambling Chip","Tingsha"],"potions_floor_usage":[13],"damage_taken":[{"damage":0,"enemies":"Cultist","floor":1,"turns":4},{"damage":0,"enemies":"Small Slimes","floor":2,"turns":3},{"damage":0,"enemies":"2 Louse","floor":3,"turns":2},{"damage":2,"enemies":"Blue Slaver","floor":4,"turns":6},{"damage":8,"enemies":"Exordium Wildlife","floor":5,"turns":7},{"damage":29,"enemies":"3 Sentries","floor":6,"turns":9},{"damage":2,"enemies":"Looter","floor":7,"turns":4},{"damage":2,"enemies":"Lagavulin","floor":10,"turns":5},{"damage":6,"enemies":"Blue Slaver","floor":11,"turns":4},{"damage":5,"enemies":"Exordium Wildlife","floor":12,"turns":4},{"damage":5,"enemies":"Large Slime","floor":13,"turns":5},{"damage":9,"enemies":"Hexaghost","floor":16,"turns":10},{"damage":13,"enemies":"3 Byrds","floor":18,"turns":4},{"damage":3,"enemies":"Shell Parasite","floor":20,"turns":4},{"damage":0,"enemies":"Snecko","floor":22,"turns":3},{"damage":0,"enemies":"Book of Stabbing","floor":24,"turns":3},{"damage":0,"enemies":"Sentry and Sphere","floor":25,"turns":1},{"damage":0,"enemies":"Snake Plant","floor":27,"turns":3},{"damage":11,"enemies":"Gremlin Leader","floor":28,"turns":3},{"damage":3,"enemies":"Chosen and Byrds","floor":29,"turns":3},{"damage":6,"enemies":"Book of Stabbing","floor":30,"turns":3},{"damage":42,"enemies":"Collector","floor":33,"turns":8},{"damage":0,"enemies":"Orb Walker","floor":35,"turns":2},{"damage":24,"enemies":"Mind Bloom Boss Battle","floor":36,"turns":5},{"damage":23,"enemies":"2 Orb Walkers","floor":37,"turns":3},{"damage":30,"enemies":"3 Shapes","floor":38,"turns":3}],"seed_played":"5968823281174706061","potions_obtained":[{"floor":5,"key":"Strength Potion"},{"floor":10,"key":"GhostInAJar"},{"floor":12,"key":"Regen Potion"},{"floor":13,"key":"Fruit Juice"},{"floor":16,"key":"Fire Potion"},{"floor":21,"key":"Regen Potion"}],"is_trial":false,"path_per_floor":["M","M","M","M","M","E","M","R","T","E","M","M","M","?","R","B",null,"M","$","M","?","M","R","E","M","T","M","E","M","E","$","R","B",null,"M","?","?","M"],"character_chosen":"THE_SILENT","items_purchased":["FossilizedHelix","Backstab","Accuracy","Endless Agony"],"campfire_rested":4,"item_purchase_floors":[19,19,31,31],"current_hp_per_floor":[70,70,70,68,60,31,29,50,50,48,42,37,37,22,44,35,75,62,62,59,59,59,75,75,75,75,75,64,61,55,55,75,33,75,75,51,28,0],"gold":366,"neow_bonus":"RANDOM_COMMON_RELIC","is_prod":false,"is_daily":false,"chose_seed":false,"campfire_upgraded":0,"win_rate":0.0,"timestamp":1543007500,"path_taken":["M","M","?","M","M","E","M","R","T","E","M","M","M","?","R","BOSS","M","$","M","?","M","R","E","?","T","M","E","M","E","?","R","BOSS","M","?","?","M"],"build_version":"2018-11-15","purchased_purges":0,"victory":false,"max_hp_per_floor":[70,70,70,70,70,70,70,70,70,70,70,70,75,75,75,75,75,75,75,75,75,75,75,75,75,75,75,75,75,75,75,75,75,75,75,75,75,75],"card_choices":[{"not_picked":["Deflect","Underhanded Strike"],"picked":"Poisoned Stab","floor":1},{"not_picked":["Flechettes","Heel Hook"],"picked":"Riddle With Holes","floor":2},{"not_picked":["Deflect","Well Laid Plans"],"picked":"Crippling Poison","floor":3},{"not_picked":["Sucker Punch","Prepared"],"picked":"Cloak And Dagger","floor":4},{"not_picked":["Blade Dance","Cloak And Dagger"],"picked":"Infinite Blades","floor":5},{"not_picked":["Choke","Glass Knife"],"picked":"Accuracy","floor":6},{"not_picked":["PiercingWail","Sucker Punch"],"picked":"Flying Knee","floor":7},{"not_picked":["Tactician","Deadly Poison"],"picked":"Noxious Fumes","floor":10},{"not_picked":["Dodge and Roll","Underhanded Strike"],"picked":"Backstab","floor":11},{"not_picked":["Finisher","Dagger Throw"],"picked":"Backstab","floor":12},{"not_picked":["Dagger Throw","Footwork"],"picked":"After Image","floor":13},{"not_picked":["Wraith Form v2","Doppelganger"],"picked":"Adrenaline","floor":16},{"not_picked":["Bane+1","Backflip"],"picked":"Blade Dance","floor":18},{"not_picked":["Terror","Outmaneuver"],"picked":"Blade Dance+1","floor":20},{"not_picked":["Bane","Poisoned Stab+1"],"picked":"Backstab+1","floor":22},{"not_picked":["Acrobatics","Flying Knee+1"],"picked":"Blade Dance+1","floor":24},{"not_picked":["PiercingWail","Escape Plan+1"],"picked":"Dodge and Roll+1","floor":25},{"not_picked":["Doppelganger","Eviscerate"],"picked":"Outmaneuver","floor":27},{"not_picked":["Dodge and Roll","Outmaneuver"],"picked":"PiercingWail+1","floor":28},{"not_picked":["Poisoned Stab+1","Finisher"],"picked":"Blade Dance","floor":29},{"not_picked":["Quick Slash","Flying Knee+1"],"picked":"Dodge and Roll+1","floor":30},{"not_picked":["Burst","After Image"],"picked":"Storm of Steel","floor":33},{"not_picked":["Heel Hook+1","Flying Knee+1"],"picked":"Slice+1","floor":35},{"not_picked":["Crippling Poison+1","PiercingWail"],"picked":"Underhanded Strike+1","floor":36},{"not_picked":["Cloak And Dagger","Catalyst"],"picked":"Dash","floor":37}],"player_experience":42934,"relics_obtained":[{"floor":6,"key":"PreservedInsect"},{"floor":9,"key":"Ginger"},{"floor":10,"key":"Boot"},{"floor":24,"key":"WingedGreaves"},{"floor":26,"key":"Calipers"},{"floor":28,"key":"Peace Pipe"},{"floor":30,"key":"Regal Pillow"},{"floor":36,"key":"Gambling Chip"},{"floor":37,"key":"Tingsha"}],"event_choices":[{"damage_healed":0,"gold_gain":0,"player_choice":"Entered Light","damage_taken":15,"max_hp_gain":0,"max_hp_loss":0,"event_name":"Shining Light","floor":14,"gold_loss":0,"cards_upgraded":["Neutralize","Defend_G"]},{"damage_healed":0,"gold_gain":0,"player_choice":"Got Potions","damage_taken":0,"max_hp_gain":0,"max_hp_loss":0,"event_name":"Lab","floor":21,"gold_loss":0},{"damage_healed":0,"gold_gain":0,"player_choice":"Fight","damage_taken":0,"max_hp_gain":0,"max_hp_loss":0,"event_name":"MindBloom","floor":36,"gold_loss":0},{"damage_healed":0,"gold_gain":0,"player_choice":"Fight","damage_taken":0,"max_hp_gain":0,"max_hp_loss":0,"event_name":"Mysterious Sphere","floor":37,"gold_loss":0}],"is_beta":false,"boss_relics":[{"not_picked":["Orrery","Ectoplasm"],"picked":"WristBlade"},{"not_picked":["White Beast Statue","Coffee Dripper"],"picked":"Black Star"}],"items_purged_floors":[],"is_endless":false,"potions_floor_spawned":[5,10,12,13,16,20,24,27,30,35,37],"killed_by":"3 Shapes","ascension_level":0}