{"gold_per_floor":[117,117,135,16,30,30,55,7,60,90,90,123,133,144,144,239,239,254,254,264,274,294,294,10,10,10,40,64,14,70,81,81,176,176,192,73,92,62,62,91,91,122,149,174,84,97,97,112,112,112],"floor_reached":51,"playtime":3623,"items_purged":["Dualcast","Defend_B","Zap","Reboot"],"score":1093,"play_id":"21d3433a-d429-4323-b8c0-8afaf1cc0925","local_time":"20180711132318","daily_mods":["Heirloom","Allstar","Elite Swarm","Uncertain Future","Vintage"],"is_ascension_mode":false,"campfire_choices":[{"data":"Strike_B","floor":6,"key":"PURGE"},{"data":"Strike_B","floor":11,"key":"PURGE"},{"data":"Strike_B","floor":15,"key":"PURGE"},{"data":"Apotheosis","floor":23,"key":"PURGE"},{"data":"Defend_B","floor":25,"key":"PURGE"},{"data":"Defend_B","floor":32,"key":"PURGE"},{"data":"Apotheosis","floor":41,"key":"PURGE"},{"data":"Trip","floor":47,"key":"PURGE"},{"data":"Reboot","floor":49,"key":"PURGE"}],"neow_cost":"","seed_source_timestamp":900048441913856,"circlet_count":0,"master_deck":["Finesse","Creative AI","Gash+1","Gash+1","Creative AI","Panache+1","Buffer+1","Buffer+1","Electrodynamics+1","Heatsinks+1","Magnetism+1","Echo Form+1","Machine Learning+1","Creative AI+1","Storm+1"],"relics":["Unceasing Top","Peace Pipe","Boot","Potion Belt","Mummified Hand","Girya","Centennial Puzzle","Anchor","Mango","Bird Faced Urn","Smiling Mask","Calipers","Inserter","Gremlin Horn","Omamori","Frozen Egg 2","Mercury Hourglass","Whetstone","Vajra","Ancient Tea Set","Tiny Chest","Oddly Smooth Stone","Bottled Flame","Empty Cage","Blue Candle","Bottled Tornado","Ornamental Fan","Lantern","Dream Catcher","Orichalcum","Blood Vial","Bag of Preparation"],"potions_floor_usage":[3,16,16,30,30,30,40,40,42,50,50,50],"damage_taken":[{"damage":0,"enemies":"Jaw Worm","floor":1,"turns":3},{"damage":2,"enemies":"Small Slimes","floor":3,"turns":5},{"damage":5,"enemies":"Cultist","floor":5,"turns":5},{"damage":10,"enemies":"Lagavulin","floor":7,"turns":5},{"damage":0,"enemies":"3 Sentries","floor":10,"turns":6},{"damage":39,"enemies":"Gremlin Nob","floor":12,"turns":4},{"damage":4,"enemies":"Exordium Thugs","floor":13,"turns":3},{"damage":0,"enemies":"3 Louse","floor":14,"turns":2},{"damage":3,"enemies":"Slime Boss","floor":16,"turns":6},{"damage":4,"enemies":"Shell Parasite","floor":18,"turns":4},{"damage":0,"enemies":"Chosen","floor":20,"turns":4},{"damage":4,"enemies":"Snake Plant","floor":21,"turns":4},{"damage":5,"enemies":"Chosen and Byrds","floor":22,"turns":3},{"damage":0,"enemies":"Gremlin Leader","floor":27,"turns":4},{"damage":0,"enemies":"Slavers","floor":30,"turns":2},{"damage":0,"enemies":"Snecko","floor":31,"turns":4},{"damage":0,"enemies":"Automaton","floor":33,"turns":4},{"damage":0,"enemies":"3 Shapes","floor":35,"turns":3},{"damage":0,"enemies":"3 Darklings","floor":37,"turns":1},{"damage":0,"enemies":"Nemesis","floor":40,"turns":1},{"damage":0,"enemies":"2 Orb Walkers","floor":42,"turns":3},{"damage":0,"enemies":"Giant Head","floor":44,"turns":4},{"damage":0,"enemies":"Sphere and 2 Shapes","floor":46,"turns":1},{"damage":0,"enemies":"Maw","floor":48,"turns":2},{"damage":0,"enemies":"Awakened One","floor":50,"turns":6}],"seed_played":"-6510457061669216260","potions_obtained":[{"floor":1,"key":"Regen Potion"},{"floor":12,"key":"GamblersBrew"},{"floor":13,"key":"PowerPotion"},{"floor":14,"key":"Block Potion"},{"floor":21,"key":"Swift Potion"},{"floor":22,"key":"PowerPotion"},{"floor":27,"key":"Energy Potion"},{"floor":37,"key":"FocusPotion"},{"floor":38,"key":"Regen Potion"},{"floor":38,"key":"Fruit Juice"},{"floor":44,"key":"AttackPotion"},{"floor":48,"key":"Dexterity Potion"}],"is_trial":true,"path_per_floor":["M","?","M","$","M","R","E","$","T","E","R","E","M","M","R","B",null,"M","?","M","M","M","R","$","R","T","E","T","$","E","M","R","B",null,"M","$","M","?","?","E","R","E","T","E","$","M","R","M","R","B"],"character_chosen":"DEFECT","items_purchased":["Creative AI","Gash","Gash","Panache+1","PowerPotion","Heatsinks+1","Storm+1"],"campfire_rested":0,"item_purchase_floors":[4,4,8,24,24,36,45],"current_hp_per_floor":[75,68,75,75,70,70,60,60,60,60,60,35,31,31,31,42,89,89,72,84,94,94,94,94,94,94,94,94,94,94,94,94,94,94,94,94,94,94,94,94,94,99,99,99,99,99,99,99,99,99],"gold":112,"neow_bonus":"","is_prod":false,"is_daily":false,"chose_seed":false,"campfire_upgraded":0,"win_rate":0,"timestamp":1531279398,"path_taken":["M","?","M","?","M","R","E","$","T","E","R","E","M","?","R","BOSS","M","?","M","M","M","R","$","R","T","E","?","?","E","M","R","BOSS","M","?","M","?","?","E","R","E","T","E","$","M","R","M","R","BOSS"],"build_version":"2018-07-05","purchased_purges":4,"victory":true,"max_hp_per_floor":[75,75,75,75,75,75,75,75,75,75,75,89,89,89,89,89,89,89,94,94,94,94,94,94,94,94,94,94,94,94,94,94,94,94,94,94,94,94,94,94,94,99,99,99,99,99,99,99,99,99],"card_choices":[{"not_picked":["Fission","Meteor Strike"],"picked":"Reboot","floor":7},{"not_picked":["Rainbow","Thunder Strike"],"picked":"Reboot","floor":10},{"not_picked":["Thunder Strike","Core Surge","Fission"],"picked":"SKIP","floor":12},{"not_picked":["Rainbow","Machine Learning"],"picked":"Creative AI","floor":16},{"not_picked":["Biased Cognition+1","Seek"],"picked":"Buffer+1","floor":27},{"not_picked":["Biased Cognition+1","All For One"],"picked":"Buffer+1","floor":30},{"not_picked":["Multi-Cast","Meteor Strike"],"picked":"Electrodynamics+1","floor":33},{"not_picked":["Madness","Dark Shackles"],"picked":"Magnetism+1","floor":39},{"not_picked":["Buffer+1","Amplify"],"picked":"Echo Form+1","floor":40},{"not_picked":["Buffer+1","Meteor Strike"],"picked":"Machine Learning+1","floor":42},{"not_picked":["Amplify","Fission"],"picked":"Creative AI+1","floor":44}],"player_experience":535037,"relics_obtained":[{"floor":1,"key":"Boot"},{"floor":3,"key":"Potion Belt"},{"floor":5,"key":"Mummified Hand"},{"floor":7,"key":"Girya"},{"floor":9,"key":"Centennial Puzzle"},{"floor":10,"key":"Anchor"},{"floor":12,"key":"Mango"},{"floor":13,"key":"Bird Faced Urn"},{"floor":14,"key":"Smiling Mask"},{"floor":16,"key":"Calipers"},{"floor":18,"key":"Gremlin Horn"},{"floor":20,"key":"Omamori"},{"floor":21,"key":"Frozen Egg 2"},{"floor":22,"key":"Mercury Hourglass"},{"floor":26,"key":"Whetstone"},{"floor":27,"key":"Vajra"},{"floor":28,"key":"Ancient Tea Set"},{"floor":30,"key":"Tiny Chest"},{"floor":31,"key":"Oddly Smooth Stone"},{"floor":33,"key":"Bottled Flame"},{"floor":35,"key":"Blue Candle"},{"floor":37,"key":"Bottled Tornado"},{"floor":40,"key":"Ornamental Fan"},{"floor":42,"key":"Lantern"},{"floor":43,"key":"Dream Catcher"},{"floor":44,"key":"Orichalcum"},{"floor":46,"key":"Blood Vial"},{"floor":48,"key":"Bag of Preparation"}],"event_choices":[{"event_name":"Golden Wing","player_choice":"Card Removal","floor":2,"damage_taken":0},{"event_name":"Forgotten Altar","player_choice":"Shed Blood","floor":19,"damage_taken":0},{"event_name":"The Woman in Blue","player_choice":"Bought 2 Potions","floor":38,"damage_taken":0},{"event_name":"SensoryStone","player_choice":"Memory 1","floor":39,"damage_taken":0}],"boss_relics":[{"not_picked":["Eternal Feather","White Beast Statue"],"picked":"Inserter"},{"not_picked":["Black Star","Orrery"],"picked":"Empty Cage"}],"items_purged_floors":[24,29,36,45],"is_endless":false,"potions_floor_spawned":[1,12,13,14,21,22,27,37,44,48],"ascension_level":0}