{"gold_per_floor":[112,112,287,359,369,369,380,408,408,408,423,423,423,450,450,450],"floor_reached":16,"playtime":550,"items_purged":[],"score":146,"play_id":"722cd5f3-4019-4d5e-92cb-b9225b5b976a","local_time":"20190103222527","is_ascension_mode":true,"campfire_choices":[{"data":"Zap","floor":6,"key":"SMITH"},{"floor":12,"key":"REST"},{"data":"1","floor":15,"key":"LIFT"}],"neow_cost":"NONE","seed_source_timestamp":1181011894934529,"circlet_count":0,"master_deck":["Strike_B","Strike_B","Strike_B","Defend_B+1","Defend_B","Defend_B","Defend_B+1","Zap+1","Dualcast","Blizzard","Melter","Doubt","Rebound","Cold Snap","Seek","Storm","Steam"],"relics":["Cracked Core","War Paint","Mummified Hand","Girya","Sundial","PreservedInsect","Pear"],"potions_floor_usage":[16],"damage_taken":[{"damage":0,"enemies":"Cultist","floor":1,"turns":3},{"damage":0,"enemies":"Small Slimes","floor":5,"turns":3},{"damage":12,"enemies":"Jaw Worm","floor":7,"turns":2},{"damage":23,"enemies":"Lagavulin","floor":8,"turns":9},{"damage":0,"enemies":"Exordium Wildlife","floor":11,"turns":3},{"damage":26,"enemies":"Gremlin Nob","floor":14,"turns":4},{"damage":52,"enemies":"Slime Boss","floor":16,"turns":7}],"seed_played":"3911104998611796592","potions_obtained":[{"floor":7,"key":"FearPotion"},{"floor":11,"key":"Ancient Potion"}],"is_trial":false,"path_per_floor":["M","?","?","T","M","R","M","E","T","?","M","R","?","E","R","B"],"character_chosen":"DEFECT","items_purchased":[],"campfire_rested":1,"item_purchase_floors":[],"current_hp_per_floor":[68,68,68,68,68,68,56,33,33,15,15,37,62,46,46,0],"gold":450,"neow_bonus":"RANDOM_COMMON_RELIC","is_prod":false,"is_daily":false,"chose_seed":false,"campfire_upgraded":1,"win_rate":0,"timestamp":1546575927,"path_taken":["M","?","?","?","?","R","M","E","T","?","M","R","?","E","R","BOSS"],"build_version":"2019-01-03v2","purchased_purges":0,"victory":false,"max_hp_per_floor":[75,75,75,75,75,75,75,75,75,75,75,75,75,85,85,85],"card_choices":[{"not_picked":["Rebound","Cold Snap"],"picked":"Blizzard","floor":1},{"not_picked":["Scrape","Lockon"],"picked":"Rebound","floor":5},{"not_picked":["Stack","Go for the Eyes"],"picked":"Cold Snap","floor":7},{"not_picked":["Redo","Leap"],"picked":"Seek","floor":8},{"not_picked":["Hologram","Redo"],"picked":"Storm","floor":11},{"not_picked":["Gash","Go for the Eyes"],"picked":"Steam","floor":14}],"player_experience":369605,"relics_obtained":[{"floor":4,"key":"Mummified Hand"},{"floor":8,"key":"Girya"},{"floor":9,"key":"Sundial"},{"floor":14,"key":"Pear"}],"event_choices":[{"damage_healed":0,"gold_gain":0,"cards_transformed":["Strike_B"],"player_choice":"Change","damage_taken":0,"max_hp_gain":0,"max_hp_loss":0,"event_name":"Living Wall","floor":2,"gold_loss":0,"cards_obtained":["Melter"]},{"damage_healed":0,"gold_gain":175,"player_choice":"AGREE","damage_taken":0,"max_hp_gain":0,"max_hp_loss":0,"event_name":"Liars Game","floor":3,"gold_loss":0,"cards_obtained":["Doubt"]},{"damage_healed":0,"gold_gain":0,"player_choice":"Success","damage_taken":18,"relics_obtained":["PreservedInsect"],"max_hp_gain":0,"max_hp_loss":0,"event_name":"Scrap Ooze","floor":10,"gold_loss":0},{"damage_healed":25,"gold_gain":0,"player_choice":"Banana","damage_taken":0,"max_hp_gain":0,"max_hp_loss":0,"event_name":"Big Fish","floor":13,"gold_loss":0}],"is_beta":false,"boss_relics":[],"items_purged_floors":[],"is_endless":false,"potions_floor_spawned":[7,11],"killed_by":"Slime Boss","ascension_level":7}