{"gold_per_floor":[113,188,207,207,226,237,266,266,291,624,624,624,624,657,657,657],"floor_reached":16,"playtime":660,"items_purged":[],"score":124,"play_id":"64604516-e073-4adb-9101-8a803efcf1a1","local_time":"20190203113842","is_ascension_mode":true,"campfire_choices":[{"data":"Zap","floor":8,"key":"SMITH"},{"data":"Redo","floor":11,"key":"SMITH"},{"data":"Dualcast","floor":15,"key":"SMITH"}],"neow_cost":"TEN_PERCENT_HP_LOSS","seed_source_timestamp":443504232349554,"circlet_count":0,"master_deck":["Strike_B","Strike_B","Strike_B","Strike_B","Defend_B","Defend_B","Defend_B","Defend_B","Zap+1","Dualcast+1","Self Repair","Consume","Redo+1"],"relics":["Cracked Core","Turnip","Omamori","Strawberry","Orichalcum","Old Coin","Meat on the Bone","Smiling Mask","Centennial Puzzle"],"potions_floor_usage":[7,16],"damage_taken":[{"damage":0,"enemies":"2 Louse","floor":1,"turns":3},{"damage":0,"enemies":"Small Slimes","floor":3,"turns":3},{"damage":0,"enemies":"Cultist","floor":5,"turns":3},{"damage":21,"enemies":"Lots of Slimes","floor":6,"turns":4},{"damage":20,"enemies":"Gremlin Nob","floor":7,"turns":4},{"damage":21,"enemies":"Lagavulin","floor":10,"turns":6},{"damage":22,"enemies":"3 Sentries","floor":14,"turns":6},{"damage":38,"enemies":"Slime Boss","floor":16,"turns":7}],"seed_played":"7847824652188659411","potions_obtained":[{"floor":1,"key":"SteroidPotion"},{"floor":3,"key":"GamblersBrew"},{"floor":10,"key":"FairyPotion"}],"is_trial":false,"path_per_floor":["M","?","M","?","M","M","E","R","T","E","R","T","?","E","R","B"],"character_chosen":"DEFECT","items_purchased":[],"campfire_rested":0,"item_purchase_floors":[],"current_hp_per_floor":[68,57,64,64,68,54,48,48,48,34,34,34,27,24,24,0],"gold":657,"neow_bonus":"ONE_RARE_RELIC","is_prod":false,"is_daily":false,"chose_seed":false,"campfire_upgraded":3,"win_rate":0,"timestamp":1549154322,"path_taken":["M","?","M","?","?","?","E","R","T","E","R","?","?","E","R","BOSS"],"build_version":"2019-01-23","purchased_purges":0,"victory":false,"max_hp_per_floor":[68,68,68,68,68,68,75,75,75,75,75,75,75,75,75,75],"card_choices":[{"not_picked":["Genetic Algorithm","Barrage"],"picked":"Self Repair","floor":1},{"not_picked":["Melter","Stack","Hologram"],"picked":"SKIP","floor":3},{"not_picked":["Coolheaded","Streamline","Barrage"],"picked":"SKIP","floor":5},{"not_picked":["Leap","Compile Driver"],"picked":"Consume","floor":6},{"not_picked":["Lockon","Amplify","Compile Driver"],"picked":"SKIP","floor":7},{"not_picked":["Reprogram","Aggregate"],"picked":"Redo","floor":10},{"not_picked":["Biased Cognition","Rip and Tear","Beam Cell"],"picked":"SKIP","floor":14}],"player_experience":1227403,"relics_obtained":[{"floor":4,"key":"Omamori"},{"floor":7,"key":"Strawberry"},{"floor":9,"key":"Orichalcum"},{"floor":10,"key":"Old Coin"},{"floor":12,"key":"Meat on the Bone"},{"floor":14,"key":"Centennial Puzzle"}],"event_choices":[{"damage_healed":0,"gold_gain":75,"player_choice":"Gather Gold","damage_taken":11,"max_hp_gain":0,"max_hp_loss":0,"event_name":"World of Goop","floor":2,"gold_loss":0},{"damage_healed":0,"gold_gain":0,"player_choice":"Relic","damage_taken":0,"max_hp_gain":0,"max_hp_loss":0,"event_name":"Wheel of Change","floor":4,"gold_loss":0},{"damage_healed":0,"gold_gain":0,"player_choice":"Success","damage_taken":7,"relics_obtained":["Smiling Mask"],"max_hp_gain":0,"max_hp_loss":0,"event_name":"Scrap Ooze","floor":13,"gold_loss":0}],"is_beta":true,"boss_relics":[],"items_purged_floors":[],"is_endless":false,"potions_floor_spawned":[1,3,10],"killed_by":"Slime Boss","ascension_level":1}