{"path_per_floor":["M","M","?","M","M","E","R","E","T","R","?","?","E","?","R","B",null,"M","?","M","$","M","R","E","R","T","R","E","?","?","?","R","B",null,"M","$","?","?","?","E","R","E","T","R","$","R","E","M","R","B"],"character_chosen":"THE_SILENT","items_purchased":["Tiny Chest","Accuracy","War Paint","Panache","Mind Blast"],"gold_per_floor":[116,135,135,153,167,194,194,225,251,251,251,315,349,349,349,446,446,456,456,476,355,365,365,390,390,390,390,717,632,632,632,632,728,728,743,157,210,210,0,26,26,52,78,78,28,28,60,76,76,76],"floor_reached":51,"campfire_rested":3,"playtime":4075,"current_hp_per_floor":[70,63,63,59,31,16,37,30,30,30,30,36,26,26,26,15,80,76,76,75,75,61,61,60,60,60,60,46,46,30,56,80,61,80,73,73,73,73,73,68,68,66,66,66,66,66,74,56,80,37],"items_purged":["Defend_G","Defend_G"],"gold":76,"score":906,"play_id":"95be5467-e5f3-4d60-ad5e-9c27c91c90c2","local_time":"20180326000556","is_prod":false,"is_daily":false,"is_ascension_mode":true,"campfire_upgraded":8,"timestamp":1522040756,"path_taken":["M","M","?","?","M","E","R","E","T","R","?","?","E","?","R","BOSS","M","?","M","?","M","R","E","R","T","R","E","?","?","?","R","BOSS","M","$","?","?","?","E","R","E","T","R","$","R","E","M","R","BOSS"],"build_version":"2018-03-22v2","purchased_purges":4,"victory":true,"master_deck":["Defend_G+1","Defend_G+1","Defend_G+1","Strike_G+1","Strike_G+1","Strike_G+1","Survivor","Neutralize+1","Leg Sweep+1","Slice","Infinite Blades+1","Escape Plan","Quick Slash","After Image+1","Cloak And Dagger","Slice","A Thousand Cuts+1","Envenom+1","PiercingWail+1","Footwork+1","Dagger Throw+1","A Thousand Cuts+1","Accuracy+1","Dodge and Roll+1","Burst","Dagger Throw+1","Accuracy+1","Panache+1","Mind Blast","Prepared+1","Footwork+1","Backflip","Blade Dance+1","Quick Slash+1","Dagger Throw+1"],"max_hp_per_floor":[70,70,70,70,70,70,70,70,70,70,70,80,80,80,80,80,80,80,80,80,80,80,80,80,80,80,80,80,80,80,80,80,80,80,80,80,80,80,80,80,80,80,80,80,80,80,80,80,80,80],"relics":["Ring of the Snake","Blood Vial","Vajra","Orichalcum","Pear","Juzu Bracelet","Black Star","Tiny Chest","Calipers","Ginger","Tingsha","Old Coin","Bird Faced Urn","Dream Catcher","Nilry\u0027s Codex","Sozu","War Paint","Du-Vu Doll","Red Mask","Smiling Mask","Darkstone Periapt","Paper Crane","Bottled Lightning","Anchor","Pen Nib","Oddly Smooth Stone"],"card_choices":[{"not_picked":["Blade Dance","Endless Agony"],"picked":"Leg Sweep","floor":1},{"not_picked":["Flying Knee","Expertise"],"picked":"Slice","floor":2},{"not_picked":["Riddle With Holes","Distraction"],"picked":"Escape Plan","floor":4},{"not_picked":["Dash","Dagger Spray"],"picked":"Quick Slash","floor":5},{"not_picked":["Flying Knee","PiercingWail"],"picked":"After Image","floor":6},{"not_picked":["Deflect","Storm of Steel"],"picked":"Cloak And Dagger","floor":8},{"not_picked":["Expertise","Dagger Spray"],"picked":"Slice","floor":12},{"not_picked":["Dagger Spray","All Out Attack"],"picked":"A Thousand Cuts","floor":13},{"not_picked":["Adrenaline","A Thousand Cuts"],"picked":"Envenom","floor":16},{"not_picked":["Terror","Dodge and Roll"],"picked":"PiercingWail","floor":18},{"not_picked":["Slice","Flying Knee"],"picked":"Footwork","floor":20},{"not_picked":["Bane","Outmaneuver"],"picked":"Dagger Throw","floor":22},{"not_picked":["Sucker Punch","Caltrops"],"picked":"A Thousand Cuts","floor":24},{"not_picked":["Terror","Corpse Explosion"],"picked":"Accuracy","floor":28},{"not_picked":["Underhanded Strike","Deadly Poison"],"picked":"Dodge and Roll","floor":32},{"not_picked":["Doppelganger","Unload"],"picked":"Burst","floor":33},{"not_picked":["Flechettes","Outmaneuver"],"picked":"Dagger Throw","floor":35},{"not_picked":["Dodge and Roll","Slice"],"picked":"Prepared","floor":37},{"not_picked":["Eviscerate","Malaise"],"picked":"Footwork","floor":40},{"not_picked":["Phantasmal Killer","Distraction"],"picked":"Backflip","floor":42},{"not_picked":["Blur","Dagger Spray"],"picked":"Blade Dance","floor":47},{"not_picked":["Heel Hook","Masterful Stab"],"picked":"Quick Slash","floor":48},{"not_picked":["Dagger Spray","Expertise"],"picked":"Dagger Throw","floor":49}],"player_experience":81498,"potions_floor_usage":[16,20,28,28,50],"damage_taken":[{"damage":0,"enemies":"Jaw Worm","floor":1,"turns":6},{"damage":7,"enemies":"Cultist","floor":2,"turns":5},{"damage":4,"enemies":"2 Louse","floor":4,"turns":4},{"damage":28,"enemies":"Exordium Thugs","floor":5,"turns":7},{"damage":15,"enemies":"Gremlin Nob","floor":6,"turns":5},{"damage":9,"enemies":"Lagavulin","floor":8,"turns":10},{"damage":6,"enemies":"Lagavulin Event","floor":12,"turns":8},{"damage":12,"enemies":"Gremlin Nob","floor":13,"turns":5},{"damage":13,"enemies":"The Guardian","floor":16,"turns":13},{"damage":4,"enemies":"Shell Parasite","floor":18,"turns":6},{"damage":3,"enemies":"3 Byrds","floor":20,"turns":5},{"damage":16,"enemies":"Snake Plant","floor":22,"turns":6},{"damage":3,"enemies":"Book of Stabbing","floor":24,"turns":7},{"damage":16,"enemies":"Slavers","floor":28,"turns":7},{"damage":31,"enemies":"Champ","floor":33,"turns":9},{"damage":11,"enemies":"Orb Walker","floor":35,"turns":3},{"damage":13,"enemies":"Mysterious Sphere","floor":37,"turns":6},{"damage":17,"enemies":"Nemesis","floor":40,"turns":7},{"damage":16,"enemies":"Giant Head","floor":42,"turns":7},{"damage":7,"enemies":"2 Orb Walkers","floor":47,"turns":6},{"damage":38,"enemies":"3 Darklings","floor":48,"turns":5},{"damage":55,"enemies":"Awakened One","floor":50,"turns":15}],"event_choices":[{"event_name":"Transmorgrifier","player_choice":"Transform","floor":3,"damage_taken":0},{"event_name":"Accursed Blacksmith","player_choice":"Forge","floor":11,"damage_taken":0},{"event_name":"Dead Adventurer","player_choice":"Searched \u00272\u0027 times","floor":12,"damage_taken":0},{"event_name":"The Lab","player_choice":"Got Potions","floor":14,"damage_taken":0},{"event_name":"Back to Basics","player_choice":"Simplicity","floor":19,"damage_taken":0},{"event_name":"Addict","player_choice":"Obtained Relic","floor":29,"damage_taken":0},{"event_name":"Cursed Tome","player_choice":"Obtained Book","floor":30,"damage_taken":0},{"event_name":"The Library","player_choice":"Heal","floor":31,"damage_taken":0},{"event_name":"Mysterious Sphere","player_choice":"Fight","floor":37,"damage_taken":0},{"event_name":"Tomb of Lord Red Mask","player_choice":"Paid","floor":39,"damage_taken":0}],"boss_relics":[{"not_picked":["Snecko Eye","White Beast Statue"],"picked":"Black Star"},{"not_picked":["Calling Bell","Question Card"],"picked":"Sozu"}],"potions_floor_spawned":[1,2,12,16,18,24,33,42,48],"seed_played":"-7689604122900846018","ascension_level":2,"is_trial":false}