{"gold_per_floor":[116,81,81,104,129,142,142,142,166,166,166,166,12,80,80,208,208,224,224,224,80,105,105],"floor_reached":23,"playtime":830,"items_purged":[],"score":303,"play_id":"bdbde7e6-35c5-4ce8-a343-1aecd0048ece","local_time":"20190116225518","is_ascension_mode":true,"campfire_choices":[{"data":"Defragment","floor":8,"key":"SMITH"},{"data":"Blind","floor":10,"key":"SMITH"},{"data":"Static Discharge","floor":12,"key":"SMITH"},{"floor":15,"key":"REST"}],"neow_cost":"NONE","seed_source_timestamp":174146957159834,"circlet_count":0,"master_deck":["AscendersBane","Strike_B","Strike_B","Defend_B","Defend_B","Defend_B","Zap","Dualcast","Blind+1","Defragment+1","Glacier","Static Discharge+1","Thunder Strike","Creative AI","Echo Form","Defragment+1","Skim+1","Self Repair+1","Lockon","Ghostly","Ghostly","Ghostly","Ghostly","Ghostly","Go for the Eyes+1"],"relics":["Cracked Core","Golden Idol","Strawberry","Blood Vial","Omamori","Tiny Chest","Astrolabe","Necronomicon","Oddly Smooth Stone"],"potions_floor_usage":[16,16,23],"damage_taken":[{"damage":1,"enemies":"Cultist","floor":1,"turns":3},{"damage":2,"enemies":"2 Louse","floor":5,"turns":3},{"damage":0,"enemies":"Jaw Worm","floor":6,"turns":5},{"damage":37,"enemies":"Gremlin Nob","floor":14,"turns":7},{"damage":26,"enemies":"Slime Boss","floor":16,"turns":10},{"damage":12,"enemies":"Chosen","floor":18,"turns":8},{"damage":3,"enemies":"Spheric Guardian","floor":22,"turns":6},{"damage":43,"enemies":"Gremlin Leader","floor":23,"turns":3}],"seed_played":"7202998747531646652","potions_obtained":[{"floor":5,"key":"Dexterity Potion"},{"floor":6,"key":"SpeedPotion"},{"floor":22,"key":"EssenceOfSteel"}],"is_trial":false,"path_per_floor":["M","?","?","T","M","M","?","R","T","R","?","R","$","E","R","B",null,"M","?","?","$","M","E"],"character_chosen":"DEFECT","items_purchased":["Thunder Strike","Oddly Smooth Stone"],"campfire_rested":1,"item_purchase_floors":[13,21],"current_hp_per_floor":[67,75,69,76,74,74,62,62,62,62,62,62,62,27,49,25,63,63,47,38,38,38,0],"gold":105,"neow_bonus":"RANDOM_COLORLESS","is_prod":false,"is_daily":false,"chose_seed":false,"campfire_upgraded":3,"win_rate":0,"timestamp":1547697318,"path_taken":["M","?","?","?","?","?","?","R","T","R","?","R","?","E","R","BOSS","M","?","?","$","M","E"],"build_version":"2019-01-10","purchased_purges":0,"victory":false,"max_hp_per_floor":[75,75,69,76,76,76,76,76,76,76,76,76,76,76,76,76,76,76,76,38,38,38,38],"card_choices":[{"not_picked":["Chaos","Consume"],"picked":"Defragment","floor":1},{"not_picked":["Recycle","Ball Lightning"],"picked":"Glacier","floor":5},{"not_picked":["Compile Driver","Beam Cell"],"picked":"Static Discharge","floor":6},{"not_picked":["Skim","BootSequence"],"picked":"Creative AI","floor":14},{"not_picked":["Hyperbeam","Core Surge"],"picked":"Echo Form","floor":16},{"not_picked":["Aggregate","Streamline"],"picked":"Lockon","floor":18},{"not_picked":["Skim","Leap"],"picked":"Go for the Eyes+1","floor":22}],"player_experience":513711,"relics_obtained":[{"floor":4,"key":"Strawberry"},{"floor":9,"key":"Omamori"},{"floor":14,"key":"Tiny Chest"},{"floor":19,"key":"Necronomicon"}],"event_choices":[{"damage_healed":18,"gold_gain":0,"player_choice":"Healed","damage_taken":0,"max_hp_gain":0,"max_hp_loss":0,"event_name":"The Cleric","floor":2,"gold_loss":35},{"damage_healed":0,"gold_gain":0,"player_choice":"Lose Max HP","damage_taken":0,"relics_obtained":["Golden Idol"],"max_hp_gain":0,"max_hp_loss":6,"event_name":"Golden Idol","floor":3,"gold_loss":0},{"damage_healed":0,"gold_gain":0,"player_choice":"Success","damage_taken":12,"relics_obtained":["Blood Vial"],"max_hp_gain":0,"max_hp_loss":0,"event_name":"Scrap Ooze","floor":7,"gold_loss":0},{"damage_healed":0,"gold_gain":0,"player_choice":"Ignored","damage_taken":0,"max_hp_gain":0,"max_hp_loss":0,"event_name":"Golden Wing","floor":11,"gold_loss":0},{"damage_healed":0,"gold_gain":0,"player_choice":"Obtained Book","damage_taken":16,"max_hp_gain":0,"max_hp_loss":0,"event_name":"Cursed Tome","floor":19,"gold_loss":0},{"damage_healed":0,"gold_gain":0,"player_choice":"Became a Ghost","damage_taken":0,"max_hp_gain":0,"max_hp_loss":38,"event_name":"Ghosts","floor":20,"gold_loss":0,"cards_obtained":["Ghostly","Ghostly","Ghostly","Ghostly","Ghostly"]}],"is_beta":false,"boss_relics":[{"not_picked":["Orrery","Fusion Hammer"],"picked":"Astrolabe"}],"items_purged_floors":[],"is_endless":false,"potions_floor_spawned":[5,6,22],"killed_by":"Gremlin Leader","ascension_level":10}