{"gold_per_floor":[119,134,153,153,165,199,73,106,106,118,118,130,130,150,150,252,252,252,81,81,81,81,81,81,81,81,81,81,81,81,81,81,81],"floor_reached":33,"playtime":2631,"items_purged":["Pain","Defend_G"],"score":359,"play_id":"01165328-166f-4e7a-bf60-c959b0f9068d","local_time":"20190203022131","is_ascension_mode":true,"campfire_choices":[{"floor":15,"key":"REST"},{"floor":23,"key":"REST"},{"data":"Blind","floor":25,"key":"SMITH"},{"floor":32,"key":"REST"}],"neow_cost":"NONE","seed_source_timestamp":1940666827403278,"circlet_count":0,"master_deck":["Defend_G","Defend_G","Defend_G","Defend_G","Strike_G","Strike_G","Strike_G","Strike_G","Survivor","Neutralize","Blind+1","Leg Sweep","Dagger Spray","Flying Knee","Calculated Gamble","Dodge and Roll","Backflip","Tools of the Trade","Backstab+1","Skewer+1","Blur","Dagger Spray+1","Deflect+1","Quick Slash+1"],"relics":["Ring of the Snake","WarpedTongs","Vajra","Blue Candle","Molten Egg 2","Sundial","Ectoplasm","Happy Flower","Darkstone Periapt","Juzu Bracelet"],"potions_floor_usage":[6,6,8,16,16,29,31,33,33],"damage_taken":[{"damage":1,"enemies":"2 Louse","floor":1,"turns":3},{"damage":0,"enemies":"Cultist","floor":2,"turns":6},{"damage":1,"enemies":"Jaw Worm","floor":3,"turns":5},{"damage":1,"enemies":"Exordium Wildlife","floor":5,"turns":3},{"damage":56,"enemies":"Gremlin Nob","floor":6,"turns":6},{"damage":2,"enemies":"Lagavulin","floor":8,"turns":11},{"damage":4,"enemies":"Blue Slaver","floor":10,"turns":3},{"damage":1,"enemies":"Red Slaver","floor":12,"turns":4},{"damage":0,"enemies":"Lots of Slimes","floor":14,"turns":3},{"damage":24,"enemies":"The Guardian","floor":16,"turns":18},{"damage":33,"enemies":"Chosen","floor":18,"turns":10},{"damage":0,"enemies":"Spheric Guardian","floor":20,"turns":1},{"damage":10,"enemies":"Snake Plant","floor":21,"turns":4},{"damage":0,"enemies":"Chosen and Byrds","floor":22,"turns":4},{"damage":14,"enemies":"Book of Stabbing","floor":29,"turns":6},{"damage":0,"enemies":"Centurion and Healer","floor":30,"turns":6},{"damage":10,"enemies":"Slavers","floor":31,"turns":6},{"damage":35,"enemies":"Automaton","floor":33,"turns":10}],"seed_played":"1297494594567365667","potions_obtained":[{"floor":2,"key":"Swift Potion"},{"floor":5,"key":"EssenceOfSteel"},{"floor":6,"key":"GamblersBrew"},{"floor":14,"key":"GhostInAJar"},{"floor":16,"key":"PowerPotion"},{"floor":20,"key":"Poison Potion"},{"floor":30,"key":"Strength Potion"},{"floor":31,"key":"SpeedPotion"}],"is_trial":false,"path_per_floor":["M","M","M","?","M","E","$","E","T","M","T","M","?","M","R","B",null,"M","$","M","M","M","R","?","R","T","?","?","E","M","E","R","B"],"character_chosen":"THE_SILENT","items_purchased":["Dexterity Potion","Skewer+1"],"campfire_rested":3,"item_purchase_floors":[7,19],"current_hp_per_floor":[69,69,68,68,67,11,11,9,9,5,5,4,4,4,25,1,70,37,37,37,27,27,48,48,48,48,35,35,21,21,11,33,0],"gold":81,"neow_bonus":"RANDOM_COLORLESS","is_prod":false,"is_daily":false,"chose_seed":false,"campfire_upgraded":1,"win_rate":0,"timestamp":1549120891,"path_taken":["M","M","M","?","M","E","?","E","T","?","?","M","?","M","R","BOSS","M","$","M","M","M","R","?","R","T","?","?","E","M","E","R","BOSS"],"build_version":"2019-01-23","purchased_purges":2,"victory":false,"max_hp_per_floor":[70,70,70,70,70,70,70,70,70,70,70,70,70,70,70,70,70,70,70,70,70,70,70,70,70,70,75,75,75,75,75,75,75],"card_choices":[{"not_picked":["Blade Dance","Dodge and Roll","Dagger Throw"],"picked":"SKIP","floor":1},{"not_picked":["Slice","Sucker Punch"],"picked":"Leg Sweep","floor":2},{"not_picked":["Backflip","Wraith Form v2"],"picked":"Dagger Spray","floor":3},{"not_picked":["Acrobatics","Noxious Fumes"],"picked":"Flying Knee","floor":5},{"not_picked":["Noxious Fumes","Blade Dance"],"picked":"Calculated Gamble","floor":6},{"not_picked":["Bane","Wraith Form v2"],"picked":"Dodge and Roll","floor":8},{"not_picked":["Deflect","Poisoned Stab+1","Caltrops"],"picked":"SKIP","floor":10},{"not_picked":["Deadly Poison","Acrobatics"],"picked":"Backflip","floor":12},{"not_picked":["Prepared","Deadly Poison","Underhanded Strike+1"],"picked":"SKIP","floor":14},{"not_picked":["Grand Finale+1","Glass Knife+1"],"picked":"Tools of the Trade","floor":16},{"not_picked":["Catalyst","Reflex"],"picked":"Backstab+1","floor":18},{"not_picked":["Prepared","Poisoned Stab+1"],"picked":"Blur","floor":20},{"not_picked":["Sucker Punch+1","Prepared"],"picked":"Dagger Spray+1","floor":21},{"not_picked":["Deadly Poison","Envenom"],"picked":"Deflect+1","floor":22},{"not_picked":["Finisher+1","Crippling Poison","Underhanded Strike+1"],"picked":"SKIP","floor":29},{"not_picked":["Prepared+1","Dagger Spray+1","Wraith Form v2"],"picked":"SKIP","floor":30},{"not_picked":["Sucker Punch+1","Leg Sweep"],"picked":"Quick Slash+1","floor":31}],"player_experience":237209,"relics_obtained":[{"floor":6,"key":"Vajra"},{"floor":8,"key":"Blue Candle"},{"floor":9,"key":"Molten Egg 2"},{"floor":11,"key":"Sundial"},{"floor":26,"key":"Happy Flower"},{"floor":29,"key":"Darkstone Periapt"},{"floor":31,"key":"Juzu Bracelet"}],"event_choices":[{"damage_healed":0,"gold_gain":0,"player_choice":"Rummage","damage_taken":0,"relics_obtained":["WarpedTongs"],"max_hp_gain":0,"max_hp_loss":0,"event_name":"Accursed Blacksmith","floor":4,"gold_loss":0,"cards_obtained":["Pain"]},{"cards_removed":["Strike_G"],"damage_healed":0,"gold_gain":0,"player_choice":"Forget","damage_taken":0,"max_hp_gain":0,"max_hp_loss":0,"event_name":"Living Wall","floor":13,"gold_loss":0},{"damage_healed":0,"gold_gain":0,"player_choice":"Ignored","damage_taken":0,"max_hp_gain":0,"max_hp_loss":0,"event_name":"Ghosts","floor":24,"gold_loss":0},{"damage_healed":0,"gold_gain":0,"player_choice":"Shed Blood","damage_taken":18,"max_hp_gain":5,"max_hp_loss":0,"event_name":"Forgotten Altar","floor":27,"gold_loss":0},{"damage_healed":0,"gold_gain":0,"player_choice":"Ignored","damage_taken":0,"max_hp_gain":0,"max_hp_loss":0,"event_name":"Golden Shrine","floor":28,"gold_loss":0}],"is_beta":false,"boss_relics":[{"not_picked":["Velvet Choker","Philosopher\u0027s Stone"],"picked":"Ectoplasm"}],"items_purged_floors":[7,19],"is_endless":false,"potions_floor_spawned":[2,5,6,14,16,20,30,31],"killed_by":"Automaton","ascension_level":4}