{"gold_per_floor":[116,128,139,139,139,139,158,158,158,158,178,201,217,231,231,330,330,344,344,183,207,223,223,54,54,54,66,78,15,41,88,100,112],"floor_reached":33,"playtime":1067,"items_purged":["Parasite"],"score":504,"play_id":"3761a050-5db1-4dec-ae14-3a38d85297e3","local_time":"20180922102043","is_ascension_mode":true,"campfire_choices":[{"data":"Zap","floor":6,"key":"SMITH"},{"data":"Dualcast","floor":10,"key":"SMITH"},{"floor":15,"key":"REST"},{"data":"Echo Form","floor":23,"key":"SMITH"},{"data":"Go for the Eyes","floor":25,"key":"SMITH"},{"data":"Beam Cell","floor":27,"key":"SMITH"},{"data":"Steam","floor":32,"key":"SMITH"}],"neow_cost":"PERCENT_DAMAGE","seed_source_timestamp":73350879627989,"circlet_count":0,"master_deck":["Defend_B","Defend_B","Defend_B","Defend_B","Zap+1","Dualcast+1","AscendersBane","Coolheaded","All For One","Cold Snap","Gash","Beam Cell+1","Steam+1","FTL","Echo Form+1","Go for the Eyes+1","Multi-Cast+1","Turbo","All For One","Go for the Eyes+1","Gash","Reboot","Chaos+1"],"relics":["Cracked Core","Golden Idol","Bronze Scales","Astrolabe","Vajra","MawBank","Meat on the Bone"],"potions_floor_usage":[11,16,22,31],"damage_taken":[{"damage":0,"enemies":"2 Louse","floor":1,"turns":3},{"damage":1,"enemies":"Cultist","floor":2,"turns":3},{"damage":0,"enemies":"Jaw Worm","floor":3,"turns":3},{"damage":7,"enemies":"Red Slaver","floor":7,"turns":3},{"damage":0,"enemies":"2 Fungi Beasts","floor":11,"turns":3},{"damage":11,"enemies":"Looter","floor":12,"turns":3},{"damage":12,"enemies":"Exordium Thugs","floor":13,"turns":3},{"damage":9,"enemies":"Gremlin Gang","floor":14,"turns":4},{"damage":19,"enemies":"Hexaghost","floor":16,"turns":7},{"damage":0,"enemies":"Chosen","floor":18,"turns":3},{"damage":0,"enemies":"3 Byrds","floor":21,"turns":2},{"damage":8,"enemies":"Snake Plant","floor":22,"turns":4},{"damage":23,"enemies":"Centurion and Healer","floor":30,"turns":3},{"damage":39,"enemies":"Gremlin Leader","floor":31,"turns":5},{"damage":31,"enemies":"Automaton","floor":33,"turns":4}],"seed_played":"4392660442628985694","potions_obtained":[{"floor":1,"key":"Ancient Potion"},{"floor":7,"key":"Block Potion"},{"floor":14,"key":"FearPotion"},{"floor":16,"key":"FearPotion"}],"is_trial":false,"path_per_floor":["M","M","M","?","?","R","M","?","T","R","M","M","M","M","R","B",null,"M","?","$","M","M","R","$","R","T","R","?","?","M","E","R"],"character_chosen":"DEFECT","items_purchased":["All For One","Vajra"],"campfire_rested":1,"item_purchase_floors":[20,24],"current_hp_per_floor":[57,56,56,56,27,27,20,41,41,41,41,30,18,9,34,15,68,68,68,68,68,60,60,60,60,60,60,92,92,69,30,30,0],"gold":112,"neow_bonus":"TWENTY_PERCENT_HP_BONUS","is_prod":false,"is_daily":false,"chose_seed":false,"campfire_upgraded":6,"win_rate":0,"timestamp":1537636843,"path_taken":["M","M","M","?","?","R","?","?","T","R","?","M","M","?","R","BOSS","M","?","$","M","M","R","$","R","T","R","?","?","?","E","R","BOSS"],"build_version":"2018-09-20","purchased_purges":1,"victory":false,"max_hp_per_floor":[85,85,85,85,85,85,85,85,85,85,85,85,85,85,85,85,85,85,85,82,82,82,82,82,82,82,82,92,92,92,92,92,92],"card_choices":[{"not_picked":["Fusion","Barrage"],"picked":"Streamline","floor":1},{"not_picked":["Streamline","Reinforced Body"],"picked":"Coolheaded","floor":2},{"not_picked":["Ball Lightning","Conserve Battery"],"picked":"All For One","floor":3},{"not_picked":["Barrage","Streamline"],"picked":"Cold Snap","floor":7},{"not_picked":["Rebound","Cold Snap"],"picked":"Gash","floor":11},{"not_picked":["Streamline","Stack"],"picked":"Beam Cell","floor":12},{"not_picked":["Sweeping Beam","Fusion"],"picked":"Steam","floor":13},{"not_picked":["Compile Driver","Barrage"],"picked":"FTL","floor":14},{"not_picked":["Meteor Strike","Seek"],"picked":"Echo Form","floor":16},{"not_picked":["Undo","Steam"],"picked":"Turbo","floor":18},{"not_picked":["Coolheaded","Leap"],"picked":"Go for the Eyes","floor":21},{"not_picked":["Hologram","Turbo"],"picked":"Gash","floor":22},{"not_picked":["Go for the Eyes","Reinforced Body"],"picked":"Reboot","floor":30},{"not_picked":["Defragment","Rebound"],"picked":"Chaos+1","floor":31}],"player_experience":815774,"relics_obtained":[{"floor":9,"key":"Bronze Scales"},{"floor":26,"key":"MawBank"},{"floor":31,"key":"Meat on the Bone"}],"event_choices":[{"event_name":"Purifier","player_choice":"One Purge","floor":4,"damage_taken":0},{"event_name":"Golden Idol","player_choice":"Take Damage","floor":5,"damage_taken":0},{"event_name":"Mushrooms","player_choice":"Healed and dodged fight","floor":8,"damage_taken":0},{"event_name":"Vampires","player_choice":"Ignored","floor":19,"damage_taken":0},{"event_name":"Bonfire Elementals","player_choice":"RARE","floor":28,"damage_taken":0},{"event_name":"Beggar","player_choice":"Gave Gold","floor":29,"damage_taken":0}],"is_beta":true,"boss_relics":[{"not_picked":["Runic Pyramid","Velvet Choker"],"picked":"Astrolabe"}],"items_purged_floors":[20],"is_endless":false,"potions_floor_spawned":[1,7,14,16],"killed_by":"Automaton","ascension_level":17}