{"gold_per_floor":[119,9,9,9,184,209,223,223,304,229,247,263,294,23,23,128,128,144,144,144,155,170,170,198,198,198,198,228,228,228,228],"floor_reached":31,"playtime":1551,"items_purged":["Regret","Doubt"],"score":481,"play_id":"b1f32b7a-a914-47ea-accf-315b28eeac5c","local_time":"20190115232340","is_ascension_mode":true,"campfire_choices":[{"data":"Rip and Tear","floor":8.0,"key":"SMITH"},{"data":"Loop","floor":15.0,"key":"SMITH"},{"floor":23.0,"key":"RECALL"},{"data":"Self Repair","floor":29,"key":"SMITH"}],"neow_cost":"NONE","seed_source_timestamp":88636629059124,"circlet_count":0,"master_deck":["AscendersBane","Strike_B","Strike_B","Strike_B","Strike_B","Defend_B","Defend_B+1","Defend_B","Defend_B","Zap+1","Dualcast","Self Repair","Self Repair","Rip and Tear+1","Doom and Gloom","Conserve Battery","Glacier","Loop+1","Sweeping Beam","Biased Cognition","Blizzard+1","Cold Snap+1","BootSequence","Self Repair+1","Decay","Cold Snap+1","Ghostly","Ghostly","Ghostly","Ghostly","Ghostly"],"special_seed":0,"relics":["Cracked Core","NeowsBlessing","Question Card","Happy Flower","Tiny Chest","War Paint","Orichalcum","Coffee Dripper","Blue Candle","Thread and Needle","Lantern"],"potions_floor_usage":[31],"damage_taken":[{"damage":0.0,"enemies":"2 Louse","floor":1.0,"turns":1.0},{"damage":2.0,"enemies":"Lagavulin","floor":6.0,"turns":2.0},{"damage":0.0,"enemies":"Jaw Worm","floor":7.0,"turns":1.0},{"damage":0.0,"enemies":"Small Slimes","floor":11.0,"turns":3.0},{"damage":0.0,"enemies":"Exordium Wildlife","floor":12.0,"turns":3.0},{"damage":27.0,"enemies":"Gremlin Nob","floor":13.0,"turns":5.0},{"damage":32.0,"enemies":"Slime Boss","floor":16.0,"turns":12.0},{"damage":24.0,"enemies":"3 Byrds","floor":18.0,"turns":6.0},{"damage":25.0,"enemies":"2 Thieves","floor":21.0,"turns":4.0},{"damage":35.0,"enemies":"3 Cultists","floor":22.0,"turns":5.0},{"damage":25.0,"enemies":"Gremlin Leader","floor":24.0,"turns":7.0},{"damage":30,"enemies":"Book of Stabbing","floor":28,"turns":4},{"damage":32,"enemies":"Centurion and Healer","floor":31,"turns":12}],"seed_played":"8378748782836254869","potions_obtained":[{"floor":1.0,"key":"Regen Potion"},{"floor":7.0,"key":"EssenceOfSteel"},{"floor":18.0,"key":"FocusPotion"},{"floor":22.0,"key":"Strength Potion"},{"floor":28,"key":"Regen Potion"}],"is_trial":false,"path_per_floor":["M","$","?","?","?","E","M","R","T","$","M","M","E","$","R","B",null,"M","?","T","M","M","R","E","$","T","?","E","R","?","M"],"character_chosen":"DEFECT","items_purchased":["Self Repair","Rip and Tear","Orichalcum","Sweeping Beam"],"campfire_rested":0,"item_purchase_floors":[2,2,14,14],"current_hp_per_floor":[68,68,68,68,68,66,73,73,73,73,75,75,71,71,71,53,70,60,75,75,64,43,43,32,32,32,32,16,16,16,0],"gold":228,"neow_bonus":"THREE_ENEMY_KILL","is_prod":false,"is_daily":false,"chose_seed":false,"campfire_upgraded":3,"win_rate":0,"timestamp":1547612620,"path_taken":["M","$","?","?","?","E","M","R","T","$","M","M","E","$","R","BOSS","M","?","?","M","M","R","E","$","T","?","E","R","?","M"],"build_version":"2019-01-10","purchased_purges":2,"victory":false,"max_hp_per_floor":[75,75,75,75,75,75,75,75,75,75,75,75,75,75,75,75,75,75,75,75,75,75,75,75,75,75,75,75,75,37,37],"card_choices":[{"not_picked":["Ball Lightning","Fusion"],"picked":"Self Repair","floor":1.0},{"not_picked":["Sweeping Beam","Leap","Ball Lightning"],"picked":"Doom and Gloom","floor":6.0},{"not_picked":["Heatsinks","Reinforced Body","Capacitor","Barrage"],"picked":"SKIP","floor":7.0},{"not_picked":["Redo","Hologram","Streamline"],"picked":"Conserve Battery","floor":11.0},{"not_picked":["Rebound","Doom and Gloom","Storm"],"picked":"Glacier","floor":12.0},{"not_picked":["Recycle","Force Field","Blizzard"],"picked":"Loop","floor":13.0},{"not_picked":["Machine Learning","Core Surge","All For One"],"picked":"Biased Cognition","floor":16.0},{"not_picked":["Lockon","Hologram","Static Discharge"],"picked":"Blizzard+1","floor":18.0},{"not_picked":["Gash","Coolheaded","Redo"],"picked":"Cold Snap+1","floor":21.0},{"not_picked":["Barrage","Streamline","Sweeping Beam"],"picked":"BootSequence","floor":22.0},{"not_picked":["Ball Lightning+1","Hyperbeam","Tempest"],"picked":"Self Repair","floor":24.0},{"not_picked":["Hologram","Barrage","Skim"],"picked":"Cold Snap+1","floor":28}],"player_experience":490502,"relics_obtained":[{"floor":6.0,"key":"Happy Flower"},{"floor":9.0,"key":"Tiny Chest"},{"floor":13.0,"key":"War Paint"},{"floor":24.0,"key":"Blue Candle"},{"floor":26.0,"key":"Thread and Needle"},{"floor":28,"key":"Lantern"}],"event_choices":[{"damage_healed":0.0,"max_hp_gain":0.0,"max_hp_loss":0.0,"gold_gain":0.0,"event_name":"Big Fish","player_choice":"Box","floor":3.0,"gold_loss":0.0,"damage_taken":0.0,"relics_obtained":["Question Card"],"cards_obtained":["Regret"]},{"damage_healed":0.0,"max_hp_gain":0.0,"max_hp_loss":0.0,"gold_gain":0.0,"event_name":"The Cleric","player_choice":"Leave","floor":4.0,"gold_loss":0.0,"damage_taken":0.0},{"damage_healed":0.0,"max_hp_gain":0.0,"max_hp_loss":0.0,"gold_gain":175.0,"event_name":"Liars Game","player_choice":"AGREE","floor":5.0,"gold_loss":0.0,"damage_taken":0.0,"cards_obtained":["Doubt"]},{"damage_healed":25.0,"max_hp_gain":0.0,"max_hp_loss":0.0,"gold_gain":0.0,"event_name":"The Library","player_choice":"Heal","floor":19.0,"gold_loss":0.0,"damage_taken":0.0},{"damage_healed":0.0,"max_hp_gain":0.0,"max_hp_loss":0.0,"gold_gain":0.0,"event_name":"Forgotten Altar","player_choice":"Smashed Altar","floor":27.0,"gold_loss":0.0,"damage_taken":0.0,"cards_obtained":["Decay"]},{"damage_healed":0,"gold_gain":0,"player_choice":"Became a Ghost","damage_taken":0,"max_hp_gain":0,"max_hp_loss":38,"event_name":"Ghosts","floor":30,"gold_loss":0,"cards_obtained":["Ghostly","Ghostly","Ghostly","Ghostly","Ghostly"]}],"is_beta":false,"boss_relics":[{"not_picked":["Pandora\u0027s Box","White Beast Statue"],"picked":"Coffee Dripper"}],"items_purged_floors":[10,14],"is_endless":false,"potions_floor_spawned":[1,7,18,22,28],"killed_by":"Centurion and Healer","ascension_level":10}