{"gold_per_floor":[114,114,114,129,144,174,174,174,174,174,174,174,193,231,231,231],"floor_reached":16,"playtime":488,"items_purged":[],"score":108,"play_id":"ababb291-c5fa-410e-bc19-c71bc9859491","local_time":"20180812012506","daily_mods":["Heirloom","Terminal","Vintage"],"is_ascension_mode":false,"campfire_choices":[{"data":"1","floor":8,"key":"LIFT"},{"floor":10,"key":"REST"},{"data":"2","floor":15,"key":"LIFT"}],"neow_cost":"","seed_source_timestamp":0,"circlet_count":0,"master_deck":["Defend_G","Defend_G","Defend_G","Defend_G","Defend_G","Strike_G","Strike_G","Strike_G","Strike_G","Survivor","Neutralize","Corpse Explosion","Bouncing Flask"],"special_seed":17754,"relics":["Ring of the Snake","Girya","Boot","Frozen Egg 2","Paper Crane","Meat on the Bone","Oddly Smooth Stone","Golden Idol","Ornamental Fan","Juzu Bracelet"],"potions_floor_usage":[16,16],"damage_taken":[{"damage":0,"enemies":"Small Slimes","floor":1,"turns":4},{"damage":0,"enemies":"2 Louse","floor":4,"turns":4},{"damage":1,"enemies":"Cultist","floor":5,"turns":4},{"damage":41,"enemies":"Lagavulin","floor":6,"turns":11},{"damage":0,"enemies":"2 Fungi Beasts","floor":13,"turns":2},{"damage":9,"enemies":"3 Sentries","floor":14,"turns":3},{"damage":32,"enemies":"Slime Boss","floor":16,"turns":7}],"seed_played":"7174262716422048038","potions_obtained":[{"floor":1,"key":"Fire Potion"},{"floor":4,"key":"PowerPotion"}],"is_trial":false,"path_per_floor":["M","?","?","M","M","E","?","R","T","R","?","?","M","E","R"],"character_chosen":"THE_SILENT","items_purchased":[],"campfire_rested":1,"item_purchase_floors":[],"current_hp_per_floor":[68,61,61,61,60,19,19,19,19,37,23,28,40,31,31,0],"gold":231,"neow_bonus":"","is_prod":false,"is_daily":true,"chose_seed":false,"campfire_upgraded":0,"win_rate":0,"timestamp":1534001106,"path_taken":["M","?","?","?","M","E","?","R","T","R","?","?","M","E","R","BOSS"],"build_version":"2018-08-09","purchased_purges":0,"victory":false,"max_hp_per_floor":[68,67,66,65,64,63,62,61,60,59,58,62,61,60,59,59],"card_choices":[{"not_picked":["Prepared","Acrobatics"],"picked":"Corpse Explosion","floor":6},{"not_picked":["Outmaneuver","Choke"],"picked":"Bouncing Flask","floor":14}],"player_experience":375665,"relics_obtained":[{"floor":1,"key":"Boot"},{"floor":4,"key":"Frozen Egg 2"},{"floor":5,"key":"Paper Crane"},{"floor":6,"key":"Meat on the Bone"},{"floor":9,"key":"Oddly Smooth Stone"},{"floor":13,"key":"Ornamental Fan"},{"floor":14,"key":"Juzu Bracelet"}],"event_choices":[{"event_name":"Golden Wing","player_choice":"Card Removal","floor":2,"damage_taken":0},{"event_name":"Accursed Blacksmith","player_choice":"Ignore","floor":3,"damage_taken":0},{"event_name":"Liars Game","player_choice":"disagreed","floor":7,"damage_taken":0},{"event_name":"Golden Idol","player_choice":"Take Damage","floor":11,"damage_taken":0},{"event_name":"Big Fish","player_choice":"Donut","floor":12,"damage_taken":0}],"is_beta":false,"boss_relics":[],"items_purged_floors":[],"is_endless":false,"potions_floor_spawned":[1,4],"killed_by":"Slime Boss","ascension_level":0}