{"gold_per_floor":[119,138,156,156,156,185,185,217,217,243,243,261,285,285,285,404,404,425,425,448,84,97,132,47,47,74,74,97,135,135,160,160,290,290,306,333,333,333,666,666,701,109,109,121,136,0,0,17,17,17,17,17,17,44,44],"floor_reached":56,"playtime":3564,"items_purged":["Armaments","Clothesline+1"],"score":1583,"play_id":"c4d7e37a-28be-4d5d-8865-7f94b1a9799d","local_time":"20190207193858","is_ascension_mode":true,"campfire_choices":[{"floor":7,"key":"REST"},{"data":"Carnage","floor":11,"key":"SMITH"},{"data":"Armaments","floor":15,"key":"SMITH"},{"data":"Bludgeon","floor":27,"key":"SMITH"},{"data":"Exhume","floor":30,"key":"SMITH"},{"floor":32,"key":"REST"},{"data":"Double Tap","floor":40,"key":"SMITH"},{"floor":49,"key":"RECALL"},{"floor":52,"key":"REST"}],"neow_cost":"NONE","seed_source_timestamp":158725126781617,"circlet_count":0,"master_deck":["Pommel Strike","Offering","Shrug It Off","Carnage+1","Cleave","Armaments+1","Impervious","Uppercut+1","Disarm","Shrug It Off","Second Wind","Brutality+1","Bludgeon+1","Disarm","Body Slam+1","Entrench+1","Rupture+1","Ghostly Armor+1","Exhume+1","Double Tap+1","Madness","Madness","Sentinel+1","Impervious","Sentinel+1","Feel No Pain+1","Limit Break"],"relics":["Burning Blood","Paper Frog","Frozen Egg 2","Mercury Hourglass","Anchor","Odd Mushroom","Pandora\u0027s Box","Dodecahedron","Magic Flower","WingedGreaves","Meat on the Bone","Whetstone","Pear","Runic Cube","PreservedInsect","MawBank","Kunai","Pantograph","Red Mask","Self Forming Clay"],"potions_floor_usage":[6,8,13,13,23,28,33,41,44,44,44,48,50,50,55],"damage_taken":[{"damage":6,"enemies":"Cultist","floor":1,"turns":3},{"damage":1,"enemies":"2 Louse","floor":2,"turns":3},{"damage":7,"enemies":"Jaw Worm","floor":3,"turns":4},{"damage":22,"enemies":"Lagavulin","floor":6,"turns":6},{"damage":36,"enemies":"3 Sentries","floor":8,"turns":11},{"damage":8,"enemies":"Gremlin Nob","floor":10,"turns":3},{"damage":0,"enemies":"Red Slaver","floor":12,"turns":3},{"damage":2,"enemies":"The Mushroom Lair","floor":13,"turns":2},{"damage":0,"enemies":"Slime Boss","floor":16,"turns":6},{"damage":28,"enemies":"Shell Parasite","floor":18,"turns":6},{"damage":6,"enemies":"3 Byrds","floor":20,"turns":4},{"damage":9,"enemies":"Shelled Parasite and Fungi","floor":22,"turns":7},{"damage":6,"enemies":"Book of Stabbing","floor":23,"turns":6},{"damage":33,"enemies":"Sentry and Sphere","floor":28,"turns":8},{"damage":17,"enemies":"Gremlin Leader","floor":29,"turns":7},{"damage":19,"enemies":"Chosen and Byrds","floor":31,"turns":8},{"damage":51,"enemies":"Automaton","floor":33,"turns":10},{"damage":8,"enemies":"3 Shapes","floor":35,"turns":7},{"damage":11,"enemies":"Nemesis","floor":41,"turns":5},{"damage":17,"enemies":"3 Darklings","floor":44,"turns":9},{"damage":6,"enemies":"Spire Growth","floor":45,"turns":5},{"damage":39,"enemies":"Transient","floor":48,"turns":5},{"damage":81,"enemies":"Awakened One","floor":50,"turns":13},{"damage":29,"enemies":"Shield and Spear","floor":54,"turns":8},{"damage":45,"enemies":"The Heart","floor":55,"turns":8}],"seed_played":"3836931231319523299","potions_obtained":[{"floor":2,"key":"GamblersBrew"},{"floor":3,"key":"EssenceOfSteel"},{"floor":10,"key":"FearPotion"},{"floor":12,"key":"PowerPotion"},{"floor":20,"key":"SkillPotion"},{"floor":22,"key":"Swift Potion"},{"floor":23,"key":"Fire Potion"},{"floor":33,"key":"SpeedPotion"},{"floor":35,"key":"Fire Potion"},{"floor":44,"key":"Weak Potion"},{"floor":54,"key":"Energy Potion"}],"is_trial":false,"path_per_floor":["M","M","M","?","T","E","R","E","T","E","R","M","?","?","R","B",null,"M","?","M","$","M","E","?","?","T","R","M","E","R","M","R","B",null,"M","T","?","?","?","R","E","$","T","M","M","?","?","M","R","B",null,"R","$","E","B",null],"character_chosen":"IRONCLAD","items_purchased":["Magic Flower","Kunai","Impervious","EntropicBrew"],"campfire_rested":3,"item_purchase_floors":[21,42,42,42],"current_hp_per_floor":[80,80,79,72,72,56,80,50,50,48,48,54,58,58,58,64,72,50,50,50,50,50,53,53,53,53,53,47,67,67,57,82,58,78,79,79,68,68,68,68,66,66,66,58,61,61,61,49,49,30,71,84,84,64,66],"gold":44,"neow_bonus":"UPGRADE_CARD","is_prod":false,"is_daily":false,"chose_seed":false,"campfire_upgraded":5,"win_rate":0,"timestamp":1549535938,"path_taken":["M","?","M","?","?","E","R","E","T","E","R","?","?","?","R","BOSS","M","?","?","$","M","E","?","?","T","R","M","E","R","M","R","BOSS","M","?","?","?","?","R","E","$","T","?","M","?","?","M","R","BOSS","R","$","E","BOSS"],"build_version":"2019-01-23","purchased_purges":2,"victory":true,"max_hp_per_floor":[80,80,80,80,80,80,80,80,80,80,80,80,80,74,74,74,74,74,74,74,74,74,74,74,74,74,74,74,84,84,84,84,84,84,84,84,84,84,84,84,84,84,84,84,84,84,84,84,84,84,84,84,84,84,84],"card_choices":[{"not_picked":["Anger","Flex"],"picked":"Pommel Strike","floor":1},{"not_picked":["Warcry","Heavy Blade"],"picked":"Clothesline","floor":2},{"not_picked":["Burning Pact","Anger","Twin Strike"],"picked":"SKIP","floor":3},{"not_picked":["True Grit","Havoc"],"picked":"Offering","floor":6},{"not_picked":["Headbutt","Entrench"],"picked":"Shrug It Off","floor":8},{"not_picked":["Shrug It Off","Sever Soul"],"picked":"Carnage","floor":10},{"not_picked":["Heavy Blade","Warcry"],"picked":"Cleave","floor":12},{"not_picked":["Sword Boomerang","Cleave"],"picked":"Armaments","floor":13},{"not_picked":["Exhume","Dark Embrace+1"],"picked":"Impervious","floor":16},{"not_picked":["Flex","Anger"],"picked":"Body Slam+1","floor":18},{"not_picked":["Body Slam","Infernal Blade","Clash"],"picked":"SKIP","floor":20},{"not_picked":["Clash+1","Pommel Strike","Rampage"],"picked":"SKIP","floor":22},{"not_picked":["Pommel Strike","Combust+1"],"picked":"Entrench+1","floor":23},{"not_picked":["Bloodletting","Cleave"],"picked":"Ghostly Armor+1","floor":28},{"not_picked":["Heavy Blade","Seeing Red"],"picked":"Exhume","floor":29},{"not_picked":["Body Slam","Dropkick","True Grit"],"picked":"SKIP","floor":31},{"not_picked":["Feed","Limit Break"],"picked":"Double Tap","floor":33},{"not_picked":["Flex+1","Cleave","Havoc"],"picked":"SKIP","floor":35},{"not_picked":["Heavy Blade+1","Sword Boomerang"],"picked":"Sentinel+1","floor":41},{"not_picked":["Heavy Blade+1","Wild Strike+1"],"picked":"Sentinel+1","floor":44},{"not_picked":["Flex+1","Iron Wave+1","Carnage+1"],"picked":"SKIP","floor":45},{"not_picked":["Searing Blow+1","Warcry+1"],"picked":"Feel No Pain+1","floor":48},{"not_picked":["Whirlwind+1","Cleave"],"picked":"Limit Break","floor":54}],"player_experience":827567,"relics_obtained":[{"floor":5,"key":"Paper Frog"},{"floor":6,"key":"Frozen Egg 2"},{"floor":8,"key":"Mercury Hourglass"},{"floor":10,"key":"Anchor"},{"floor":13,"key":"Odd Mushroom"},{"floor":19,"key":"Dodecahedron"},{"floor":23,"key":"WingedGreaves"},{"floor":26,"key":"Whetstone"},{"floor":29,"key":"Pear"},{"floor":36,"key":"PreservedInsect"},{"floor":41,"key":"MawBank"},{"floor":43,"key":"Pantograph"},{"floor":54,"key":"Self Forming Clay"}],"event_choices":[{"cards_removed":["Strike_R"],"damage_healed":0,"gold_gain":0,"player_choice":"Card Removal","damage_taken":7,"max_hp_gain":0,"max_hp_loss":0,"event_name":"Golden Wing","floor":4,"gold_loss":0},{"damage_healed":0,"gold_gain":0,"player_choice":"Fought Mushrooms","damage_taken":0,"max_hp_gain":0,"max_hp_loss":0,"event_name":"Mushrooms","floor":13,"gold_loss":0},{"damage_healed":0,"gold_gain":0,"player_choice":"Lose Max HP","damage_taken":0,"relics_obtained":["Golden Idol"],"max_hp_gain":0,"max_hp_loss":6,"event_name":"Golden Idol","floor":14,"gold_loss":0},{"damage_healed":0,"gold_gain":0,"player_choice":"Relic","damage_taken":0,"max_hp_gain":0,"max_hp_loss":0,"event_name":"Wheel of Change","floor":19,"gold_loss":0},{"damage_healed":0,"gold_gain":0,"player_choice":"Obtained Relic","damage_taken":0,"relics_obtained":["Meat on the Bone"],"max_hp_gain":0,"max_hp_loss":0,"event_name":"Addict","floor":24,"gold_loss":85},{"damage_healed":0,"gold_gain":0,"player_choice":"1 cards matched","damage_taken":0,"max_hp_gain":0,"max_hp_loss":0,"event_name":"Match and Keep!","floor":25,"gold_loss":0,"cards_obtained":["Rupture"]},{"damage_healed":0,"gold_gain":0,"player_choice":"Embrace Madness","damage_taken":11,"max_hp_gain":0,"max_hp_loss":0,"event_name":"Winding Halls","floor":37,"gold_loss":0,"cards_obtained":["Madness","Madness"]},{"cards_removed":["Bash"],"damage_healed":0,"gold_gain":0,"player_choice":"Removed Attack","damage_taken":0,"max_hp_gain":0,"max_hp_loss":0,"event_name":"Falling","floor":38,"gold_loss":0},{"damage_healed":0,"gold_gain":333,"player_choice":"Gave Idol","damage_taken":0,"max_hp_gain":0,"max_hp_loss":0,"event_name":"The Moai Head","floor":39,"relics_lost":["Golden Idol"],"gold_loss":0},{"damage_healed":0,"gold_gain":0,"player_choice":"Paid","damage_taken":0,"relics_obtained":["Red Mask"],"max_hp_gain":0,"max_hp_loss":0,"event_name":"Tomb of Lord Red Mask","floor":46,"gold_loss":136},{"damage_healed":0,"gold_gain":0,"player_choice":"Ignored","damage_taken":0,"max_hp_gain":0,"max_hp_loss":0,"event_name":"Mysterious Sphere","floor":47,"gold_loss":0}],"is_beta":false,"boss_relics":[{"not_picked":["White Beast Statue","Eternal Feather"],"picked":"Pandora\u0027s Box"},{"not_picked":["Black Star","Tiny House"],"picked":"Runic Cube"}],"items_purged_floors":[21,42],"is_endless":false,"potions_floor_spawned":[2,3,10,12,20,22,23,33,35,44,54],"ascension_level":5}