{"gold_per_floor":[111,111,111,126,142,167,167,186,186,214,214,234,234,267,267,371,371,383,393,129,140,140,140],"floor_reached":23,"playtime":1750,"items_purged":[],"score":243,"play_id":"7b2d65fe-076e-4fa3-84a4-8ce8a8d53121","local_time":"20181216035131","is_ascension_mode":true,"campfire_choices":[{"data":"Streamline","floor":7,"key":"SMITH"},{"floor":11,"key":"RECALL"},{"floor":15,"key":"REST"}],"neow_cost":"NONE","seed_source_timestamp":708227672715524,"circlet_count":0,"master_deck":["Strike_B","Strike_B+1","Defend_B","Defend_B","Defend_B+1","Defend_B","Zap","Dualcast","Conserve Battery","Reboot","Streamline+1","Machine Learning","Ball Lightning","Leap","Leap","Cold Snap","Reprogram","Creative AI","Static Discharge","Capacitor","Heatsinks","Writhe"],"relics":["Cracked Core","Pantograph","Gambling Chip","Bag of Marbles","Potion Belt","Nuclear Battery","MealTicket","Incense Burner"],"potions_floor_usage":[10,10,23,23],"damage_taken":[{"damage":0,"enemies":"2 Louse","floor":1,"turns":2},{"damage":7,"enemies":"Small Slimes","floor":4,"turns":2},{"damage":0,"enemies":"Jaw Worm","floor":5,"turns":3},{"damage":25,"enemies":"Gremlin Nob","floor":6,"turns":4},{"damage":0,"enemies":"Blue Slaver","floor":8,"turns":2},{"damage":2,"enemies":"Lagavulin","floor":10,"turns":6},{"damage":18,"enemies":"Exordium Wildlife","floor":12,"turns":4},{"damage":3,"enemies":"3 Sentries","floor":14,"turns":9},{"damage":21,"enemies":"Hexaghost","floor":16,"turns":9},{"damage":0,"enemies":"Chosen","floor":18,"turns":5},{"damage":14,"enemies":"Shell Parasite","floor":19,"turns":9},{"damage":20,"enemies":"Snecko","floor":21,"turns":6},{"damage":55,"enemies":"Slavers","floor":23,"turns":3}],"seed_played":"-3333830740350375554","potions_obtained":[{"floor":5,"key":"SkillPotion"},{"floor":8,"key":"PowerPotion"},{"floor":12,"key":"Ancient Potion"},{"floor":16,"key":"GamblersBrew"},{"floor":18,"key":"Regen Potion"},{"floor":19,"key":"SpeedPotion"}],"is_trial":false,"path_per_floor":["M","?","?","M","M","E","R","M","T","E","R","M","?","E","R","B",null,"M","M","$","M","?","E"],"character_chosen":"DEFECT","items_purchased":["MealTicket","Capacitor"],"campfire_rested":1,"item_purchase_floors":[20,20],"current_hp_per_floor":[75,60,60,53,53,28,28,28,28,26,26,8,5,2,24,28,75,75,61,61,41,41,0],"gold":140,"neow_bonus":"REMOVE_CARD","is_prod":false,"is_daily":false,"chose_seed":false,"campfire_upgraded":1,"win_rate":0,"timestamp":1544950291,"path_taken":["M","?","?","M","M","E","R","M","T","E","R","M","?","E","R","BOSS","M","M","$","M","?","E"],"build_version":"2018-12-13","purchased_purges":0,"victory":false,"max_hp_per_floor":[75,75,75,75,75,75,75,75,75,75,75,75,75,75,75,75,75,75,75,75,75,75,75],"card_choices":[{"not_picked":["Barrage","Hologram"],"picked":"Conserve Battery","floor":1},{"not_picked":["Sweeping Beam","Hologram"],"picked":"Streamline","floor":4},{"not_picked":["FTL","Ball Lightning"],"picked":"Machine Learning","floor":5},{"not_picked":["Double Energy","Rebound"],"picked":"Ball Lightning","floor":6},{"not_picked":["Rebound","Ball Lightning"],"picked":"Leap","floor":8},{"not_picked":["Barrage","Gash"],"picked":"Leap","floor":10},{"not_picked":["Undo","Leap"],"picked":"Cold Snap","floor":12},{"not_picked":["Sunder","Stack"],"picked":"Reprogram","floor":14},{"not_picked":["Machine Learning","Buffer"],"picked":"Creative AI","floor":16},{"not_picked":["Gash","Conserve Battery","Rebound"],"picked":"SKIP","floor":18},{"not_picked":["Lockon","Compile Driver+1"],"picked":"Static Discharge","floor":19},{"not_picked":["Barrage+1","Blizzard"],"picked":"Heatsinks","floor":21}],"player_experience":198630,"relics_obtained":[{"floor":6,"key":"Pantograph"},{"floor":10,"key":"Gambling Chip"},{"floor":14,"key":"Potion Belt"}],"event_choices":[{"damage_healed":0,"gold_gain":0,"player_choice":"Entered Light","damage_taken":15,"max_hp_gain":0,"max_hp_loss":0,"event_name":"Shining Light","floor":2,"gold_loss":0,"cards_upgraded":["Defend_B","Strike_B"]},{"damage_healed":0,"gold_gain":0,"cards_transformed":["Strike_B"],"player_choice":"Change","damage_taken":0,"max_hp_gain":0,"max_hp_loss":0,"event_name":"Living Wall","floor":3,"gold_loss":0,"cards_obtained":["Reboot"]},{"damage_healed":0,"gold_gain":0,"player_choice":"Success","damage_taken":3,"relics_obtained":["Bag of Marbles"],"max_hp_gain":0,"max_hp_loss":0,"event_name":"Scrap Ooze","floor":13,"gold_loss":0},{"damage_healed":0,"gold_gain":0,"player_choice":"Opened","damage_taken":0,"relics_obtained":["Incense Burner"],"max_hp_gain":0,"max_hp_loss":0,"event_name":"The Mausoleum","floor":22,"gold_loss":0,"cards_obtained":["Writhe"]}],"is_beta":false,"boss_relics":[{"not_picked":["Snecko Eye","Runic Pyramid"],"picked":"Nuclear Battery"}],"items_purged_floors":[],"is_endless":false,"potions_floor_spawned":[5,8,12,16,18,19],"killed_by":"Slavers","ascension_level":3}