{"gold_per_floor":[119,136,61,76,86,116,134,147,147,164,179,208,208,233,233,336,336,355,80,5,15,97,126,146,146,146,166,199,38,49,49,49,49],"floor_reached":33,"playtime":1379,"items_purged":["Bash","Defend_R"],"score":389,"play_id":"7b997117-1079-4e2d-8eaf-c7e332b893b1","local_time":"20181018121332","is_ascension_mode":true,"campfire_choices":[{"data":"Perfected Strike","floor":13,"key":"SMITH"},{"floor":15,"key":"REST"},{"data":"Shrug It Off","floor":25,"key":"SMITH"},{"floor":32,"key":"REST"}],"neow_cost":"NONE","seed_source_timestamp":12454042260240,"circlet_count":0,"master_deck":["Strike_R","Strike_R","Strike_R","Strike_R","Strike_R","Defend_R","Defend_R","Perfected Strike+1","Shrug It Off+1","Clash","Pommel Strike","Clash","Perfected Strike","Offering","Wild Strike","True Grit","Rage","Inflame","Feed","Infernal Blade+1","Perfected Strike+1","Pommel Strike+1"],"relics":["Burning Blood","Dream Catcher","Ornamental Fan","Lantern","The Courier","Orrery","Mercury Hourglass","Pantograph","Matryoshka","Molten Egg 2","Gambling Chip","Frozen Egg 2","Brimstone","Nilry\u0027s Codex"],"potions_floor_usage":[5,6,12,16,16,23,27,28,33,33],"damage_taken":[{"damage":6,"enemies":"Cultist","floor":1,"turns":3},{"damage":7,"enemies":"Jaw Worm","floor":2,"turns":4},{"damage":2,"enemies":"2 Louse","floor":4,"turns":3},{"damage":14,"enemies":"Exordium Wildlife","floor":5,"turns":6},{"damage":28,"enemies":"Gremlin Nob","floor":6,"turns":5},{"damage":5,"enemies":"Lots of Slimes","floor":7,"turns":3},{"damage":1,"enemies":"3 Louse","floor":8,"turns":4},{"damage":0,"enemies":"2 Fungi Beasts","floor":10,"turns":2},{"damage":6,"enemies":"Looter","floor":11,"turns":2},{"damage":18,"enemies":"Lagavulin","floor":12,"turns":5},{"damage":23,"enemies":"Gremlin Nob","floor":14,"turns":4},{"damage":22,"enemies":"The Guardian","floor":16,"turns":8},{"damage":8,"enemies":"2 Thieves","floor":18,"turns":2},{"damage":0,"enemies":"Chosen","floor":21,"turns":3},{"damage":32,"enemies":"Slavers","floor":23,"turns":6},{"damage":6,"enemies":"3 Cultists","floor":24,"turns":4},{"damage":1,"enemies":"Centurion and Healer","floor":27,"turns":4},{"damage":12,"enemies":"Book of Stabbing","floor":28,"turns":3},{"damage":11,"enemies":"Snake Plant","floor":30,"turns":2},{"damage":103,"enemies":"Automaton","floor":33,"turns":6}],"seed_played":"5105684901569741813","potions_obtained":[{"floor":2,"key":"GamblersBrew"},{"floor":4,"key":"Weak Potion"},{"floor":8,"key":"Strength Potion"},{"floor":10,"key":"PowerPotion"},{"floor":14,"key":"EssenceOfSteel"},{"floor":16,"key":"Energy Potion"},{"floor":18,"key":"SneckoOil"},{"floor":23,"key":"Dexterity Potion"},{"floor":24,"key":"Weak Potion"},{"floor":30,"key":"Ancient Potion"}],"is_trial":false,"path_per_floor":["M","M","$","M","M","E","M","M","T","M","M","E","R","E","R","B",null,"M","$","?","M","T","E","M","R","T","M","E","$","M","?","R"],"character_chosen":"IRONCLAD","items_purchased":["Mercury Hourglass","Brimstone"],"campfire_rested":2,"item_purchase_floors":[19,29],"current_hp_per_floor":[80,79,79,80,72,50,51,56,56,62,62,50,50,33,57,41,70,71,71,71,77,77,54,57,57,57,62,56,56,51,35,61,0],"gold":49,"neow_bonus":"REMOVE_CARD","is_prod":false,"is_daily":false,"chose_seed":false,"campfire_upgraded":2,"win_rate":0,"timestamp":1539857612,"path_taken":["M","M","$","M","M","E","M","M","T","M","M","E","R","E","R","BOSS","M","?","?","M","?","E","M","R","T","M","E","$","M","?","R","BOSS"],"build_version":"2018-10-17v3","purchased_purges":2,"victory":false,"max_hp_per_floor":[80,80,80,80,80,80,80,80,80,80,80,80,80,80,80,80,80,83,83,83,83,83,86,89,89,89,89,89,89,89,89,89,89],"card_choices":[{"not_picked":["Body Slam","Iron Wave"],"picked":"Perfected Strike","floor":1},{"not_picked":["Reckless Charge","Thunderclap"],"picked":"Shrug It Off","floor":2},{"not_picked":["Bloodletting","Clash","Intimidate"],"picked":"SKIP","floor":4},{"not_picked":["Armaments","Whirlwind"],"picked":"Clash","floor":5},{"not_picked":["Warcry","Cleave"],"picked":"Pommel Strike","floor":6},{"not_picked":["Warcry","Clothesline","Body Slam"],"picked":"SKIP","floor":7},{"not_picked":["Immolate","Pommel Strike"],"picked":"Clash","floor":8},{"not_picked":["Searing Blow","Thunderclap","Heavy Blade"],"picked":"SKIP","floor":10},{"not_picked":["Corruption","Sword Boomerang","Dropkick"],"picked":"SKIP","floor":11},{"not_picked":["Cleave","Iron Wave","Evolve"],"picked":"SKIP","floor":12},{"not_picked":["Pommel Strike","Exhume"],"picked":"Perfected Strike","floor":14},{"not_picked":["Exhume","Double Tap"],"picked":"Offering","floor":16},{"not_picked":["Thunderclap","Armaments"],"picked":"Wild Strike","floor":17},{"not_picked":["Thunderclap","Armaments"],"picked":"True Grit","floor":17},{"not_picked":["Twin Strike","Clash"],"picked":"Rage","floor":17},{"not_picked":["Power Through","Hemokinesis"],"picked":"Inflame","floor":17},{"not_picked":["Heavy Blade","Cleave"],"picked":"Feed","floor":17},{"not_picked":["Wild Strike","Sword Boomerang"],"picked":"Clash","floor":18},{"not_picked":["Thunderclap+1","Havoc+1","Armaments"],"picked":"SKIP","floor":21},{"not_picked":["Clothesline+1","Dual Wield","Cleave"],"picked":"SKIP","floor":23},{"not_picked":["Intimidate","Rampage+1"],"picked":"Infernal Blade+1","floor":24},{"not_picked":["Thunderclap+1","Flex","Dropkick+1"],"picked":"SKIP","floor":27},{"not_picked":["Feel No Pain+1","Searing Blow+1","Corruption+1"],"picked":"SKIP","floor":28},{"not_picked":["Havoc","Armaments"],"picked":"Perfected Strike+1","floor":30},{"not_picked":["Blood for Blood+1","Iron Wave+1"],"picked":"Pommel Strike+1","floor":32}],"player_experience":156085,"relics_obtained":[{"floor":6,"key":"Dream Catcher"},{"floor":9,"key":"Ornamental Fan"},{"floor":12,"key":"Lantern"},{"floor":14,"key":"The Courier"},{"floor":22,"key":"Pantograph"},{"floor":23,"key":"Matryoshka"},{"floor":26,"key":"Molten Egg 2"},{"floor":26,"key":"Gambling Chip"},{"floor":28,"key":"Frozen Egg 2"},{"floor":31,"key":"Nilry\u0027s Codex"}],"event_choices":[{"cards_removed":["Clash"],"damage_healed":0,"gold_gain":0,"player_choice":"Gave Gold","damage_taken":0,"max_hp_gain":0,"max_hp_loss":0,"event_name":"Beggar","floor":20,"gold_loss":75},{"damage_healed":0,"gold_gain":0,"player_choice":"Obtained Book","damage_taken":16,"max_hp_gain":0,"max_hp_loss":0,"event_name":"Cursed Tome","floor":31,"gold_loss":0}],"is_beta":true,"boss_relics":[{"not_picked":["Runic Cube","Runic Pyramid"],"picked":"Orrery"}],"items_purged_floors":[3,19],"is_endless":false,"potions_floor_spawned":[2,4,8,10,14,16,18,23,24,30],"killed_by":"Automaton","ascension_level":5}