{"gold_per_floor":[17,28,102,115,115,115,126,126,151,178,178,196,230,44,44,44],"floor_reached":16,"playtime":537,"items_purged":["Strike_B"],"score":220,"play_id":"966124e1-0b98-4893-a0c8-9e70244648a6","local_time":"20190205080353","is_ascension_mode":true,"campfire_choices":[{"floor":6,"key":"REST"},{"floor":8,"key":"REST"},{"floor":11,"key":"REST"},{"floor":15,"key":"REST"}],"neow_cost":"NO_GOLD","seed_source_timestamp":482980274336956,"circlet_count":0,"master_deck":["AscendersBane","Strike_B","Strike_B","Strike_B","Defend_B","Defend_B","Defend_B","Defend_B","Zap","Dualcast","Electrodynamics","Streamline","Ball Lightning","Cold Snap","Conserve Battery","Sweeping Beam","Compile Driver","Ball Lightning","Go for the Eyes","Hologram"],"special_seed":0,"relics":["Cracked Core","Boot","Omamori","Smiling Mask","Frozen Egg 2"],"potions_floor_usage":[10,13],"damage_taken":[{"damage":2,"enemies":"Jaw Worm","floor":1,"turns":3},{"damage":9,"enemies":"Small Slimes","floor":2,"turns":3},{"damage":0,"enemies":"2 Louse","floor":4,"turns":1},{"damage":17,"enemies":"Lots of Slimes","floor":7,"turns":3},{"damage":38,"enemies":"Lagavulin","floor":10,"turns":4},{"damage":10,"enemies":"3 Louse","floor":12,"turns":2},{"damage":8,"enemies":"Gremlin Nob","floor":13,"turns":3},{"damage":33,"enemies":"Hexaghost","floor":16,"turns":9}],"seed_played":"6183636034172969095","potions_obtained":[{"floor":7,"key":"Fire Potion"},{"floor":10,"key":"Explosive Potion"},{"floor":13,"key":"SmokeBomb"}],"is_trial":false,"path_per_floor":["M","M","?","M","?","R","M","R","T","E","R","M","E","$","R","B"],"character_chosen":"DEFECT","items_purchased":["Ball Lightning","Go for the Eyes","Hologram"],"campfire_rested":4,"item_purchase_floors":[14,14,14],"current_hp_per_floor":[62,53,53,53,18,39,22,43,43,5,26,16,8,8,29,0],"gold":44,"neow_bonus":"THREE_RARE_CARDS","is_prod":false,"is_daily":false,"chose_seed":false,"campfire_upgraded":0,"win_rate":0,"timestamp":1549382633,"path_taken":["M","M","?","M","?","R","M","R","T","E","R","M","E","$","R","BOSS"],"build_version":"2019-01-23","purchased_purges":1,"victory":false,"max_hp_per_floor":[71,71,71,71,71,71,71,71,71,71,71,71,71,71,71,71],"card_choices":[{"not_picked":["Multi-Cast","Seek"],"picked":"Electrodynamics","floor":0.0},{"not_picked":["Sweeping Beam","BootSequence"],"picked":"Streamline","floor":1},{"not_picked":["White Noise","FTL"],"picked":"Ball Lightning","floor":2},{"not_picked":["Redo","Turbo"],"picked":"Cold Snap","floor":4},{"not_picked":["Streamline","Force Field"],"picked":"Conserve Battery","floor":7},{"not_picked":["Fusion","Steam"],"picked":"Sweeping Beam","floor":10},{"not_picked":["Barrage","Reprogram","Scrape"],"picked":"SKIP","floor":12},{"not_picked":["Chaos","Beam Cell"],"picked":"Compile Driver","floor":13}],"player_experience":1815785,"relics_obtained":[{"floor":9,"key":"Omamori"},{"floor":10,"key":"Smiling Mask"},{"floor":13,"key":"Frozen Egg 2"}],"event_choices":[{"damage_healed":0,"gold_gain":74,"player_choice":"Gained Gold","damage_taken":0,"max_hp_gain":0,"max_hp_loss":0,"event_name":"Golden Wing","floor":3,"gold_loss":0},{"damage_healed":0,"gold_gain":0,"player_choice":"Success","damage_taken":35,"relics_obtained":["Boot"],"max_hp_gain":0,"max_hp_loss":0,"event_name":"Scrap Ooze","floor":5,"gold_loss":0}],"is_beta":false,"boss_relics":[],"items_purged_floors":[14],"is_endless":false,"potions_floor_spawned":[7,10,13],"killed_by":"Hexaghost","ascension_level":20}