{"gold_per_floor":[10,10,21,21,31,31,59,75,123,139,139,10,33,49,49,49],"floor_reached":16,"playtime":821,"items_purged":["Strike_G"],"score":112,"play_id":"4f6c5411-14ca-431c-a289-a04312ece5f1","local_time":"20190115203825","is_ascension_mode":true,"campfire_choices":[{"data":"Neutralize","floor":6,"key":"SMITH"},{"data":"Crippling Poison","floor":11,"key":"SMITH"},{"data":"Bane","floor":15,"key":"SMITH"}],"neow_cost":"NO_GOLD","seed_source_timestamp":821031467951,"circlet_count":0,"master_deck":["Defend_G","Defend_G","Defend_G","Defend_G","Strike_G","Strike_G","Strike_G","Strike_G","Survivor","Neutralize+1","Cloak And Dagger","PiercingWail","Caltrops","Crippling Poison+1","Crippling Poison","Bane+1","Quick Slash"],"relics":["Ring of the Snake","Bird Faced Urn","Pantograph","Lantern"],"potions_floor_usage":[7,14,16],"damage_taken":[{"damage":4,"enemies":"Small Slimes","floor":1,"turns":8},{"damage":0,"enemies":"Cultist","floor":3,"turns":5},{"damage":0,"enemies":"Jaw Worm","floor":5,"turns":4},{"damage":22,"enemies":"3 Sentries","floor":7,"turns":12},{"damage":0,"enemies":"Looter","floor":8,"turns":4},{"damage":1,"enemies":"3 Louse","floor":10,"turns":3},{"damage":0,"enemies":"Exordium Wildlife","floor":14,"turns":4},{"damage":81,"enemies":"Slime Boss","floor":16,"turns":13}],"seed_played":"-2146349434392163963","potions_obtained":[{"floor":3,"key":"EssenceOfSteel"},{"floor":5,"key":"FearPotion"},{"floor":10,"key":"SpeedPotion"}],"is_trial":false,"path_per_floor":["M","?","M","?","M","R","E","M","T","M","R","$","T","M","R","B"],"character_chosen":"THE_SILENT","items_purchased":["Quick Slash"],"campfire_rested":0,"item_purchase_floors":[12],"current_hp_per_floor":[66,71,71,71,71,71,51,53,53,54,54,54,54,54,54,0],"gold":49,"neow_bonus":"ONE_RARE_RELIC","is_prod":false,"is_daily":false,"chose_seed":false,"campfire_upgraded":3,"win_rate":0,"timestamp":1547581105,"path_taken":["M","?","M","?","M","R","E","M","T","?","R","$","?","M","R","BOSS"],"build_version":"2019-01-14v2","purchased_purges":1,"victory":false,"max_hp_per_floor":[70,75,75,75,75,75,75,75,75,75,75,75,75,75,75,75],"card_choices":[{"not_picked":["Acrobatics","Underhanded Strike"],"picked":"Cloak And Dagger","floor":1},{"not_picked":["Expertise","Choke"],"picked":"PiercingWail","floor":3},{"not_picked":["Catalyst","Eviscerate"],"picked":"Caltrops","floor":5},{"not_picked":["Choke","Finisher"],"picked":"Crippling Poison","floor":7},{"not_picked":["Dagger Throw","Prepared"],"picked":"Crippling Poison","floor":8},{"not_picked":["Slice","Phantasmal Killer"],"picked":"Bane","floor":10},{"not_picked":["Setup","Quick Slash","Sucker Punch"],"picked":"SKIP","floor":14}],"player_experience":184842,"relics_obtained":[{"floor":7,"key":"Pantograph"},{"floor":9,"key":"Lantern"}],"event_choices":[{"damage_healed":0,"gold_gain":0,"player_choice":"Donut","damage_taken":0,"max_hp_gain":5,"max_hp_loss":0,"event_name":"Big Fish","floor":2,"gold_loss":0},{"cards_removed":["Defend_G"],"damage_healed":0,"gold_gain":0,"player_choice":"Purged","damage_taken":0,"max_hp_gain":0,"max_hp_loss":0,"event_name":"Purifier","floor":4,"gold_loss":0}],"is_beta":true,"boss_relics":[],"items_purged_floors":[12],"is_endless":false,"potions_floor_spawned":[3,5,10],"killed_by":"Slime Boss","ascension_level":2}