{"gold_per_floor":[111,129,139,139,139,172,172,204,227,290,301,301,301,318,318,414,414,433,445,445,29,48,48,83,83,83,107,107,142,157,184,184,286,286,306,316,316,328,43,72,72,104,130,147,159,159,171,171,171,171],"floor_reached":50,"playtime":4049,"items_purged":["Strike_B","Strike_B+1"],"score":787,"play_id":"b366ceaa-bd11-43c6-bde5-e8d02591488f","local_time":"20180730191946","is_ascension_mode":true,"campfire_choices":[{"floor":7,"key":"REST"},{"data":"Machine Learning","floor":12,"key":"SMITH"},{"data":"Zap","floor":15,"key":"SMITH"},{"data":"Loop","floor":23,"key":"SMITH"},{"data":"Defragment","floor":25,"key":"SMITH"},{"data":"Electrodynamics","floor":28,"key":"SMITH"},{"floor":32,"key":"REST"},{"floor":41,"key":"REST"},{"data":"Storm","floor":49,"key":"SMITH"}],"neow_cost":"TEN_PERCENT_HP_LOSS","seed_source_timestamp":37156437023211,"circlet_count":0,"master_deck":["Defend_B","Defend_B","Defend_B+1","Defend_B","Zap+1","Dualcast","Biased Cognition","Cold Snap","Rebound","Machine Learning+1","Self Repair","Defragment+1","Capacitor","Electrodynamics+1","Defragment+1","Loop+1","Static Discharge","Storm+1","Leap","Echo Form","Coolheaded+1","Conserve Battery+1","Coolheaded+1","Panache","Seek","Chill+1","Leap","Cold Snap","Madness","Madness","Leap+1"],"relics":["Cracked Core","Potion Belt","DataDisk","Regal Pillow","Orichalcum","Tiny Chest","Empty Cage","Mummified Hand","Ancient Tea Set","Blood Vial","Happy Flower","Art of War","Pear","Velvet Choker","Turnip","Shuriken","Blue Candle","Bag of Preparation"],"potions_floor_usage":[6,10,14,16,19,31,33,38,50,50,50],"damage_taken":[{"damage":1,"enemies":"Cultist","floor":1,"turns":3},{"damage":0,"enemies":"Jaw Worm","floor":2,"turns":3},{"damage":4,"enemies":"2 Louse","floor":3,"turns":2},{"damage":15,"enemies":"Gremlin Nob","floor":6,"turns":4},{"damage":6,"enemies":"3 Sentries","floor":8,"turns":6},{"damage":20,"enemies":"Lagavulin","floor":10,"turns":6},{"damage":0,"enemies":"Large Slime","floor":11,"turns":4},{"damage":7,"enemies":"Exordium Thugs","floor":14,"turns":4},{"damage":10,"enemies":"The Guardian","floor":16,"turns":12},{"damage":9,"enemies":"Spheric Guardian","floor":18,"turns":4},{"damage":22,"enemies":"2 Thieves","floor":19,"turns":3},{"damage":4,"enemies":"Cultist and Chosen","floor":22,"turns":5},{"damage":7,"enemies":"Gremlin Leader","floor":24,"turns":5},{"damage":33,"enemies":"Book of Stabbing","floor":29,"turns":4},{"damage":13,"enemies":"Snake Plant","floor":30,"turns":3},{"damage":9,"enemies":"Gremlin Leader","floor":31,"turns":4},{"damage":3,"enemies":"Automaton","floor":33,"turns":5},{"damage":21,"enemies":"3 Darklings","floor":35,"turns":4},{"damage":12,"enemies":"3 Shapes","floor":36,"turns":4},{"damage":0,"floor":37,"turns":3},{"damage":9,"enemies":"Transient","floor":38,"turns":5},{"damage":24,"enemies":"2 Orb Walkers","floor":40,"turns":3},{"damage":0,"enemies":"Giant Head","floor":42,"turns":6},{"damage":0,"enemies":"Sphere and 2 Shapes","floor":44,"turns":2},{"damage":3,"enemies":"Spire Growth","floor":45,"turns":3},{"damage":0,"enemies":"4 Shapes","floor":47,"turns":2},{"damage":69,"enemies":"Awakened One","floor":50,"turns":6}],"seed_played":"-6060718973580111046","potions_obtained":[{"floor":2,"key":"SteroidPotion"},{"floor":8,"key":"Energy Potion"},{"floor":11,"key":"AttackPotion"},{"floor":14,"key":"AttackPotion"},{"floor":18,"key":"Regen Potion"},{"floor":24,"key":"Strength Potion"},{"floor":30,"key":"Regen Potion"},{"floor":31,"key":"PowerPotion"},{"floor":37,"key":"GamblersBrew"},{"floor":40,"key":"Explosive Potion"},{"floor":47,"key":"Fire Potion"}],"is_trial":false,"path_per_floor":["M","M","M","?","$","E","R","E","T","E","M","R","?","M","R","B",null,"M","M","?","$","M","R","E","R","T","T","R","E","M","E","R","B",null,"M","M","?","M","$","E","R","E","T","M","M","?","M","?","R"],"character_chosen":"DEFECT","items_purchased":["Mummified Hand","Loop","Panache"],"campfire_rested":3,"item_purchase_floors":[21,21,39],"current_hp_per_floor":[67,67,63,56,56,41,61,55,55,42,49,49,35,35,35,32,59,57,44,44,44,47,47,47,47,47,47,47,23,12,31,69,75,77,64,54,56,56,56,41,78,78,78,78,75,65,67,67,67,0],"gold":171,"neow_bonus":"THREE_RARE_CARDS","is_prod":false,"is_daily":false,"chose_seed":false,"campfire_upgraded":6,"win_rate":0,"timestamp":1532942386,"path_taken":["M","M","?","?","?","E","R","E","T","E","M","R","?","M","R","BOSS","M","M","?","$","M","R","E","R","T","?","R","E","M","E","R","BOSS","M","?","?","M","$","E","R","E","T","M","M","?","?","?","R","BOSS"],"build_version":"2018-07-26","purchased_purges":2,"victory":false,"max_hp_per_floor":[68,68,68,68,68,68,68,68,68,68,68,68,68,68,68,68,68,68,68,68,68,68,68,68,68,68,68,68,68,68,78,78,78,78,78,78,78,78,78,78,78,78,78,78,78,78,78,78,78,78],"card_choices":[{"not_picked":["Reboot","Rainbow"],"picked":"Biased Cognition","floor":0},{"not_picked":["Hologram","Rebound"],"picked":"Cold Snap","floor":1},{"not_picked":["Sunder","Coolheaded"],"picked":"Rebound","floor":2},{"not_picked":["Force Field","Aggregate","Stack"],"picked":"SKIP","floor":3},{"not_picked":["Steam Power","Go for the Eyes"],"picked":"Machine Learning","floor":6},{"not_picked":["Stack","Rebound"],"picked":"Self Repair","floor":8},{"not_picked":["Steam","Fusion"],"picked":"Defragment","floor":10},{"not_picked":["Compile Driver","Gash"],"picked":"Capacitor","floor":11},{"not_picked":["Tempest","Sunder"],"picked":"Go for the Eyes","floor":14},{"not_picked":["Creative AI","Machine Learning"],"picked":"Electrodynamics","floor":16},{"not_picked":["Sweeping Beam+1","Hello World"],"picked":"Defragment+1","floor":18},{"not_picked":["Recycle","Redo","Turbo"],"picked":"SKIP","floor":19},{"not_picked":["Rip and Tear","Ball Lightning"],"picked":"Static Discharge","floor":22},{"not_picked":["Glacier+1","Aggregate","Turbo"],"picked":"SKIP","floor":24},{"not_picked":["Streamline","Sunder"],"picked":"Storm","floor":29},{"not_picked":["Ball Lightning","Streamline+1"],"picked":"Leap","floor":30},{"not_picked":["Turbo","Double Energy","Hyperbeam"],"picked":"SKIP","floor":31},{"not_picked":["Machine Learning","Meteor Strike"],"picked":"Echo Form","floor":33},{"not_picked":["Beam Cell+1","Leap+1"],"picked":"Coolheaded+1","floor":35},{"not_picked":["Streamline+1","Gash+1","Coolheaded"],"picked":"SKIP","floor":36},{"not_picked":["Static Discharge","Ball Lightning+1"],"picked":"Conserve Battery+1","floor":37},{"not_picked":["FTL","Chill+1"],"picked":"Coolheaded+1","floor":38},{"not_picked":["Fusion","Melter+1"],"picked":"Seek","floor":40},{"not_picked":["Steam","Static Discharge"],"picked":"Chill+1","floor":42},{"not_picked":["Recycle+1","Auto Shields"],"picked":"Leap","floor":44},{"not_picked":["Self Repair+1","Beam Cell+1"],"picked":"Cold Snap","floor":45},{"not_picked":["Auto Shields","Compile Driver"],"picked":"Leap+1","floor":47}],"player_experience":569487,"relics_obtained":[{"floor":6,"key":"DataDisk"},{"floor":8,"key":"Regal Pillow"},{"floor":9,"key":"Orichalcum"},{"floor":10,"key":"Tiny Chest"},{"floor":24,"key":"Ancient Tea Set"},{"floor":26,"key":"Blood Vial"},{"floor":27,"key":"Happy Flower"},{"floor":29,"key":"Art of War"},{"floor":31,"key":"Pear"},{"floor":37,"key":"Turnip"},{"floor":40,"key":"Shuriken"},{"floor":42,"key":"Blue Candle"},{"floor":43,"key":"Bag of Preparation"}],"event_choices":[{"event_name":"Scrap Ooze","player_choice":"success","floor":4,"damage_taken":7},{"event_name":"Shining Light","player_choice":"Entered Light","floor":13,"damage_taken":0},{"event_name":"Drug Dealer","player_choice":"Ignored","floor":20,"damage_taken":0},{"event_name":"MindBloom","player_choice":"Fight","floor":37,"damage_taken":0},{"event_name":"Winding Halls","player_choice":"Embrace Madness","floor":46,"damage_taken":0},{"event_name":"Falling","player_choice":"Removed Attack","floor":48,"damage_taken":0}],"is_beta":false,"boss_relics":[{"not_picked":["Busted Crown","Runic Dome"],"picked":"Empty Cage"},{"not_picked":["Lizard Tail","Inserter"],"picked":"Velvet Choker"}],"items_purged_floors":[21,39],"is_endless":false,"potions_floor_spawned":[2,8,11,14,18,24,30,31,37,40,47],"killed_by":"Awakened One","ascension_level":6}