{"gold_per_floor":[119,131,145,145,162,162,177,194,245,259,53,53,53,128,128,128],"floor_reached":16,"playtime":531,"items_purged":[],"score":150,"play_id":"f341b077-3f80-4018-9e40-8c542bc89f73","local_time":"20180924090155","is_ascension_mode":true,"campfire_choices":[{"data":"Armaments","floor":6,"key":"SMITH"},{"data":"Bash","floor":12,"key":"SMITH"},{"floor":15,"key":"REST"}],"neow_cost":"NONE","seed_source_timestamp":869130793710183,"circlet_count":0,"master_deck":["Strike_R","Strike_R","Strike_R","Defend_R","Defend_R","Defend_R","Defend_R","Bash+1","AscendersBane","Armaments+1","Rampage","Sword Boomerang","Cleave","Dropkick","Ghostly Armor","Feed"],"relics":["Burning Blood","Bronze Scales","PrismaticShard"],"potions_floor_usage":[8],"damage_taken":[{"damage":10,"enemies":"Small Slimes","floor":1,"turns":4},{"damage":8,"enemies":"Jaw Worm","floor":2,"turns":5},{"damage":6,"enemies":"Cultist","floor":3,"turns":3},{"damage":19,"enemies":"Blue Slaver","floor":5,"turns":5},{"damage":1,"enemies":"Red Slaver","floor":7,"turns":5},{"damage":36,"enemies":"Exordium Thugs","floor":8,"turns":6},{"damage":0,"enemies":"Large Slime","floor":10,"turns":4},{"damage":43,"enemies":"Hexaghost","floor":16,"turns":9}],"seed_played":"1271271496805849299","potions_obtained":[{"floor":2,"key":"Explosive Potion"},{"floor":3,"key":"BloodPotion"},{"floor":8,"key":"Swift Potion"}],"is_trial":false,"path_per_floor":["M","M","M","?","M","R","M","M","T","M","$","R","?","?","R"],"character_chosen":"IRONCLAD","items_purchased":["PrismaticShard"],"campfire_rested":1,"item_purchase_floors":[11],"current_hp_per_floor":[68,66,66,59,46,46,51,29,29,35,35,35,27,16,40,0],"gold":128,"neow_bonus":"REMOVE_CARD","is_prod":false,"is_daily":false,"chose_seed":false,"campfire_upgraded":2,"win_rate":0,"timestamp":1537804915,"path_taken":["M","M","M","?","M","R","M","?","T","M","$","R","?","?","R","BOSS"],"build_version":"2018-09-20","purchased_purges":0,"victory":false,"max_hp_per_floor":[80,80,80,80,80,80,80,80,80,80,80,80,80,80,80,80],"card_choices":[{"not_picked":["Body Slam","Corruption"],"picked":"Armaments","floor":1},{"not_picked":["Rage","Iron Wave"],"picked":"Rampage","floor":2},{"not_picked":["Reckless Charge","Thunderclap"],"picked":"Sword Boomerang","floor":3},{"not_picked":["Thunderclap","Headbutt"],"picked":"Cleave","floor":5},{"not_picked":["Armaments","Bloodletting"],"picked":"Dropkick","floor":7},{"not_picked":["Heavy Blade","Sword Boomerang"],"picked":"Ghostly Armor","floor":8},{"not_picked":["Anger","Body Slam"],"picked":"Feed","floor":10}],"player_experience":1072154,"relics_obtained":[{"floor":9,"key":"Bronze Scales"}],"event_choices":[{"event_name":"Golden Wing","player_choice":"Card Removal","floor":4,"damage_taken":0},{"event_name":"Wheel of Change","player_choice":"Damage","floor":13,"damage_taken":0},{"event_name":"World of Goop","player_choice":"Gather Gold","floor":14,"damage_taken":0}],"is_beta":false,"boss_relics":[],"items_purged_floors":[],"is_endless":false,"potions_floor_spawned":[2,3,7,8],"killed_by":"Hexaghost","ascension_level":12}