{"gold_per_floor":[114,133,22,37,37,37,55,55,55,55,19,19,38,52,52,148,148,133,147,6,17,27,27,38,48,73,38,38],"floor_reached":28,"playtime":1449,"items_purged":["Strike_G"],"score":235,"play_id":"a3166022-af95-4b7b-9c08-1fd8ad44964e","local_time":"20190124144644","is_ascension_mode":true,"campfire_choices":[{"data":"Survivor","floor":6,"key":"SMITH"},{"data":"Dodge and Roll","floor":8,"key":"SMITH"},{"data":"Caltrops","floor":10,"key":"SMITH"},{"data":"Footwork","floor":12,"key":"SMITH"},{"data":"Backstab","floor":15,"key":"SMITH"},{"floor":23,"key":"REST"}],"neow_cost":"NONE","seed_source_timestamp":20096283210914,"circlet_count":0,"master_deck":["Defend_G","Defend_G","Defend_G","Defend_G+1","Defend_G","Strike_G","Strike_G","Strike_G","Strike_G","Survivor+1","Neutralize+1","Poisoned Stab","Backstab+1","Caltrops+1","Cloak And Dagger+1","Decay","Dodge and Roll+1","Footwork+1","Backstab","A Thousand Cuts","Leg Sweep","PiercingWail","Adrenaline","Heel Hook+1","Dodge and Roll","Bouncing Flask"],"relics":["Ring of the Serpent","War Paint","Strawberry"],"potions_floor_usage":[4,7,14,19,22,25],"damage_taken":[{"damage":0,"enemies":"2 Louse","floor":1,"turns":5},{"damage":0,"enemies":"Cultist","floor":2,"turns":3},{"damage":0,"enemies":"Jaw Worm","floor":4,"turns":3},{"damage":5,"enemies":"Blue Slaver","floor":7,"turns":2},{"damage":4,"enemies":"3 Louse","floor":13,"turns":3},{"damage":0,"enemies":"Large Slime","floor":14,"turns":6},{"damage":5,"enemies":"The Guardian","floor":16,"turns":11},{"damage":30,"enemies":"2 Thieves","floor":18,"turns":4},{"damage":0,"enemies":"Chosen","floor":19,"turns":5},{"damage":14,"enemies":"Centurion and Healer","floor":21,"turns":18},{"damage":18,"enemies":"Sentry and Sphere","floor":22,"turns":7},{"damage":3,"enemies":"Cultist and Chosen","floor":24,"turns":8},{"damage":8,"enemies":"Snake Plant","floor":25,"turns":5},{"damage":32,"enemies":"Gremlin Leader","floor":28,"turns":8}],"seed_played":"-4010370497458083076","potions_obtained":[{"floor":1,"key":"Energy Potion"},{"floor":2,"key":"Block Potion"},{"floor":13,"key":"Regen Potion"},{"floor":18,"key":"Block Potion"},{"floor":21,"key":"PowerPotion"},{"floor":24,"key":"GhostInAJar"}],"is_trial":false,"path_per_floor":["M","M","$","M","?","R","M","R","T","R","$","R","M","M","R","B",null,"M","M","$","M","M","R","M","M","T","$","E"],"character_chosen":"THE_SILENT","items_purchased":["Caltrops","Footwork","Adrenaline","Bouncing Flask"],"campfire_rested":1,"item_purchase_floors":[3,11,20,27],"current_hp_per_floor":[70,70,70,70,70,70,65,65,65,65,65,65,61,70,70,65,70,40,40,40,26,8,29,26,18,25,25,0],"gold":38,"neow_bonus":"UPGRADE_CARD","is_prod":false,"is_daily":false,"chose_seed":false,"campfire_upgraded":5,"win_rate":0,"timestamp":1548337604,"path_taken":["M","M","$","M","?","R","M","R","T","R","?","R","M","M","R","BOSS","M","M","$","M","M","R","M","?","T","?","E"],"build_version":"2019-01-23","purchased_purges":1,"victory":false,"max_hp_per_floor":[70,70,70,70,70,70,70,70,70,70,70,70,70,70,70,70,70,70,70,70,70,70,70,70,70,77,77,77],"card_choices":[{"not_picked":["Reflex","Dagger Spray"],"picked":"Poisoned Stab","floor":1},{"not_picked":["Sucker Punch","Heel Hook"],"picked":"Backstab","floor":2},{"not_picked":["Catalyst","Riddle With Holes"],"picked":"Cloak And Dagger","floor":4},{"not_picked":["Bane","Reflex"],"picked":"Dodge and Roll","floor":7},{"not_picked":["Slice","Cloak And Dagger"],"picked":"Backstab","floor":13},{"not_picked":["Bane","Underhanded Strike","Flying Knee"],"picked":"SKIP","floor":14},{"not_picked":["Burst","Tools of the Trade"],"picked":"A Thousand Cuts","floor":16},{"not_picked":["Cloak And Dagger","Eviscerate"],"picked":"Leg Sweep","floor":18},{"not_picked":["Escape Plan","Footwork"],"picked":"PiercingWail","floor":19},{"not_picked":["Sucker Punch","Flying Knee"],"picked":"Heel Hook+1","floor":21},{"not_picked":["PiercingWail+1","Deadly Poison"],"picked":"Dodge and Roll","floor":22},{"not_picked":["Underhanded Strike+1","Tactician+1","Quick Slash"],"picked":"SKIP","floor":24},{"not_picked":["Sucker Punch","Blade Dance","Dagger Spray"],"picked":"SKIP","floor":25}],"player_experience":194655,"relics_obtained":[{"floor":9,"key":"War Paint"},{"floor":26,"key":"Strawberry"}],"event_choices":[{"damage_healed":0,"gold_gain":0,"player_choice":"Cursed","damage_taken":0,"max_hp_gain":0,"max_hp_loss":0,"event_name":"Wheel of Change","floor":5,"gold_loss":0,"cards_obtained":["Decay"]}],"is_beta":true,"boss_relics":[{"not_picked":["Orrery","Velvet Choker"],"picked":"Ring of the Serpent"}],"items_purged_floors":[3],"is_endless":false,"potions_floor_spawned":[1,2,13,18,21,24],"killed_by":"Gremlin Leader","ascension_level":2}