{"gold_per_floor":[366,382,396,416,74,100,100,100,123,142,168,168,178,189,189,294,294,311,236,252,252],"floor_reached":21,"playtime":1137,"items_purged":["Strike_R"],"score":232,"play_id":"6f21df35-d0a6-4f91-b06f-f28f41e8bbaa","local_time":"20190128220553","is_ascension_mode":true,"campfire_choices":[{"data":"True Grit","floor":8,"key":"SMITH"},{"floor":12,"key":"REST"},{"data":"Spot Weakness","floor":15,"key":"SMITH"}],"neow_cost":"TEN_PERCENT_HP_LOSS","seed_source_timestamp":1567116949764247,"circlet_count":0,"master_deck":["Strike_R","Strike_R","Strike_R","Strike_R","Defend_R","Defend_R","Defend_R","Defend_R","Bash","Iron Wave","Sword Boomerang","Iron Wave","True Grit+1","Spot Weakness+1","Bandage Up","Battle Trance","Body Slam","Reaper","True Grit"],"relics":["Burning Blood","Frozen Egg 2","Bronze Scales","Ancient Tea Set","Boot","Black Star"],"potions_floor_usage":[6,11,16,16],"damage_taken":[{"damage":0,"enemies":"2 Louse","floor":1,"turns":3},{"damage":1,"enemies":"Cultist","floor":2,"turns":4},{"damage":8,"enemies":"Jaw Worm","floor":3,"turns":4},{"damage":7,"enemies":"2 Fungi Beasts","floor":4,"turns":4},{"damage":41,"enemies":"Gremlin Nob","floor":6,"turns":5},{"damage":8,"enemies":"Large Slime","floor":10,"turns":6},{"damage":31,"enemies":"3 Sentries","floor":11,"turns":7},{"damage":3,"enemies":"Exordium Wildlife","floor":13,"turns":4},{"damage":2,"enemies":"Looter","floor":14,"turns":3},{"damage":59,"enemies":"Slime Boss","floor":16,"turns":12},{"damage":44,"enemies":"Spheric Guardian","floor":18,"turns":6},{"damage":28,"enemies":"Shell Parasite","floor":20,"turns":6},{"damage":25,"enemies":"Sentry and Sphere","floor":21,"turns":3}],"seed_played":"7538383020212829623","potions_obtained":[{"floor":2,"key":"BloodPotion"},{"floor":4,"key":"Explosive Potion"},{"floor":6,"key":"Regen Potion"},{"floor":10,"key":"Poison Potion"},{"floor":13,"key":"SneckoOil"},{"floor":20,"key":"Strength Potion"}],"is_trial":false,"path_per_floor":["M","M","M","M","$","E","?","R","T","M","E","R","M","M","R","B",null,"M","$","M","M"],"character_chosen":"IRONCLAD","items_purchased":["Frozen Egg 2","Spot Weakness"],"campfire_rested":1,"item_purchase_floors":[5,5],"current_hp_per_floor":[72,72,70,69,69,41,41,41,41,43,22,43,50,58,58,21,72,38,38,20,0],"gold":252,"neow_bonus":"TWO_FIFTY_GOLD","is_prod":false,"is_daily":false,"chose_seed":false,"campfire_upgraded":2,"win_rate":0,"timestamp":1548680753,"path_taken":["M","M","M","M","$","E","?","R","T","M","E","R","M","M","R","BOSS","M","?","M","M"],"build_version":"2019-01-23","purchased_purges":1,"victory":false,"max_hp_per_floor":[72,72,72,72,72,72,72,72,72,72,72,72,72,72,72,72,72,72,72,72,72],"card_choices":[{"not_picked":["Havoc","Anger"],"picked":"Iron Wave","floor":1},{"not_picked":["Burning Pact","Perfected Strike"],"picked":"Sword Boomerang","floor":2},{"not_picked":["Rampage","Fire Breathing"],"picked":"Iron Wave","floor":3},{"not_picked":["Heavy Blade","Warcry"],"picked":"True Grit","floor":4},{"not_picked":["Clothesline","Rupture+1","Combust+1"],"picked":"SKIP","floor":6},{"not_picked":["Flex","Impervious"],"picked":"Battle Trance","floor":10},{"not_picked":["Warcry","Perfected Strike","Burning Pact"],"picked":"SKIP","floor":11},{"not_picked":["Havoc","Flex"],"picked":"Body Slam","floor":13},{"not_picked":["Brutality+1","Flex","Perfected Strike"],"picked":"SKIP","floor":14},{"not_picked":["Berserk+1","Immolate"],"picked":"Reaper","floor":16},{"not_picked":["Warcry","Anger","Rupture+1"],"picked":"SKIP","floor":18},{"not_picked":["Sword Boomerang","Bloodletting"],"picked":"True Grit","floor":20}],"player_experience":721310,"relics_obtained":[{"floor":6,"key":"Bronze Scales"},{"floor":9,"key":"Ancient Tea Set"},{"floor":11,"key":"Boot"}],"event_choices":[{"damage_healed":0,"gold_gain":0,"player_choice":"1 cards matched","damage_taken":0,"max_hp_gain":0,"max_hp_loss":0,"event_name":"Match and Keep!","floor":7,"gold_loss":0,"cards_obtained":["Bandage Up"]}],"is_beta":false,"boss_relics":[{"not_picked":["Philosopher\u0027s Stone","Runic Pyramid"],"picked":"Black Star"}],"items_purged_floors":[19],"is_endless":false,"potions_floor_spawned":[2,4,6,10,13,20],"killed_by":"Sentry and Sphere","ascension_level":4}