{"gold_per_floor":[364,30,41,61,73,73,99,99,99,99,112,143,159,10,10,10],"floor_reached":16,"playtime":905,"items_purged":[],"score":185,"play_id":"bbb487c3-86af-4384-bce6-ba576a8a637f","local_time":"20190126024652","is_ascension_mode":true,"campfire_choices":[{"data":"Bash","floor":6,"key":"SMITH"},{"data":"True Grit","floor":8,"key":"SMITH"},{"floor":10,"key":"REST"},{"data":"Feel No Pain","floor":15,"key":"SMITH"}],"neow_cost":"PERCENT_DAMAGE","seed_source_timestamp":347249635625192,"circlet_count":0,"master_deck":["AscendersBane","Strike_R","Strike_R","Strike_R","Strike_R","Strike_R","Defend_R","Defend_R","Defend_R","Defend_R","Bash+1","True Grit+1","Corruption","Wild Strike+1","Clothesline+1","Pommel Strike+1","Power Through","Feed+1","Feel No Pain+1","Armaments+1","Reaper+1","Inflame"],"relics":["Burning Blood","Molten Egg 2","Champion Belt","Ornamental Fan","Toxic Egg 2"],"potions_floor_usage":[5,7,13],"damage_taken":[{"damage":1,"enemies":"Cultist","floor":1,"turns":4},{"damage":8,"enemies":"2 Louse","floor":3,"turns":3},{"damage":0,"enemies":"Jaw Worm","floor":4,"turns":3},{"damage":4,"enemies":"Red Slaver","floor":5,"turns":2},{"damage":40,"enemies":"3 Sentries","floor":7,"turns":9},{"damage":0,"enemies":"Blue Slaver","floor":11,"turns":3},{"damage":12,"enemies":"Gremlin Nob","floor":12,"turns":3},{"damage":9,"enemies":"Exordium Thugs","floor":13,"turns":4},{"damage":55,"enemies":"The Guardian","floor":16,"turns":16}],"seed_played":"6821116595658141972","potions_obtained":[{"floor":4,"key":"Energy Potion"},{"floor":11,"key":"Fire Potion"}],"is_trial":false,"path_per_floor":["M","$","M","M","M","R","E","R","T","R","M","E","M","$","R","B"],"character_chosen":"IRONCLAD","items_purchased":["Molten Egg 2","Corruption","AttackPotion","Reaper+1","Inflame"],"campfire_rested":1,"item_purchase_floors":[2,2,2,14,14],"current_hp_per_floor":[56,56,54,60,62,62,28,28,28,52,58,52,53,53,53,0],"gold":10,"neow_bonus":"TWO_FIFTY_GOLD","is_prod":false,"is_daily":false,"chose_seed":false,"campfire_upgraded":3,"win_rate":0,"timestamp":1548488812,"path_taken":["M","$","M","?","M","R","E","R","T","R","M","E","M","$","R","BOSS"],"build_version":"2019-01-23","purchased_purges":0,"victory":false,"max_hp_per_floor":[80,80,80,80,80,80,80,80,80,80,80,80,84,84,84,84],"card_choices":[{"not_picked":["Thunderclap","Dual Wield"],"picked":"True Grit","floor":1},{"not_picked":["Iron Wave+1","Twin Strike+1"],"picked":"Wild Strike+1","floor":3},{"not_picked":["Sword Boomerang+1","Seeing Red"],"picked":"Clothesline+1","floor":4},{"not_picked":["Ghostly Armor","Thunderclap+1"],"picked":"Pommel Strike+1","floor":5},{"not_picked":["Twin Strike+1","Sword Boomerang+1"],"picked":"Power Through","floor":7},{"not_picked":["Perfected Strike+1","Anger+1"],"picked":"Feed+1","floor":11},{"not_picked":["Flex","Iron Wave+1"],"picked":"Feel No Pain","floor":12},{"not_picked":["Reckless Charge+1","Thunderclap+1"],"picked":"Armaments+1","floor":13}],"player_experience":631750,"relics_obtained":[{"floor":7,"key":"Champion Belt"},{"floor":9,"key":"Ornamental Fan"},{"floor":12,"key":"Toxic Egg 2"}],"event_choices":[],"is_beta":false,"boss_relics":[],"items_purged_floors":[],"is_endless":false,"potions_floor_spawned":[4,11],"killed_by":"The Guardian","ascension_level":13}