{"gold_per_floor":[18,31,45,61,79,79,113,113,137,162,173,173,173,184,184,284,284,304,304,109,109,120,120],"floor_reached":23,"playtime":974,"items_purged":["Strike_R"],"score":308,"play_id":"f1871018-38a5-4db1-8dce-e987646ebd45","local_time":"20190106040224","is_ascension_mode":true,"campfire_choices":[{"data":"Bludgeon","floor":6,"key":"SMITH"},{"data":"Metallicize","floor":12,"key":"SMITH"},{"floor":15,"key":"REST"}],"neow_cost":"NO_GOLD","seed_source_timestamp":1583977100609320,"circlet_count":0,"master_deck":["Strike_R","Strike_R","Strike_R","Strike_R","Defend_R+1","Defend_R","Defend_R","Defend_R","Bash","Bludgeon+1","Thunderclap","Twin Strike","Anger+1","Flex","Clothesline","Metallicize+1","Rampage","Demon Form","Battle Trance","Seeing Red+1"],"relics":["Burning Blood","Ancient Tea Set","Smiling Mask","White Beast Statue","Oddly Smooth Stone"],"potions_floor_usage":[5,7,10,23,23,23],"damage_taken":[{"damage":1,"enemies":"Cultist","floor":1,"turns":3},{"damage":6,"enemies":"Jaw Worm","floor":2,"turns":5},{"damage":7,"enemies":"Small Slimes","floor":3,"turns":2},{"damage":8,"enemies":"Blue Slaver","floor":4,"turns":3},{"damage":0,"enemies":"Looter","floor":5,"turns":1},{"damage":20,"enemies":"Lagavulin","floor":7,"turns":3},{"damage":6,"enemies":"Gremlin Nob","floor":10,"turns":2},{"damage":0,"enemies":"Large Slime","floor":11,"turns":3},{"damage":13,"enemies":"Gremlin Gang","floor":14,"turns":5},{"damage":24,"enemies":"Slime Boss","floor":16,"turns":8},{"damage":4,"enemies":"Chosen","floor":18,"turns":4},{"damage":28,"enemies":"Colosseum Slavers","floor":19,"turns":6},{"damage":24,"enemies":"Shell Parasite","floor":22,"turns":4},{"damage":63,"enemies":"Book of Stabbing","floor":23,"turns":5}],"seed_played":"7912357962028513686","potions_obtained":[{"floor":2,"key":"AttackPotion"},{"floor":4,"key":"AttackPotion"},{"floor":7,"key":"SkillPotion"},{"floor":16,"key":"Dexterity Potion"},{"floor":18,"key":"Swift Potion"},{"floor":22,"key":"SteroidPotion"}],"is_trial":false,"path_per_floor":["M","M","M","M","M","R","E","?","T","E","M","R","?","M","R","B",null,"M","?","$","?","M","E"],"character_chosen":"IRONCLAD","items_purchased":["Oddly Smooth Stone"],"campfire_rested":1,"item_purchase_floors":[20],"current_hp_per_floor":[77,77,76,74,80,80,66,66,66,66,72,72,56,49,73,55,74,76,54,54,80,62,0],"gold":120,"neow_bonus":"THREE_RARE_CARDS","is_prod":false,"is_daily":false,"chose_seed":false,"campfire_upgraded":2,"win_rate":0,"timestamp":1546765344,"path_taken":["M","?","M","M","M","R","E","?","T","E","M","R","?","M","R","BOSS","M","?","$","?","M","E"],"build_version":"2019-01-03v4","purchased_purges":1,"victory":false,"max_hp_per_floor":[80,80,80,80,80,80,80,80,80,80,80,80,80,80,80,80,80,80,80,80,80,80,80],"card_choices":[{"not_picked":["Exhume","Limit Break"],"picked":"Bludgeon","floor":0},{"not_picked":["Cleave","Feel No Pain"],"picked":"Thunderclap","floor":1},{"not_picked":["Heavy Blade","Cleave"],"picked":"Twin Strike","floor":2},{"not_picked":["True Grit","Sentinel"],"picked":"Anger","floor":3},{"not_picked":["Feel No Pain","Evolve"],"picked":"Flex","floor":4},{"not_picked":["Armaments","Ghostly Armor"],"picked":"Clothesline","floor":5},{"not_picked":["Perfected Strike","Impervious"],"picked":"Metallicize","floor":7},{"not_picked":["Twin Strike","True Grit"],"picked":"Rampage","floor":10},{"not_picked":["Headbutt","Cleave","Rampage"],"picked":"SKIP","floor":11},{"not_picked":["Headbutt","Sword Boomerang","Clash"],"picked":"SKIP","floor":14},{"not_picked":["Berserk","Bludgeon"],"picked":"Demon Form","floor":16},{"not_picked":["Perfected Strike","Burning Pact"],"picked":"Battle Trance","floor":18},{"not_picked":["Evolve+1","True Grit"],"picked":"Seeing Red+1","floor":22}],"player_experience":362368,"relics_obtained":[{"floor":7,"key":"Ancient Tea Set"},{"floor":10,"key":"Smiling Mask"}],"event_choices":[{"damage_healed":0,"gold_gain":0,"player_choice":"Ignored","damage_taken":0,"max_hp_gain":0,"max_hp_loss":0,"event_name":"Liars Game","floor":8,"gold_loss":0},{"damage_healed":0,"gold_gain":0,"player_choice":"Entered Light","damage_taken":16,"max_hp_gain":0,"max_hp_loss":0,"event_name":"Shining Light","floor":13,"gold_loss":0,"cards_upgraded":["Anger","Defend_R"]},{"damage_healed":0,"gold_gain":0,"player_choice":"Fight","damage_taken":0,"max_hp_gain":0,"max_hp_loss":0,"event_name":"Colosseum","floor":19,"gold_loss":0},{"damage_healed":0,"gold_gain":0,"player_choice":"Fled From Nobs","damage_taken":0,"max_hp_gain":0,"max_hp_loss":0,"event_name":"Colosseum","floor":19,"gold_loss":0},{"damage_healed":26,"gold_gain":0,"player_choice":"Heal","damage_taken":0,"max_hp_gain":0,"max_hp_loss":0,"event_name":"The Library","floor":21,"gold_loss":0}],"is_beta":false,"boss_relics":[{"not_picked":["Coffee Dripper","Runic Dome"],"picked":"White Beast Statue"}],"items_purged_floors":[20],"is_endless":false,"potions_floor_spawned":[2,4,7,16,18,19,22],"killed_by":"Book of Stabbing","ascension_level":7}