{"gold_per_floor":[124,193,205,20,40,71,71,71,94,121,121,121,121,137,137,238,238,258,533,547,561,561,561,588,606,631,631,644,559,585,598,598,598],"floor_reached":33,"playtime":1089,"items_purged":[],"score":421,"play_id":"68534fd8-e5f9-4cd7-aa6b-98bf274123bb","local_time":"20181216205034","is_ascension_mode":true,"campfire_choices":[{"data":"Bash","floor":7,"key":"SMITH"},{"data":"Ball Lightning","floor":11,"key":"SMITH"},{"data":"Wild Strike","floor":15,"key":"SMITH"},{"data":"Enlightenment","floor":23,"key":"SMITH"},{"data":"Evolve","floor":27,"key":"SMITH"},{"data":"Intimidate","floor":32,"key":"SMITH"}],"neow_cost":"NONE","seed_source_timestamp":2582275140393325,"circlet_count":0,"master_deck":["Strike_R","Strike_R","Strike_R","Strike_R","Strike_R","Defend_R","Defend_R+1","Defend_R","Defend_R+1","Bash+1","Wild Strike+1","Ball Lightning+1","Predator+1","Sunder+1","Wild Strike+1","Wild Strike+1","Hyperbeam+1","Clumsy","Decay","Doubt","Enlightenment+1","Mind Blast+1","Regret","Shrug It Off","Twin Strike+1","Pummel+1","Pommel Strike+1","Evolve+1","Pommel Strike+1","Underhanded Strike+1","Quick Slash+1","Intimidate+1","Storm+1","Sweeping Beam+1","Feed+1","Flying Knee+1"],"relics":["Burning Blood","MawBank","PrismaticShard","Molten Egg 2","Bag of Marbles","Incense Burner","Happy Flower","Prayer Wheel","Calling Bell","PreservedInsect","Self Forming Clay","Magic Flower","Art of War","Strawberry","The Courier","Sundial"],"potions_floor_usage":[10,16,16,30,33],"damage_taken":[{"damage":0,"enemies":"Small Slimes","floor":1,"turns":3},{"damage":4,"enemies":"Jaw Worm","floor":5,"turns":3},{"damage":30,"enemies":"Lagavulin","floor":6,"turns":5},{"damage":8,"enemies":"Gremlin Nob","floor":10,"turns":3},{"damage":0,"enemies":"2 Louse","floor":14,"turns":2},{"damage":26,"enemies":"Hexaghost","floor":16,"turns":5},{"damage":15,"enemies":"Shell Parasite","floor":18,"turns":3},{"damage":13,"enemies":"Chosen","floor":20,"turns":3},{"damage":7,"enemies":"3 Cultists","floor":21,"turns":3},{"damage":16,"enemies":"Book of Stabbing","floor":24,"turns":2},{"damage":12,"enemies":"Centurion and Healer","floor":25,"turns":3},{"damage":0,"enemies":"Snecko","floor":28,"turns":2},{"damage":5,"enemies":"Slavers","floor":30,"turns":3},{"damage":26,"enemies":"Snake Plant","floor":31,"turns":2},{"damage":80,"enemies":"Automaton","floor":33,"turns":6}],"seed_played":"4964484623792634437","potions_obtained":[{"floor":1,"key":"AttackPotion"},{"floor":6,"key":"AttackPotion"},{"floor":14,"key":"PowerPotion"},{"floor":25,"key":"FearPotion"},{"floor":28,"key":"AttackPotion"},{"floor":31,"key":"Swift Potion"}],"is_trial":false,"path_per_floor":["M","?","?","$","M","E","R","$","T","E","R","T","T","M","R","B",null,"M","?","M","M","?","R","E","M","T","R","M","?","E","M","R","B"],"character_chosen":"IRONCLAD","items_purchased":["PrismaticShard"],"campfire_rested":0,"item_purchase_floors":[4],"current_hp_per_floor":[78,78,62,62,64,40,40,40,40,38,38,38,38,44,44,24,66,60,60,56,58,58,58,51,48,55,55,64,64,68,51,51,0],"gold":598,"neow_bonus":"RANDOM_COMMON_RELIC","is_prod":false,"is_daily":false,"chose_seed":false,"campfire_upgraded":6,"win_rate":0,"timestamp":1545015034,"path_taken":["M","?","?","?","M","E","R","$","T","E","R","?","?","?","R","BOSS","M","?","M","?","?","R","E","M","T","R","M","?","E","M","R","BOSS"],"build_version":"2018-12-13","purchased_purges":0,"victory":false,"max_hp_per_floor":[80,80,80,80,80,80,80,80,80,80,80,80,80,80,80,80,80,80,80,80,80,80,80,80,80,87,87,87,87,87,87,87,87],"card_choices":[{"not_picked":["Intimidate","Pummel"],"picked":"Wild Strike","floor":1},{"not_picked":["Beam Cell","Headbutt"],"picked":"Ball Lightning","floor":5},{"not_picked":["Flame Barrier","Blind"],"picked":"Predator","floor":6},{"not_picked":["Shockwave","Ball Lightning+1"],"picked":"Sunder+1","floor":10},{"not_picked":["Leg Sweep","Prepared"],"picked":"Wild Strike+1","floor":14},{"not_picked":["Turbo","Barrage+1"],"picked":"Wild Strike+1","floor":14},{"not_picked":["HandOfGreed+1","Die Die Die+1"],"picked":"Hyperbeam+1","floor":16},{"not_picked":["Sweeping Beam+1","Deadly Poison"],"picked":"Enlightenment","floor":18},{"not_picked":["Thunderclap+1","Bouncing Flask"],"picked":"Mind Blast+1","floor":18},{"not_picked":["Poisoned Stab+1","Intimidate"],"picked":"Shrug It Off","floor":20},{"not_picked":["PanicButton","Biased Cognition"],"picked":"Twin Strike+1","floor":20},{"not_picked":["Gash+1","Purity"],"picked":"Pummel+1","floor":21},{"not_picked":["Power Through","Chill"],"picked":"Pommel Strike+1","floor":21},{"not_picked":["Deadly Poison+1","Corruption"],"picked":"Pommel Strike+1","floor":24},{"not_picked":["Sweeping Beam+1","Gash+1"],"picked":"Underhanded Strike+1","floor":25},{"not_picked":["Loop+1","Undo"],"picked":"Quick Slash+1","floor":25},{"not_picked":["Coolheaded+1","Turbo"],"picked":"Intimidate","floor":28},{"not_picked":["Coolheaded","Turbo"],"picked":"Storm+1","floor":28},{"not_picked":["Infinite Blades","Burning Pact"],"picked":"Sweeping Beam+1","floor":30},{"not_picked":["Headbutt+1","Stack"],"picked":"Feed+1","floor":31},{"not_picked":["Heavy Blade+1","Flying Knee+1","Footwork"],"picked":"SKIP","floor":31},{"not_picked":["Heavy Blade+1","Footwork"],"picked":"Flying Knee+1","floor":31}],"player_experience":314909,"relics_obtained":[{"floor":6,"key":"Molten Egg 2"},{"floor":9,"key":"Bag of Marbles"},{"floor":10,"key":"Incense Burner"},{"floor":12,"key":"Happy Flower"},{"floor":13,"key":"Prayer Wheel"},{"floor":17,"key":"PreservedInsect"},{"floor":17,"key":"Self Forming Clay"},{"floor":17,"key":"Magic Flower"},{"floor":24,"key":"Art of War"},{"floor":26,"key":"Strawberry"},{"floor":30,"key":"Sundial"}],"event_choices":[{"damage_healed":0,"gold_gain":57,"player_choice":"Gained Gold","damage_taken":0,"max_hp_gain":0,"max_hp_loss":0,"event_name":"Golden Wing","floor":2,"gold_loss":0},{"damage_healed":0,"gold_gain":0,"player_choice":"Entered Light","damage_taken":16,"max_hp_gain":0,"max_hp_loss":0,"event_name":"Shining Light","floor":3,"gold_loss":0,"cards_upgraded":["Defend_R","Defend_R"]},{"damage_healed":0,"gold_gain":275,"player_choice":"Desecrate","damage_taken":0,"max_hp_gain":0,"max_hp_loss":0,"event_name":"Golden Shrine","floor":19,"gold_loss":0,"cards_obtained":["Regret"]},{"damage_healed":0,"gold_gain":0,"player_choice":"Read","damage_taken":0,"max_hp_gain":0,"max_hp_loss":0,"event_name":"The Library","floor":22,"gold_loss":0,"cards_obtained":["Evolve"]},{"damage_healed":0,"gold_gain":0,"player_choice":"Obtained Relic","damage_taken":0,"relics_obtained":["The Courier"],"max_hp_gain":0,"max_hp_loss":0,"event_name":"Addict","floor":29,"gold_loss":85}],"is_beta":false,"boss_relics":[{"not_picked":["Philosopher\u0027s Stone","Ectoplasm"],"picked":"Calling Bell"}],"items_purged_floors":[],"is_endless":false,"potions_floor_spawned":[1,6,14,25,28,31],"killed_by":"Automaton","ascension_level":7}