{"gold_per_floor":[113,12,22,22,22,22,22,22,22,22,34,65,75,88,88,185,185,203,215,215,227,247,247,264,264,319,319,334,352,370,370,370,469,469,489,507,507,527,541,541,556,556,556,175,175,186,198,213,213,213,213,213,10,35,35],"floor_reached":55,"playtime":4046,"items_purged":["Strike_B","Defend_B"],"score":715,"play_id":"e8e87b8a-2193-41a8-81da-6a48b63bb460","local_time":"20190207200107","is_ascension_mode":true,"campfire_choices":[{"data":"Hologram","floor":6,"key":"SMITH"},{"data":"Dualcast","floor":8,"key":"SMITH"},{"floor":10,"key":"RECALL"},{"floor":15,"key":"REST"},{"data":"Leap","floor":23,"key":"SMITH"},{"floor":25,"key":"REST"},{"floor":32,"key":"REST"},{"floor":40,"key":"REST"},{"floor":45,"key":"REST"},{"data":"Blind","floor":49,"key":"SMITH"},{"data":"Seek","floor":52,"key":"SMITH"}],"neow_cost":"NONE","seed_source_timestamp":38574840810626,"circlet_count":0,"master_deck":["Defend_B+1","Defend_B","Defend_B","Dualcast+1","Rebound","Gash","Hologram+1","Skim","All For One","Conserve Battery","Gash","Gash","Seek+1","Gash","Leap+1","Leap+1","Self Repair","Cold Snap+1","Chill+1","Self Repair","All For One","Defragment","Gash","Turbo+1","Loop","Defragment+1","Blind+1","Gash","White Noise","Gash+1","Stack+1","Gash+1","Auto Shields+1"],"relics":["Cracked Core","DataDisk","Bird Faced Urn","Letter Opener","Empty Cage","Dream Catcher","MutagenicStrength","Lizard Tail","War Paint","Happy Flower","HandDrill","Centennial Puzzle"],"potions_floor_usage":[21,29,55,55,55],"damage_taken":[{"damage":0,"enemies":"Cultist","floor":1,"turns":4},{"damage":0,"enemies":"Small Slimes","floor":3,"turns":3},{"damage":0,"enemies":"2 Louse","floor":11,"turns":2},{"damage":28,"enemies":"Lagavulin","floor":12,"turns":7},{"damage":2,"enemies":"2 Fungi Beasts","floor":13,"turns":2},{"damage":0,"enemies":"Exordium Thugs","floor":14,"turns":3},{"damage":24,"enemies":"Hexaghost","floor":16,"turns":6},{"damage":0,"enemies":"3 Byrds","floor":18,"turns":2},{"damage":1,"enemies":"Spheric Guardian","floor":19,"turns":3},{"damage":1,"enemies":"3 Cultists","floor":21,"turns":4},{"damage":31,"enemies":"Snake Plant","floor":22,"turns":4},{"damage":1,"enemies":"Shelled Parasite and Fungi","floor":24,"turns":3},{"damage":14,"enemies":"Chosen and Byrds","floor":28,"turns":5},{"damage":13,"enemies":"Centurion and Healer","floor":29,"turns":5},{"damage":31,"enemies":"Snake Plant","floor":30,"turns":4},{"damage":1,"enemies":"Champ","floor":33,"turns":9},{"damage":7,"enemies":"3 Darklings","floor":35,"turns":5},{"damage":2,"enemies":"Orb Walker","floor":36,"turns":4},{"damage":10,"enemies":"3 Darklings","floor":38,"turns":5},{"damage":50,"enemies":"Spire Growth","floor":39,"turns":6},{"damage":25,"enemies":"Maw","floor":41,"turns":7},{"damage":4,"enemies":"Transient","floor":46,"turns":5},{"damage":6,"enemies":"Jaw Worm Horde","floor":47,"turns":4},{"damage":27,"enemies":"Writhing Mass","floor":48,"turns":6},{"damage":10,"enemies":"Donu and Deca","floor":50,"turns":8},{"damage":34,"enemies":"Shield and Spear","floor":54,"turns":7},{"damage":120,"enemies":"The Heart","floor":55,"turns":9}],"seed_played":"6588535918093328438","potions_obtained":[{"floor":1,"key":"Dexterity Potion"},{"floor":14,"key":"Ancient Potion"},{"floor":18,"key":"EssenceOfSteel"},{"floor":24,"key":"Ancient Potion"},{"floor":28,"key":"LiquidBronze"},{"floor":41,"key":"FearPotion"},{"floor":46,"key":"Block Potion"}],"is_trial":false,"path_per_floor":["M","$","M","$","?","R","?","R","T","R","M","E","M","M","R","B",null,"M","M","T","M","M","R","M","R","T","?","M","M","M","?","R","B",null,"M","M","?","M","M","R","M","?","T","$","R","M","M","M","R","B",null,"R","$","E","B"],"character_chosen":"DEFECT","items_purchased":["Gash","Happy Flower","Gash","White Noise","HandDrill"],"campfire_rested":5,"item_purchase_floors":[2,44,44,44,53],"current_hp_per_floor":[75,75,75,75,63,63,63,63,63,63,63,35,33,33,55,31,75,75,74,74,73,42,42,41,63,63,63,49,45,23,23,45,62,75,75,75,75,74,35,57,45,45,45,45,67,71,69,68,68,73,75,75,75,63,0],"gold":35,"neow_bonus":"REMOVE_CARD","is_prod":false,"is_daily":false,"chose_seed":false,"campfire_upgraded":5,"win_rate":0,"timestamp":1549566067,"path_taken":["M","$","M","$","?","R","?","R","T","R","M","E","M","?","R","BOSS","M","M","?","M","M","R","M","R","T","?","M","M","M","?","R","BOSS","M","M","?","M","?","R","M","?","T","$","R","M","M","M","R","BOSS","R","$","E","BOSS"],"build_version":"2019-01-23","purchased_purges":2,"victory":false,"max_hp_per_floor":[75,75,75,75,75,75,75,75,75,75,75,75,75,75,75,75,75,75,75,75,75,75,75,75,75,75,75,75,75,75,75,75,75,75,75,75,75,75,75,75,75,75,75,75,75,75,75,75,75,75,75,75,75,75,75],"card_choices":[{"not_picked":["Darkness","Tempest"],"picked":"Rebound","floor":1},{"not_picked":["Ball Lightning","Steam"],"picked":"Hologram","floor":3},{"not_picked":["Barrage","Hologram"],"picked":"Conserve Battery","floor":11},{"not_picked":["Coolheaded","Steam Power"],"picked":"Gash","floor":12},{"not_picked":["Cold Snap","Compile Driver","Hologram"],"picked":"SKIP","floor":13},{"not_picked":["Blizzard","Hologram"],"picked":"Gash","floor":14},{"not_picked":["Core Surge","Biased Cognition"],"picked":"Seek","floor":16},{"not_picked":["Undo","Double Energy+1"],"picked":"Gash","floor":18},{"not_picked":["Heatsinks+1","Barrage+1","Conserve Battery"],"picked":"SKIP","floor":19},{"not_picked":["Recycle","Barrage","Stack"],"picked":"SKIP","floor":21},{"not_picked":["Capacitor+1","Fusion"],"picked":"Leap","floor":22},{"not_picked":["Sweeping Beam+1","Steam"],"picked":"Leap","floor":24},{"not_picked":["Stack","Sunder"],"picked":"Self Repair","floor":28},{"not_picked":["Skim","Turbo"],"picked":"Cold Snap+1","floor":29},{"not_picked":["Reprogram","Rebound+1"],"picked":"Chill+1","floor":30},{"not_picked":["Leap","Sunder+1"],"picked":"Self Repair","floor":32},{"not_picked":["Core Surge","Electrodynamics"],"picked":"All For One","floor":33},{"not_picked":["Ball Lightning","Blizzard+1","Cold Snap+1"],"picked":"SKIP","floor":35},{"not_picked":["Leap","Rip and Tear+1"],"picked":"Defragment","floor":36},{"not_picked":["Redo","Hologram+1"],"picked":"Gash","floor":38},{"not_picked":["Steam","Fusion"],"picked":"Turbo+1","floor":39},{"not_picked":["Chill","Ball Lightning+1"],"picked":"Loop","floor":40},{"not_picked":["Hologram","Lockon+1"],"picked":"Defragment+1","floor":41},{"not_picked":["Jack Of All Trades","Swift Strike"],"picked":"Blind","floor":42},{"not_picked":["Turbo+1","Go for the Eyes"],"picked":"Gash+1","floor":45},{"not_picked":["Lockon+1","Rip and Tear+1"],"picked":"Stack+1","floor":46},{"not_picked":["Reboot","Beam Cell"],"picked":"Gash+1","floor":47},{"not_picked":["Hologram+1","Barrage"],"picked":"Auto Shields+1","floor":48},{"not_picked":["Sunder","Sweeping Beam","Turbo"],"picked":"SKIP","floor":54}],"player_experience":163029,"relics_obtained":[{"floor":9,"key":"Bird Faced Urn"},{"floor":12,"key":"Letter Opener"},{"floor":26,"key":"Dream Catcher"},{"floor":43,"key":"War Paint"},{"floor":54,"key":"Centennial Puzzle"}],"event_choices":[{"damage_healed":0,"gold_gain":0,"player_choice":"Success","damage_taken":12,"relics_obtained":["DataDisk"],"max_hp_gain":0,"max_hp_loss":0,"event_name":"Scrap Ooze","floor":5,"gold_loss":0},{"damage_healed":0,"gold_gain":0,"player_choice":"2 cards matched","damage_taken":0,"max_hp_gain":0,"max_hp_loss":0,"event_name":"Match and Keep!","floor":7,"gold_loss":0,"cards_obtained":["Skim","All For One"]},{"damage_healed":0,"gold_gain":0,"player_choice":"2 cards matched","damage_taken":0,"max_hp_gain":0,"max_hp_loss":0,"event_name":"Match and Keep!","floor":7,"gold_loss":0,"cards_obtained":["Skim","All For One"]},{"damage_healed":0,"gold_gain":0,"player_choice":"Inject Mutagens","damage_taken":0,"relics_obtained":["MutagenicStrength"],"max_hp_gain":0,"max_hp_loss":0,"event_name":"Drug Dealer","floor":27,"gold_loss":0},{"damage_healed":0,"gold_gain":0,"player_choice":"Ignored","damage_taken":0,"max_hp_gain":0,"max_hp_loss":0,"event_name":"Vampires","floor":31,"gold_loss":0},{"cards_removed":["Zap"],"damage_healed":0,"gold_gain":0,"player_choice":"Offered Basic","damage_taken":0,"max_hp_gain":0,"max_hp_loss":0,"event_name":"Bonfire Elementals","floor":37,"gold_loss":0},{"damage_healed":0,"gold_gain":0,"player_choice":"Memory 1","damage_taken":0,"max_hp_gain":0,"max_hp_loss":0,"event_name":"SensoryStone","floor":42,"gold_loss":0}],"is_beta":false,"boss_relics":[{"not_picked":["White Beast Statue","Velvet Choker"],"picked":"Empty Cage"},{"not_picked":["Tiny House","Calling Bell"],"picked":"Lizard Tail"}],"items_purged_floors":[2,44],"is_endless":false,"potions_floor_spawned":[1,14,18,24,28,41,46,48,54],"killed_by":"The Heart","ascension_level":2}