{"gold_per_floor":[413,413,194,194,17,51,51,79,106,34,54,54,54,79,79,174,174,194,194,222,232,62,62,62,62,86,86,98,108,141,161,161,264,264,284,506,525,580,143,143,168,168,219,219,253,253,74,91,91,91],"floor_reached":51,"playtime":2406,"items_purged":["Strike_B","Defend_B"],"score":847,"play_id":"f7e9aaf0-5970-4958-9bda-7346cecb4be7","local_time":"20190110225727","is_ascension_mode":true,"campfire_choices":[{"floor":7,"key":"REST"},{"data":"Creative AI","floor":12,"key":"SMITH"},{"floor":15,"key":"REST"},{"data":"Storm","floor":23,"key":"SMITH"},{"data":"Machine Learning","floor":25,"key":"SMITH"},{"data":"Zap","floor":27,"key":"SMITH"},{"data":"Buffer","floor":32,"key":"SMITH"},{"data":"Mayhem","floor":40,"key":"SMITH"},{"data":"Defragment","floor":42,"key":"SMITH"},{"data":"Loop","floor":44,"key":"SMITH"},{"data":"Static Discharge","floor":49,"key":"SMITH"}],"neow_cost":"PERCENT_DAMAGE","seed_source_timestamp":166727735458186,"circlet_count":0,"master_deck":["Defend_B","Defend_B+1","Defend_B","Zap+1","Dualcast+1","Capacitor","Loop+1","Conserve Battery","Streamline","Creative AI+1","All For One","Streamline","Machine Learning+1","Coolheaded+1","Storm+1","Panache","Auto Shields","Defragment+1","Conserve Battery+1","Self Repair","Buffer+1","Thunder Strike","White Noise+1","Mayhem+1","Reinforced Body+1","Static Discharge+1"],"relics":["Cracked Core","Old Coin","DataDisk","WingedGreaves","War Paint","Dream Catcher","Pear","Coffee Dripper","Red Mask","Boot","Prayer Wheel","Busted Crown","Nunchaku","Mercury Hourglass","PreservedInsect","Centennial Puzzle","Oddly Smooth Stone","NlothsMask"],"potions_floor_usage":[14,16,35,41,50,50,50],"damage_taken":[{"damage":12,"enemies":"Small Slimes","floor":1,"turns":3},{"damage":17,"enemies":"Lagavulin","floor":6,"turns":8},{"damage":18,"enemies":"3 Sentries","floor":8,"turns":6},{"damage":2,"enemies":"Cultist","floor":11,"turns":4},{"damage":18,"enemies":"Lagavulin","floor":14,"turns":5},{"damage":19,"enemies":"Slime Boss","floor":16,"turns":8},{"damage":7,"enemies":"Shell Parasite","floor":18,"turns":6},{"damage":33,"enemies":"Masked Bandits","floor":20,"turns":5},{"damage":0,"enemies":"Spheric Guardian","floor":21,"turns":3},{"damage":15,"enemies":"Snake Plant","floor":28,"turns":4},{"damage":4,"enemies":"Centurion and Healer","floor":29,"turns":4},{"damage":1,"enemies":"Book of Stabbing","floor":30,"turns":4},{"damage":0,"enemies":"3 Cultists","floor":31,"turns":2},{"damage":1,"enemies":"Champ","floor":33,"turns":10},{"damage":6,"enemies":"3 Darklings","floor":35,"turns":4},{"damage":7,"enemies":"3 Shapes","floor":37,"turns":3},{"damage":34,"enemies":"2 Orb Walkers","floor":38,"turns":4},{"damage":0,"enemies":"Giant Head","floor":41,"turns":6},{"damage":0,"enemies":"Nemesis","floor":45,"turns":3},{"damage":0,"enemies":"Jaw Worm Horde","floor":48,"turns":3},{"damage":38,"enemies":"Time Eater","floor":50,"turns":5}],"seed_played":"-3395550329012966337","potions_obtained":[{"floor":6,"key":"Explosive Potion"},{"floor":11,"key":"AttackPotion"},{"floor":20,"key":"LiquidBronze"},{"floor":21,"key":"Poison Potion"},{"floor":30,"key":"Fire Potion"},{"floor":37,"key":"Ancient Potion"},{"floor":48,"key":"Weak Potion"}],"is_trial":false,"path_per_floor":["M","?","$","?","$","E","R","E","T","$","M","R","$","E","R","B",null,"M","?","?","M","$","R","?","R","T","R","M","M","E","M","R","B",null,"M","?","M","?","$","R","E","R","T","R","E","?","$","M","R","B",null],"character_chosen":"DEFECT","items_purchased":["DataDisk","Capacitor","Loop","Conserve Battery","All For One","Panache","Mayhem","Mercury Hourglass","Static Discharge"],"campfire_rested":2,"item_purchase_floors":[3,3,5,5,10,22,39,39,47],"current_hp_per_floor":[42,42,42,35,35,18,40,22,22,22,20,20,20,12,37,18,85,78,78,45,45,45,45,45,45,45,45,30,26,25,32,32,38,85,85,85,85,51,51,51,58,58,58,58,65,65,65,72,72,41],"gold":91,"neow_bonus":"ONE_RARE_RELIC","is_prod":false,"is_daily":false,"chose_seed":false,"campfire_upgraded":9,"win_rate":0,"timestamp":1547121447,"path_taken":["M","?","?","?","$","E","R","E","T","?","M","R","$","E","R","BOSS","M","?","?","M","$","R","?","R","T","R","M","?","E","M","R","BOSS","M","?","M","?","$","R","E","R","T","R","E","?","$","?","R","BOSS"],"build_version":"2018-11-15","purchased_purges":2,"victory":true,"max_hp_per_floor":[75,75,75,75,75,75,75,75,75,75,75,75,75,85,85,85,85,85,85,85,85,85,85,85,85,85,85,85,85,85,85,85,85,85,85,85,85,85,85,85,85,85,85,85,85,85,85,85,85,85],"card_choices":[{"not_picked":["Turbo","Auto Shields","BootSequence"],"picked":"SKIP","floor":1},{"not_picked":["Compile Driver","Beam Cell"],"picked":"Streamline","floor":6},{"not_picked":["Streamline","Conserve Battery"],"picked":"Creative AI","floor":8},{"not_picked":["Steam","Compile Driver"],"picked":"Streamline","floor":11},{"not_picked":["Barrage","Compile Driver","Genetic Algorithm"],"picked":"SKIP","floor":14},{"not_picked":["Reboot","Fission"],"picked":"Machine Learning","floor":16},{"not_picked":["Redo+1","Stack+1"],"picked":"Coolheaded+1","floor":18},{"not_picked":["Streamline","Consume+1"],"picked":"Storm","floor":20},{"not_picked":["Barrage+1","Multi-Cast","Rip and Tear+1"],"picked":"SKIP","floor":21},{"not_picked":["Fusion","Sweeping Beam"],"picked":"Defragment","floor":28},{"not_picked":["BootSequence","Scrape"],"picked":"Conserve Battery+1","floor":29},{"not_picked":["Ball Lightning","Turbo+1"],"picked":"Self Repair","floor":30},{"not_picked":["Rebound","BootSequence"],"picked":"Buffer","floor":31},{"not_picked":["Stack","Gash","Reprogram"],"picked":"SKIP","floor":31},{"not_picked":["Buffer","All For One"],"picked":"Thunder Strike","floor":33},{"not_picked":[],"picked":"White Noise+1","floor":35},{"not_picked":["Redo+1"],"picked":"SKIP","floor":35},{"not_picked":["Rebound+1"],"picked":"SKIP","floor":37},{"not_picked":["Barrage"],"picked":"SKIP","floor":37},{"not_picked":[],"picked":"Reinforced Body+1","floor":41},{"not_picked":["Cold Snap+1"],"picked":"SKIP","floor":45},{"not_picked":["Barrage"],"picked":"SKIP","floor":48},{"not_picked":["Turbo+1"],"picked":"SKIP","floor":48}],"player_experience":1075391,"relics_obtained":[{"floor":6,"key":"WingedGreaves"},{"floor":8,"key":"War Paint"},{"floor":9,"key":"Dream Catcher"},{"floor":14,"key":"Pear"},{"floor":20,"key":"Red Mask"},{"floor":26,"key":"Boot"},{"floor":30,"key":"Prayer Wheel"},{"floor":38,"key":"Nunchaku"},{"floor":41,"key":"PreservedInsect"},{"floor":43,"key":"Centennial Puzzle"},{"floor":45,"key":"Oddly Smooth Stone"}],"event_choices":[{"cards_removed":["Strike_B"],"damage_healed":0,"gold_gain":0,"player_choice":"Purged","damage_taken":0,"max_hp_gain":0,"max_hp_loss":0,"event_name":"Purifier","floor":2,"gold_loss":0},{"cards_removed":["Strike_B"],"damage_healed":0,"gold_gain":0,"player_choice":"Card Removal","damage_taken":7,"max_hp_gain":0,"max_hp_loss":0,"event_name":"Golden Wing","floor":4,"gold_loss":0},{"damage_healed":0,"gold_gain":0,"player_choice":"Ignored","damage_taken":0,"max_hp_gain":0,"max_hp_loss":0,"event_name":"Ghosts","floor":19,"gold_loss":0},{"damage_healed":0,"gold_gain":0,"player_choice":"Fought Bandits","damage_taken":0,"max_hp_gain":0,"max_hp_loss":0,"event_name":"Masked Bandits","floor":20,"gold_loss":0},{"damage_healed":0,"gold_gain":0,"cards_transformed":["Strike_B"],"player_choice":"Transformed","damage_taken":0,"max_hp_gain":0,"max_hp_loss":0,"event_name":"Transmorgrifier","floor":24,"gold_loss":0,"cards_obtained":["Auto Shields"]},{"damage_healed":0,"gold_gain":222,"player_choice":"Wore Mask","damage_taken":0,"max_hp_gain":0,"max_hp_loss":0,"event_name":"Tomb of Lord Red Mask","floor":36,"gold_loss":0},{"damage_healed":0,"gold_gain":0,"player_choice":"Fight","damage_taken":0,"max_hp_gain":0,"max_hp_loss":0,"event_name":"Mysterious Sphere","floor":38,"gold_loss":0},{"damage_healed":0,"gold_gain":0,"player_choice":"Trade","damage_taken":0,"relics_obtained":["NlothsMask"],"max_hp_gain":0,"max_hp_loss":0,"event_name":"FaceTrader","floor":46,"gold_loss":0}],"is_beta":true,"boss_relics":[{"not_picked":["Snecko Eye","White Beast Statue"],"picked":"Coffee Dripper"},{"not_picked":["Black Star","Fusion Hammer"],"picked":"Busted Crown"}],"items_purged_floors":[5,47],"is_endless":false,"potions_floor_spawned":[6,11,20,21,30,33,37,48],"ascension_level":1}