{"gold_per_floor":[117,134,84,101,111,111,144,144,144,175,175,175,190,208,208,306,306,323,18,28,47,60,80,80,99,122,122,122,154,170,205,205,300,300,317,317,73,83,102,131,131],"floor_reached":41,"playtime":3260,"items_purged":[],"score":644,"play_id":"ea1da5c6-35a4-4bf5-9a89-dca0a6911ce2","local_time":"20190107182407","is_ascension_mode":true,"campfire_choices":[{"data":"Zap","floor":6.0,"key":"SMITH"},{"data":"Fission","floor":11.0,"key":"SMITH"},{"data":"Ball Lightning","floor":15.0,"key":"SMITH"},{"data":"Defragment","floor":24.0,"key":"SMITH"},{"floor":28.0,"key":"REST"},{"floor":32.0,"key":"REST"}],"neow_cost":"NONE","seed_source_timestamp":0,"circlet_count":0,"master_deck":["Zap+1","Dualcast","Chill","Capacitor","Coolheaded","Conserve Battery","Beam Cell+1","Conserve Battery","Fission+1","Hologram+1","Ball Lightning+1","Fusion+1","Echo Form","Lockon","Double Energy+1","Hello World","Doom and Gloom","Defragment+1","Aggregate+1","Streamline","Redo+1","Sunder+1","Rebound+1","Leap+1","Steam+1","Auto Shields+1","Leap+1","Biased Cognition","Blizzard"],"special_seed":0,"relics":["Cracked Core","Shuriken","Toxic Egg 2","Pantograph","Pandora\u0027s Box","Torii","Kunai","Regal Pillow","Inserter","Lee\u0027s Waffle","Ginger"],"potions_floor_usage":[40],"damage_taken":[{"damage":0.0,"enemies":"2 Louse","floor":1.0,"turns":3.0},{"damage":1.0,"enemies":"Cultist","floor":2.0,"turns":4.0},{"damage":2.0,"enemies":"Jaw Worm","floor":4.0,"turns":5.0},{"damage":4.0,"enemies":"Red Slaver","floor":5.0,"turns":6.0},{"damage":10.0,"enemies":"3 Sentries","floor":7.0,"turns":8.0},{"damage":13.0,"enemies":"Lagavulin","floor":10.0,"turns":11.0},{"damage":0.0,"enemies":"Looter","floor":13.0,"turns":4.0},{"damage":0.0,"enemies":"Lots of Slimes","floor":14.0,"turns":4.0},{"damage":27.0,"enemies":"Hexaghost","floor":16.0,"turns":9.0},{"damage":3.0,"enemies":"Spheric Guardian","floor":18.0,"turns":3.0},{"damage":13.0,"enemies":"2 Thieves","floor":20.0,"turns":3.0},{"damage":1.0,"enemies":"Snecko","floor":21.0,"turns":4.0},{"damage":1.0,"enemies":"Sentry and Sphere","floor":22.0,"turns":3.0},{"damage":0.0,"enemies":"Cultist and Chosen","floor":23.0,"turns":4.0},{"damage":10.0,"enemies":"Centurion and Healer","floor":25.0,"turns":4.0},{"damage":10.0,"enemies":"Slavers","floor":29.0,"turns":4.0},{"damage":1.0,"enemies":"Snake Plant","floor":30.0,"turns":4.0},{"damage":27.0,"enemies":"Gremlin Leader","floor":31.0,"turns":4.0},{"damage":47.0,"enemies":"Champ","floor":33.0,"turns":8.0},{"damage":10.0,"enemies":"3 Darklings","floor":35.0,"turns":6.0},{"damage":3.0,"enemies":"Orb Walker","floor":38.0,"turns":5.0},{"damage":37.0,"enemies":"Transient","floor":39.0,"turns":5.0},{"damage":36,"enemies":"Giant Head","floor":40,"turns":10},{"damage":19,"enemies":"Sphere and 2 Shapes","floor":41,"turns":3}],"seed_played":"-5093840167119285922","potions_obtained":[{"floor":5.0,"key":"Fire Potion"},{"floor":13.0,"key":"GamblersBrew"},{"floor":14.0,"key":"Poison Potion"},{"floor":20.0,"key":"Fire Potion"},{"floor":22.0,"key":"Dexterity Potion"},{"floor":31.0,"key":"AttackPotion"},{"floor":33.0,"key":"EssenceOfSteel"},{"floor":38.0,"key":"FairyPotion"},{"floor":39.0,"key":"Strength Potion"},{"floor":40,"key":"Weak Potion"}],"is_trial":false,"path_per_floor":["M","M","?","M","M","R","E","?","T","E","R","?","M","M","R","B",null,"M","$","M","M","M","M","R","M","T","$","R","E","M","E","R","B",null,"M","?","$","M","M","E","M"],"character_chosen":"DEFECT","items_purchased":["Torii","Lee\u0027s Waffle","Weak Potion"],"campfire_rested":2,"item_purchase_floors":[19,37,37],"current_hp_per_floor":[68,67,67,65,61,61,51,51,51,38,38,38,38,38,38,36,65,62,62,49,48,47,47,47,37,37,37,59,49,48,21,58,28,63,53,53,82,79,42,6,0],"gold":131,"neow_bonus":"THREE_CARDS","is_prod":false,"is_daily":false,"chose_seed":false,"campfire_upgraded":4,"win_rate":0,"timestamp":1546903447,"path_taken":["M","M","?","M","M","R","E","?","T","E","R","?","M","M","R","BOSS","M","$","M","?","?","M","R","M","T","$","R","E","M","E","R","BOSS","M","?","$","M","M","E","M"],"build_version":"2019-01-03v4","purchased_purges":0,"victory":false,"max_hp_per_floor":[75,75,75,75,75,75,75,75,75,75,75,75,75,75,75,75,75,75,75,75,75,75,75,75,75,75,75,75,75,75,75,75,75,75,75,75,82,82,82,82,82],"card_choices":[{"not_picked":["Scrape","Reprogram"],"picked":"Chill","floor":0.0},{"not_picked":["Redo","Turbo"],"picked":"Capacitor","floor":1.0},{"not_picked":["Ball Lightning","Loop"],"picked":"Coolheaded","floor":2.0},{"not_picked":["Scrape","Sweeping Beam"],"picked":"Conserve Battery","floor":4.0},{"not_picked":["BootSequence","Loop"],"picked":"Beam Cell","floor":5.0},{"not_picked":["Stack","Reinforced Body"],"picked":"Conserve Battery","floor":7.0},{"not_picked":["Hello World","Recycle+1"],"picked":"Hologram+1","floor":10.0},{"not_picked":["Steam+1","Multi-Cast+1"],"picked":"Ball Lightning","floor":13.0},{"not_picked":["Hologram+1","Conserve Battery+1"],"picked":"Fusion+1","floor":14.0},{"not_picked":["Multi-Cast+1","Seek+1"],"picked":"Echo Form","floor":16.0},{"not_picked":["Double Energy+1","Compile Driver"],"picked":"Streamline","floor":18.0},{"not_picked":["Coolheaded+1","Go for the Eyes"],"picked":"Redo+1","floor":20.0},{"not_picked":["Scrape+1","Cold Snap"],"picked":"Sunder+1","floor":21.0},{"not_picked":["Loop","Force Field+1"],"picked":"Rebound+1","floor":22.0},{"not_picked":["Gash","Rebound+1"],"picked":"Leap+1","floor":23.0},{"not_picked":["Hologram+1","Redo+1"],"picked":"Steam+1","floor":25.0},{"not_picked":["Turbo+1","Ball Lightning"],"picked":"Auto Shields+1","floor":29.0},{"not_picked":["Lockon","Rebound+1","Hologram+1"],"picked":"SKIP","floor":30.0},{"not_picked":["Force Field+1","Coolheaded+1"],"picked":"Leap+1","floor":31.0},{"not_picked":["Multi-Cast+1","All For One"],"picked":"Biased Cognition","floor":33.0},{"not_picked":["Fusion+1","Double Energy+1","Ball Lightning+1"],"picked":"SKIP","floor":35.0},{"not_picked":["Compile Driver+1","Steam+1","Go for the Eyes"],"picked":"SKIP","floor":38.0},{"not_picked":["Go for the Eyes","Skim+1"],"picked":"Blizzard","floor":39.0},{"not_picked":["Turbo+1","Compile Driver","Steam Power+1"],"picked":"SKIP","floor":40}],"player_experience":426554,"relics_obtained":[{"floor":7.0,"key":"Shuriken"},{"floor":9.0,"key":"Toxic Egg 2"},{"floor":10.0,"key":"Pantograph"},{"floor":29.0,"key":"Kunai"},{"floor":31.0,"key":"Regal Pillow"},{"floor":40,"key":"Ginger"}],"event_choices":[{"cards_removed":["Strike_B"],"damage_healed":0.0,"max_hp_gain":0.0,"max_hp_loss":0.0,"gold_gain":0.0,"event_name":"The Cleric","player_choice":"Card Removal","floor":3.0,"gold_loss":50.0,"damage_taken":0.0},{"damage_healed":0.0,"max_hp_gain":0.0,"max_hp_loss":0.0,"gold_gain":0.0,"cards_transformed":["Strike_B"],"event_name":"Living Wall","player_choice":"Change","floor":8.0,"gold_loss":0.0,"damage_taken":0.0,"cards_obtained":["Fission"]},{"damage_healed":0.0,"max_hp_gain":0.0,"max_hp_loss":0.0,"gold_gain":0.0,"event_name":"Accursed Blacksmith","player_choice":"Forge","floor":12.0,"gold_loss":0.0,"damage_taken":0.0,"cards_upgraded":["Beam Cell"]},{"damage_healed":0.0,"max_hp_gain":0.0,"max_hp_loss":0.0,"gold_gain":0.0,"event_name":"Tomb of Lord Red Mask","player_choice":"Ignored","floor":36.0,"gold_loss":0.0,"damage_taken":0.0}],"is_beta":false,"boss_relics":[{"not_picked":["Cursed Key","Snecko Eye"],"picked":"Pandora\u0027s Box"},{"not_picked":["Tiny House","Astrolabe"],"picked":"Inserter"}],"items_purged_floors":[],"is_endless":false,"potions_floor_spawned":[5,13,14,20,22,31,33,38,39,40],"killed_by":"Sphere and 2 Shapes","ascension_level":7}