{"gold_per_floor":[118,128,128,128,128,128,128,162,162,187,200,200,200,200,200,328,391,415,431,465,465,489,489],"floor_reached":23,"playtime":1222,"items_purged":[],"score":310,"play_id":"616c8426-632f-4e73-a3ac-3d03dc502e22","local_time":"20181229210638","is_ascension_mode":true,"campfire_choices":[{"floor":6,"key":"REST"},{"data":"Well Laid Plans","floor":12,"key":"SMITH"},{"data":"Poisoned Stab","floor":15,"key":"SMITH"}],"neow_cost":"NONE","seed_source_timestamp":743599730569089,"circlet_count":0,"master_deck":["Defend_G","Defend_G","Defend_G","Defend_G","Defend_G","Strike_G+1","Strike_G","Strike_G","Strike_G","Survivor","Neutralize","PiercingWail","Backflip+1","Well Laid Plans+1","Poisoned Stab+1","Flechettes+1","Storm of Steel","Infinite Blades","Noxious Fumes+1","Dodge and Roll+1","Noxious Fumes+1","A Thousand Cuts"],"relics":["Ring of the Snake","NeowsBlessing","Bird Faced Urn","Golden Idol","CultistMask","Bag of Preparation","Shuriken","Tiny House","Red Mask"],"potions_floor_usage":[16,18,20,20,22],"damage_taken":[{"damage":0,"enemies":"Jaw Worm","floor":1,"turns":1},{"damage":0,"enemies":"Small Slimes","floor":2,"turns":1},{"damage":0,"enemies":"Gremlin Nob","floor":8,"turns":1},{"damage":1,"enemies":"2 Louse","floor":10,"turns":3},{"damage":11,"enemies":"Gremlin Gang","floor":11,"turns":8},{"damage":9,"enemies":"Hexaghost","floor":16,"turns":9},{"damage":14,"enemies":"Shell Parasite","floor":18,"turns":3},{"damage":16,"enemies":"3 Byrds","floor":19,"turns":6},{"damage":24,"enemies":"Masked Bandits","floor":20,"turns":4},{"damage":24,"enemies":"Colosseum Slavers","floor":21,"turns":4},{"damage":15,"enemies":"3 Cultists","floor":22,"turns":5},{"damage":11,"enemies":"Book of Stabbing","floor":23,"turns":3}],"seed_played":"-6140166510369717503","potions_obtained":[{"floor":2,"key":"Energy Potion"},{"floor":10,"key":"Poison Potion"},{"floor":16,"key":"SkillPotion"},{"floor":17,"key":"Explosive Potion"},{"floor":19,"key":"Swift Potion"},{"floor":22,"key":"Fire Potion"}],"is_trial":false,"path_per_floor":["M","M","?","?","?","R","?","E","T","M","M","R","?","?","R","B",null,"M","M","?","?","M","E"],"character_chosen":"THE_SILENT","items_purchased":[],"campfire_rested":1,"item_purchase_floors":[],"current_hp_per_floor":[63,63,56,61,43,65,65,65,65,66,57,57,50,35,35,28,68,58,46,28,10,1,0],"gold":489,"neow_bonus":"THREE_ENEMY_KILL","is_prod":false,"is_daily":false,"chose_seed":false,"campfire_upgraded":2,"win_rate":0,"timestamp":1546139198,"path_taken":["M","M","?","?","?","R","?","E","T","M","?","R","?","?","R","BOSS","M","M","?","?","?","E"],"build_version":"2018-12-20","purchased_purges":0,"victory":false,"max_hp_per_floor":[70,70,70,75,75,75,75,75,75,75,75,75,75,75,75,75,80,80,80,80,80,80,80],"card_choices":[{"not_picked":["Outmaneuver","Sucker Punch"],"picked":"PiercingWail","floor":1},{"not_picked":["Deflect","Terror"],"picked":"Backflip","floor":2},{"not_picked":["Underhanded Strike","Poisoned Stab"],"picked":"Well Laid Plans","floor":8},{"not_picked":["Sucker Punch","Blade Dance"],"picked":"Poisoned Stab","floor":10},{"not_picked":["Setup","Acrobatics"],"picked":"Flechettes","floor":11},{"not_picked":["Doppelganger","Phantasmal Killer"],"picked":"Storm of Steel","floor":16},{"not_picked":["Backflip","Cloak And Dagger"],"picked":"Infinite Blades","floor":17},{"not_picked":["Deflect","PiercingWail+1"],"picked":"Noxious Fumes+1","floor":18},{"not_picked":["Slice","Backstab"],"picked":"Dodge and Roll+1","floor":19},{"not_picked":["Bane","Predator"],"picked":"Noxious Fumes+1","floor":20},{"not_picked":["Quick Slash","Dash"],"picked":"A Thousand Cuts","floor":22}],"player_experience":345394,"relics_obtained":[{"floor":8,"key":"Bag of Preparation"},{"floor":9,"key":"Shuriken"},{"floor":20,"key":"Red Mask"}],"event_choices":[{"damage_healed":0,"gold_gain":0,"player_choice":"Success","damage_taken":7,"relics_obtained":["Bird Faced Urn"],"max_hp_gain":0,"max_hp_loss":0,"event_name":"Scrap Ooze","floor":3,"gold_loss":0},{"damage_healed":0,"gold_gain":0,"player_choice":"Donut","damage_taken":0,"max_hp_gain":5,"max_hp_loss":0,"event_name":"Big Fish","floor":4,"gold_loss":0},{"damage_healed":0,"gold_gain":0,"player_choice":"Take Damage","damage_taken":18,"relics_obtained":["Golden Idol"],"max_hp_gain":0,"max_hp_loss":0,"event_name":"Golden Idol","floor":5,"gold_loss":0},{"damage_healed":0,"gold_gain":0,"player_choice":"Trade","damage_taken":0,"relics_obtained":["CultistMask"],"max_hp_gain":0,"max_hp_loss":0,"event_name":"FaceTrader","floor":7,"gold_loss":0},{"cards_removed":["Strike_G"],"damage_healed":0,"gold_gain":0,"player_choice":"Card Removal","damage_taken":7,"max_hp_gain":0,"max_hp_loss":0,"event_name":"Golden Wing","floor":13,"gold_loss":0},{"damage_healed":0,"gold_gain":0,"player_choice":"Entered Light","damage_taken":15,"max_hp_gain":0,"max_hp_loss":0,"event_name":"Shining Light","floor":14,"gold_loss":0,"cards_upgraded":["Backflip","Flechettes"]},{"damage_healed":0,"gold_gain":0,"player_choice":"Fought Bandits","damage_taken":0,"max_hp_gain":0,"max_hp_loss":0,"event_name":"Masked Bandits","floor":20,"gold_loss":0},{"damage_healed":0,"gold_gain":0,"player_choice":"Fight","damage_taken":0,"max_hp_gain":0,"max_hp_loss":0,"event_name":"Colosseum","floor":21,"gold_loss":0},{"damage_healed":0,"gold_gain":0,"player_choice":"Fled From Nobs","damage_taken":0,"max_hp_gain":0,"max_hp_loss":0,"event_name":"Colosseum","floor":21,"gold_loss":0}],"is_beta":false,"boss_relics":[{"not_picked":["Runic Dome","Fusion Hammer"],"picked":"Tiny House"}],"items_purged_floors":[],"is_endless":false,"potions_floor_spawned":[2,10,16,19,22],"killed_by":"Book of Stabbing","ascension_level":9}