{"gold_per_floor":[369,379,64,75,75,75,85,116,191,209,209,209,238,100,100,100],"floor_reached":16,"playtime":782,"items_purged":["Strike_R","Strike_R"],"score":110,"play_id":"8f8ad490-0240-4dfb-b9e2-b033e1843295","local_time":"20190203163927","is_ascension_mode":false,"campfire_choices":[{"data":"Pommel Strike","floor":6,"key":"SMITH"},{"floor":11,"key":"REST"},{"data":"Apotheosis","floor":15,"key":"SMITH"}],"neow_cost":"PERCENT_DAMAGE","seed_source_timestamp":399452598181060,"circlet_count":0,"master_deck":["Strike_R","Strike_R+1","Strike_R","Defend_R","Defend_R+1","Defend_R","Defend_R","Bash","Pommel Strike+1","Shrug It Off","Pommel Strike","Whirlwind","Inflame","Armaments","Apotheosis+1"],"relics":["Burning Blood","Membership Card","PreservedInsect","Du-Vu Doll","Kunai","Juzu Bracelet"],"potions_floor_usage":[10],"damage_taken":[{"damage":4,"enemies":"Cultist","floor":1,"turns":4},{"damage":2,"enemies":"2 Louse","floor":2,"turns":3},{"damage":5,"enemies":"Small Slimes","floor":4,"turns":3},{"damage":9,"enemies":"2 Fungi Beasts","floor":7,"turns":4},{"damage":32,"enemies":"3 Sentries","floor":8,"turns":5},{"damage":14,"enemies":"Large Slime","floor":10,"turns":6},{"damage":14,"enemies":"Gremlin Nob","floor":13,"turns":3},{"damage":59,"enemies":"Slime Boss","floor":16,"turns":6}],"seed_played":"-3153318270095075098","potions_obtained":[{"floor":1,"key":"Ancient Potion"},{"floor":4,"key":"EssenceOfSteel"},{"floor":10,"key":"LiquidBronze"}],"is_trial":false,"path_per_floor":["M","M","$","M","?","R","M","E","T","M","R","?","E","$","R","B"],"character_chosen":"IRONCLAD","items_purchased":["Membership Card","PreservedInsect","Apotheosis"],"campfire_rested":1,"item_purchase_floors":[3,3,14],"current_hp_per_floor":[58,62,62,63,47,47,44,18,18,10,34,60,52,52,52,0],"gold":100,"neow_bonus":"TWO_FIFTY_GOLD","is_prod":false,"is_daily":false,"chose_seed":false,"campfire_upgraded":2,"win_rate":0.0,"timestamp":1549233567,"path_taken":["M","M","$","M","?","R","M","E","T","M","R","?","E","$","R","BOSS"],"build_version":"2019-01-23","purchased_purges":2,"victory":false,"max_hp_per_floor":[80,80,80,80,80,80,80,80,80,80,80,80,80,80,80,80],"card_choices":[{"not_picked":["Burning Pact","Bloodletting"],"picked":"Pommel Strike","floor":1},{"not_picked":["Inflame","Bloodletting"],"picked":"Shrug It Off","floor":2},{"not_picked":["Anger","Twin Strike"],"picked":"Pommel Strike","floor":4},{"not_picked":["Clash","Evolve"],"picked":"Whirlwind","floor":7},{"not_picked":["Armaments","Iron Wave"],"picked":"Inflame","floor":8},{"not_picked":["Perfected Strike","Clash","Twin Strike"],"picked":"SKIP","floor":10},{"not_picked":["Evolve","Heavy Blade"],"picked":"Armaments","floor":13}],"player_experience":111622,"relics_obtained":[{"floor":8,"key":"Du-Vu Doll"},{"floor":9,"key":"Kunai"},{"floor":13,"key":"Juzu Bracelet"}],"event_choices":[{"damage_healed":0,"gold_gain":0,"player_choice":"Entered Light","damage_taken":16,"max_hp_gain":0,"max_hp_loss":0,"event_name":"Shining Light","floor":5,"gold_loss":0,"cards_upgraded":["Defend_R","Strike_R"]},{"damage_healed":26,"gold_gain":0,"player_choice":"Banana","damage_taken":0,"max_hp_gain":0,"max_hp_loss":0,"event_name":"Big Fish","floor":12,"gold_loss":0}],"is_beta":false,"boss_relics":[],"items_purged_floors":[3,14],"is_endless":false,"potions_floor_spawned":[1,4,10],"killed_by":"Slime Boss","ascension_level":0}