{"gold_per_floor":[215,225,18,34,109,143,143,176,200,218,218],"floor_reached":11,"playtime":961,"items_purged":["Strike_B"],"score":87,"play_id":"a4a074da-3e71-4156-b355-e8e72a224b5a","local_time":"20181117184141","is_ascension_mode":true,"campfire_choices":[{"data":"Zap","floor":7,"key":"SMITH"}],"neow_cost":"NONE","seed_source_timestamp":4571290328792,"circlet_count":0,"master_deck":["Strike_B","Strike_B","Strike_B","Defend_B+1","Defend_B","Defend_B","Defend_B","Zap+1","Dualcast+1","Skim","Loop","Swift Strike","Self Repair","Conserve Battery","Glacier","Coolheaded"],"relics":["Cracked Core","War Paint","Art of War","Juzu Bracelet"],"potions_floor_usage":[4,6,11,11],"damage_taken":[{"damage":0,"enemies":"Small Slimes","floor":1,"turns":2},{"damage":1,"enemies":"Jaw Worm","floor":2,"turns":4},{"damage":2,"enemies":"2 Louse","floor":4,"turns":2},{"damage":14,"enemies":"Lagavulin","floor":6,"turns":6},{"damage":32,"enemies":"3 Sentries","floor":8,"turns":9},{"damage":0,"enemies":"Looter","floor":10,"turns":3},{"damage":37,"enemies":"Gremlin Nob","floor":11,"turns":4}],"seed_played":"2152940474158658006","potions_obtained":[{"floor":1,"key":"AttackPotion"},{"floor":2,"key":"SpeedPotion"},{"floor":4,"key":"Fruit Juice"},{"floor":6,"key":"FearPotion"}],"is_trial":false,"path_per_floor":["M","M","$","M","?","E","R","E","T","M","E"],"character_chosen":"DEFECT","items_purchased":["Swift Strike","Self Repair"],"campfire_rested":0,"item_purchase_floors":[3,3],"current_hp_per_floor":[75,74,74,77,66,59,59,34,34,34,0],"gold":218,"neow_bonus":"HUNDRED_GOLD","is_prod":false,"is_daily":false,"chose_seed":false,"campfire_upgraded":1,"win_rate":0,"timestamp":1542440501,"path_taken":["M","M","$","M","?","E","R","E","T","M","E"],"build_version":"2018-11-15","purchased_purges":1,"victory":false,"max_hp_per_floor":[75,75,75,80,80,80,80,80,80,80,80],"card_choices":[{"not_picked":["Gash","Genetic Algorithm"],"picked":"Skim","floor":1},{"not_picked":["Stack","Genetic Algorithm"],"picked":"Loop","floor":2},{"not_picked":["Stack","Hello World"],"picked":"Conserve Battery","floor":4},{"not_picked":["Hello World","Gash","Meteor Strike"],"picked":"SKIP","floor":6},{"not_picked":["Turbo","Redo"],"picked":"Glacier","floor":8},{"not_picked":["Conserve Battery","Go for the Eyes"],"picked":"Coolheaded","floor":10}],"player_experience":836676,"relics_obtained":[{"floor":6,"key":"War Paint"},{"floor":8,"key":"Art of War"},{"floor":9,"key":"Juzu Bracelet"}],"event_choices":[{"damage_healed":0,"gold_gain":75,"player_choice":"Gather Gold","damage_taken":11,"max_hp_gain":0,"max_hp_loss":0,"event_name":"World of Goop","floor":5,"gold_loss":0}],"is_beta":true,"boss_relics":[],"items_purged_floors":[3],"is_endless":false,"potions_floor_spawned":[1,2,4,6],"killed_by":"Gremlin Nob","ascension_level":1}