{"gold_per_floor":[117,134,134,153,8,51,51,74,74,89,123,136,54,54,54,54],"floor_reached":16,"playtime":848,"items_purged":[],"score":112,"play_id":"f43de991-66fa-4de2-b5aa-c4c57e7f9fa1","local_time":"20181124003834","is_ascension_mode":false,"campfire_choices":[{"floor":7,"key":"REST"},{"floor":15,"key":"REST"}],"neow_cost":"NONE","seed_source_timestamp":185457283369712,"circlet_count":0,"master_deck":["Defend_G","Defend_G","Defend_G","Defend_G","Defend_G","Strike_G","Strike_G","Strike_G","Strike_G","Strike_G","Survivor","Neutralize","Deadly Poison","Deadly Poison","Injury","Cloak And Dagger","Bouncing Flask","Dodge and Roll","Backstab","Leg Sweep","Backflip","Dark Shackles"],"relics":["Sozu","Golden Idol","Oddly Smooth Stone","Dodecahedron","Frozen Egg 2","Ornamental Fan","PreservedInsect"],"potions_floor_usage":[],"damage_taken":[{"damage":0,"enemies":"Jaw Worm","floor":1,"turns":5},{"damage":0,"enemies":"Cultist","floor":2,"turns":4},{"damage":6,"enemies":"2 Louse","floor":4,"turns":3},{"damage":19,"enemies":"Gremlin Nob","floor":6,"turns":5},{"damage":19,"enemies":"Gremlin Gang","floor":8,"turns":6},{"damage":0,"enemies":"Blue Slaver","floor":10,"turns":3},{"damage":6,"enemies":"Lagavulin","floor":11,"turns":6},{"damage":0,"enemies":"Exordium Wildlife","floor":12,"turns":3},{"damage":56,"enemies":"Slime Boss","floor":16,"turns":11}],"seed_played":"3885805474576416364","potions_obtained":[],"is_trial":false,"path_per_floor":["M","M","?","M","$","E","R","M","T","M","E","M","$","?","R","B"],"character_chosen":"THE_SILENT","items_purchased":["Oddly Smooth Stone","Dark Shackles"],"campfire_rested":2,"item_purchase_floors":[5,13],"current_hp_per_floor":[70,70,70,64,64,45,66,47,47,47,41,41,41,29,50,0],"gold":54,"neow_bonus":"BOSS_RELIC","is_prod":false,"is_daily":false,"chose_seed":false,"campfire_upgraded":0,"win_rate":0.0,"timestamp":1543037914,"path_taken":["M","M","?","M","?","E","R","?","T","M","E","M","$","?","R","BOSS"],"build_version":"2018-11-15","purchased_purges":0,"victory":false,"max_hp_per_floor":[70,70,70,70,70,70,70,70,70,70,70,70,70,70,70,70],"card_choices":[{"not_picked":["Slice","Riddle With Holes"],"picked":"Deadly Poison","floor":1},{"not_picked":["Predator","Distraction"],"picked":"Deadly Poison","floor":2},{"not_picked":["Flying Knee","Infinite Blades"],"picked":"Cloak And Dagger","floor":4},{"not_picked":["Reflex","Blur"],"picked":"Bouncing Flask","floor":6},{"not_picked":["Sucker Punch","Underhanded Strike"],"picked":"Dodge and Roll","floor":8},{"not_picked":["Deadly Poison","Leg Sweep"],"picked":"Backstab","floor":10},{"not_picked":["Reflex","Dagger Throw"],"picked":"Leg Sweep","floor":11},{"not_picked":["Dash","Dagger Throw"],"picked":"Backflip","floor":12}],"player_experience":72705,"relics_obtained":[{"floor":6,"key":"Dodecahedron"},{"floor":9,"key":"Frozen Egg 2"},{"floor":11,"key":"Ornamental Fan"}],"event_choices":[{"damage_healed":0,"gold_gain":0,"player_choice":"Take Wound","damage_taken":0,"relics_obtained":["Golden Idol"],"max_hp_gain":0,"max_hp_loss":0,"event_name":"Golden Idol","floor":3,"gold_loss":0,"cards_obtained":["Injury"]},{"damage_healed":0,"gold_gain":0,"player_choice":"Success","damage_taken":12,"relics_obtained":["PreservedInsect"],"max_hp_gain":0,"max_hp_loss":0,"event_name":"Scrap Ooze","floor":14,"gold_loss":0}],"is_beta":false,"boss_relics":[],"items_purged_floors":[],"is_endless":false,"potions_floor_spawned":[2,11],"killed_by":"Slime Boss","ascension_level":0}