{"gold_per_floor":[113,128,128,128,145,145,179,179,179,210,225,241,241,241,241,320,320,339,12,12,27,27,27,27,27,27,27,27],"floor_reached":28,"playtime":844,"items_purged":[],"score":426,"play_id":"0412b21e-aad5-4e70-bd96-06a2748cde37","local_time":"20181214135834","is_ascension_mode":true,"campfire_choices":[{"data":"Rip and Tear","floor":6.0,"key":"SMITH"},{"data":"Sunder","floor":8.0,"key":"SMITH"},{"floor":13.0,"key":"REST"},{"floor":15.0,"key":"REST"},{"floor":25,"key":"REST"},{"data":"Double Energy","floor":27,"key":"SMITH"}],"neow_cost":"NONE","seed_source_timestamp":200250663574734,"circlet_count":0,"master_deck":["AscendersBane","Strike_B","Strike_B","Strike_B","Defend_B","Defend_B","Defend_B","Defend_B","Zap+1","Dualcast","Rip and Tear+1","Sweeping Beam","Hologram","Sunder+1","Conserve Battery","Cold Snap","Ball Lightning","Echo Form+1","Creative AI+1","Hologram","Capacitor+1","Double Energy+1","White Noise+1"],"special_seed":0,"relics":["Cracked Core","Frozen Egg 2","Juzu Bracelet","Question Card","Unceasing Top","Nuclear Battery","Happy Flower","Nilry\u0027s Codex","Darkstone Periapt"],"potions_floor_usage":[],"damage_taken":[{"damage":6.0,"enemies":"Cultist","floor":1.0,"turns":3.0},{"damage":2.0,"enemies":"Jaw Worm","floor":2.0,"turns":3.0},{"damage":0.0,"enemies":"Small Slimes","floor":5.0,"turns":2.0},{"damage":37.0,"enemies":"3 Sentries","floor":7.0,"turns":7.0},{"damage":35.0,"enemies":"Lagavulin","floor":10.0,"turns":4.0},{"damage":0.0,"enemies":"Exordium Thugs","floor":11.0,"turns":3.0},{"damage":1.0,"enemies":"Red Slaver","floor":12.0,"turns":2.0},{"damage":15.0,"enemies":"Slime Boss","floor":16.0,"turns":8.0},{"damage":0,"enemies":"Chosen","floor":18,"turns":4},{"damage":30,"enemies":"Spheric Guardian","floor":21,"turns":5},{"damage":43,"enemies":"Slavers","floor":28,"turns":2}],"seed_played":"-252808445061234570","potions_obtained":[{"floor":1.0,"key":"AttackPotion"},{"floor":2.0,"key":"Regen Potion"},{"floor":5.0,"key":"FocusPotion"}],"is_trial":false,"path_per_floor":["M","M","?","?","M","R","E","R","T","E","M","M","R","?","R","B",null,"M","$","?","M","?","?","$","R","T","R","E"],"character_chosen":"DEFECT","items_purchased":["Capacitor+1","Happy Flower","Double Energy"],"campfire_rested":3,"item_purchase_floors":[19,19,19],"current_hp_per_floor":[65,63,63,63,63,63,41,41,41,6,6,5,28,28,51,36,68,68,68,68,38,38,17,17,40,40,40,0],"gold":27,"neow_bonus":"TEN_PERCENT_HP_BONUS","is_prod":false,"is_daily":false,"chose_seed":false,"campfire_upgraded":3,"win_rate":0,"timestamp":1544824714,"path_taken":["M","?","?","?","M","R","E","R","T","E","M","M","R","?","R","BOSS","M","$","?","M","?","?","$","R","T","R","E"],"build_version":"2018-12-13","purchased_purges":0,"victory":false,"max_hp_per_floor":[78,78,78,78,78,78,78,78,78,78,78,78,78,78,78,78,78,78,78,78,78,78,78,78,78,78,78,78],"card_choices":[{"not_picked":["Double Energy","Gash"],"picked":"Rip and Tear","floor":1.0},{"not_picked":["Steam","Rebound"],"picked":"Sweeping Beam","floor":2.0},{"not_picked":["Go for the Eyes","Gash"],"picked":"Hologram","floor":5.0},{"not_picked":["White Noise","BootSequence"],"picked":"Sunder","floor":7.0},{"not_picked":["Rebound","Thunder Strike","Sweeping Beam"],"picked":"Conserve Battery","floor":10.0},{"not_picked":["Sweeping Beam","Gash","Stack"],"picked":"Cold Snap","floor":11.0},{"not_picked":["Steam","Gash","Sweeping Beam"],"picked":"Ball Lightning","floor":12.0},{"not_picked":["Multi-Cast","Reboot","Meteor Strike"],"picked":"Creative AI+1","floor":16.0},{"not_picked":["Compile Driver","Gash","Steam"],"picked":"Hologram","floor":18},{"not_picked":["FTL","BootSequence","Coolheaded"],"picked":"White Noise+1","floor":21}],"player_experience":1568101,"relics_obtained":[{"floor":7.0,"key":"Juzu Bracelet"},{"floor":9.0,"key":"Question Card"},{"floor":10.0,"key":"Unceasing Top"},{"floor":23,"key":"Nilry\u0027s Codex"},{"floor":26,"key":"Darkstone Periapt"}],"event_choices":[{"damage_healed":0.0,"max_hp_gain":0.0,"max_hp_loss":0.0,"gold_gain":0.0,"event_name":"Living Wall","player_choice":"Grow","floor":3.0,"gold_loss":0.0,"damage_taken":0.0,"cards_upgraded":["Zap"]},{"damage_healed":0.0,"max_hp_gain":0.0,"max_hp_loss":0.0,"gold_gain":0.0,"event_name":"WeMeetAgain","player_choice":"Gave Potion","floor":4.0,"gold_loss":0.0,"damage_taken":0.0,"relics_obtained":["Frozen Egg 2"]},{"damage_healed":0.0,"max_hp_gain":0.0,"max_hp_loss":0.0,"gold_gain":0.0,"event_name":"Match and Keep!","player_choice":"1 cards matched","floor":14.0,"gold_loss":0.0,"damage_taken":0.0,"cards_obtained":["Echo Form"]},{"damage_healed":0,"gold_gain":0,"player_choice":"Ignored","damage_taken":0,"max_hp_gain":0,"max_hp_loss":0,"event_name":"Beggar","floor":20,"gold_loss":0},{"cards_removed":["Strike_B"],"damage_healed":0,"gold_gain":0,"player_choice":"Purged","damage_taken":0,"max_hp_gain":0,"max_hp_loss":0,"event_name":"Purifier","floor":22,"gold_loss":0},{"damage_healed":0,"gold_gain":0,"player_choice":"Obtained Book","damage_taken":21,"max_hp_gain":0,"max_hp_loss":0,"event_name":"Cursed Tome","floor":23,"gold_loss":0}],"is_beta":false,"boss_relics":[{"not_picked":["Snecko Eye","White Beast Statue"],"picked":"Nuclear Battery"}],"items_purged_floors":[],"is_endless":false,"potions_floor_spawned":[1,2,5],"killed_by":"Slavers","ascension_level":18}