{"path_per_floor":["M","?","?","T","M","R","M","R","T","R","M","M","R","E","R","B",null,"M","M","?","M","M","R","M","R","T","M","?","R","M","?","R"],"character_chosen":"IRONCLAD","items_purchased":[],"gold_per_floor":[111,111,111,111,129,129,144,144,169,169,186,201,201,234,234,337,367,380,390,390,401,416,416,427,427,453,464,464,464,479,479,479,479],"floor_reached":33,"campfire_rested":2,"playtime":1338,"item_purchase_floors":[],"current_hp_per_floor":[81,74,74,74,82,82,83,83,83,83,74,77,77,73,73,58,97,100,84,68,46,34,79,73,73,73,44,44,44,45,45,76,0],"items_purged":[],"gold":479,"score":311,"play_id":"a47b3dc7-6b0b-4c9c-bd37-305b4c08cef9","local_time":"20180521135558","is_prod":false,"is_daily":false,"chose_seed":false,"is_ascension_mode":true,"campfire_upgraded":7,"timestamp":1526903758,"campfire_choices":[{"data":"Searing Blow","floor":6,"key":"SMITH"},{"data":"Searing Blow+1","floor":8,"key":"SMITH"},{"data":"Searing Blow+2","floor":10,"key":"SMITH"},{"data":"Searing Blow+3","floor":13,"key":"SMITH"},{"data":"Searing Blow+4","floor":15,"key":"SMITH"},{"floor":23,"key":"REST"},{"data":"Searing Blow+5","floor":25,"key":"SMITH"},{"data":"Searing Blow+6","floor":29,"key":"SMITH"},{"floor":32,"key":"REST"}],"path_taken":["M","?","?","?","M","R","M","R","T","R","M","M","R","E","R","BOSS","M","M","?","M","M","R","?","R","T","M","?","R","M","?","R","BOSS"],"build_version":"2018-05-18","seed_source_timestamp":20045002354367,"purchased_purges":0,"victory":false,"master_deck":["Defend_R+1","Defend_R+1","Defend_R+1","Defend_R+1","Bash","Feed","Iron Wave+1","Injury","Searing Blow+7","Inflame","Ghostly Armor","Offering+1","Flex","Warcry","Exhume","Warcry","Bite","Bite","Bite","Bite","Bite"],"max_hp_per_floor":[83,83,83,83,86,86,86,86,86,86,86,89,89,92,92,92,97,100,103,103,103,103,103,106,106,106,106,106,106,109,76,76,76],"relics":["Burning Blood","Vajra","Regal Pillow","Happy Flower","Tiny House","Boot"],"card_choices":[{"not_picked":["Rampage","Pommel Strike"],"picked":"Iron Wave","floor":1},{"not_picked":["Sentinel","Twin Strike"],"picked":"Searing Blow","floor":5},{"not_picked":["Pommel Strike","Anger","Clothesline"],"picked":"SKIP","floor":7},{"not_picked":["Anger","True Grit"],"picked":"Inflame","floor":11},{"not_picked":["Perfected Strike","Entrench"],"picked":"Ghostly Armor","floor":12},{"not_picked":["True Grit","Clothesline","Fire Breathing"],"picked":"SKIP","floor":14},{"not_picked":["Demon Form","Limit Break"],"picked":"Offering","floor":16},{"not_picked":["Perfected Strike","Thunderclap"],"picked":"Flex","floor":17},{"not_picked":["Body Slam","Twin Strike"],"picked":"Warcry","floor":18},{"not_picked":["Rage","Heavy Blade"],"picked":"Exhume","floor":19},{"not_picked":["Ghostly Armor","Wild Strike","Reckless Charge"],"picked":"SKIP","floor":21},{"not_picked":["Body Slam","Searing Blow","Rampage"],"picked":"SKIP","floor":22},{"not_picked":["Body Slam","Uppercut","Carnage"],"picked":"SKIP","floor":24},{"not_picked":["Clothesline","Sword Boomerang","Power Through+1"],"picked":"SKIP","floor":27},{"not_picked":["Dark Embrace","Havoc"],"picked":"Warcry","floor":30}],"player_experience":129845,"potions_floor_usage":[12,14,16,16,18,24,27,33],"damage_taken":[{"damage":8,"enemies":"Jaw Worm","floor":1,"turns":4},{"damage":1,"enemies":"Cultist","floor":5,"turns":4},{"damage":5,"enemies":"Small Slimes","floor":7,"turns":3},{"damage":15,"enemies":"Exordium Thugs","floor":11,"turns":7},{"damage":6,"enemies":"Blue Slaver","floor":12,"turns":4},{"damage":13,"enemies":"3 Sentries","floor":14,"turns":5},{"damage":21,"enemies":"Slime Boss","floor":16,"turns":4},{"damage":6,"enemies":"Spheric Guardian","floor":18,"turns":3},{"damage":25,"enemies":"Shell Parasite","floor":19,"turns":5},{"damage":28,"enemies":"Cultist and Chosen","floor":21,"turns":7},{"damage":18,"enemies":"Centurion and Healer","floor":22,"turns":4},{"damage":15,"enemies":"Sentry and Sphere","floor":24,"turns":5},{"damage":35,"enemies":"Cultist and Chosen","floor":27,"turns":4},{"damage":8,"enemies":"Centurion and Healer","floor":30,"turns":3},{"damage":92,"enemies":"Champ","floor":33,"turns":8}],"relics_obtained":[{"floor":4,"key":"Vajra"},{"floor":9,"key":"Regal Pillow"},{"floor":14,"key":"Happy Flower"},{"floor":26,"key":"Boot"}],"event_choices":[{"event_name":"Golden Wing","player_choice":"Card Removal","floor":2,"damage_taken":0},{"event_name":"Accursed Blacksmith","player_choice":"Forge","floor":3,"damage_taken":0},{"event_name":"Cursed Tome","player_choice":"Obtained Book","floor":20,"damage_taken":0},{"event_name":"Back to Basics","player_choice":"Simplicity","floor":28,"damage_taken":0},{"event_name":"Vampires","player_choice":"Became a vampire","floor":31,"damage_taken":0}],"boss_relics":[{"not_picked":["Calling Bell","Eternal Feather"],"picked":"Tiny House"}],"items_purged_floors":[],"potions_floor_spawned":[1,7,11,12,19,22,30],"seed_played":"228022824419363077","killed_by":"Champ","ascension_level":3,"potions_obtained":[{"floor":1,"key":"AttackPotion"},{"floor":7,"key":"Swift Potion"},{"floor":11,"key":"SkillPotion"},{"floor":12,"key":"Dexterity Potion"},{"floor":17,"key":"Swift Potion"},{"floor":19,"key":"Dexterity Potion"},{"floor":22,"key":"Poison Potion"},{"floor":30,"key":"Fire Potion"}],"is_trial":false}