{"gold_per_floor":[114,114,129,144,18,48,13,43,43,58,83,83,113,128,128,228,228,243,258,273,198,198,198,213,213,243,65,95,110,140,155,155,255,255,270,285,285,285,300,300,315,345,395,410,410,410,20,35,35,35],"floor_reached":51,"playtime":2287,"items_purged":["Defend_G","Writhe"],"score":764,"play_id":"148b7e06-736f-4dd6-b9ca-fd25738ed943","local_time":"20181016205159","daily_mods":["Chimera","Colorless Cards","Careless"],"is_ascension_mode":false,"campfire_choices":[{"data":"Flex","floor":15,"key":"SMITH"},{"data":"Pommel Strike","floor":23,"key":"SMITH"},{"floor":25,"key":"REST"},{"floor":32,"key":"REST"},{"floor":40,"key":"REST"},{"floor":49,"key":"REST"}],"neow_cost":"","seed_source_timestamp":0,"circlet_count":0,"master_deck":["Bash","Survivor","Zap","Iron Wave","Flex+1","Thunderclap","Finesse","Thunderclap","Dark Shackles","Demon Form+1","Pommel Strike+1","Sword Boomerang","Perfected Strike","Deep Breath","Iron Wave","Rampage+1","Sword Boomerang","Flash of Steel+1","Dropkick","Shrug It Off","Panache+1","Secret Technique","Dramatic Entrance","Flash of Steel","Flex+1","Battle Trance+1","Infernal Blade","Swift Strike+1"],"special_seed":17820,"relics":["Burning Blood","Frozen Egg 2","Pear","Potion Belt","Self Forming Clay","Juzu Bracelet","Champion Belt","Pandora\u0027s Box","Bag of Preparation","Tiny Chest","Meat on the Bone","Dodecahedron","Philosopher\u0027s Stone","Nunchaku","Darkstone Periapt","Ancient Tea Set","Strawberry","Membership Card"],"potions_floor_usage":[6,13,16,24,24,29,30,38],"damage_taken":[{"damage":0,"enemies":"2 Louse","floor":1,"turns":3},{"damage":0,"enemies":"Cultist","floor":3,"turns":3},{"damage":0,"enemies":"Jaw Worm","floor":4,"turns":4},{"damage":23,"enemies":"Lagavulin","floor":6,"turns":6},{"damage":21,"enemies":"3 Sentries","floor":8,"turns":8},{"damage":0,"enemies":"Large Slime","floor":10,"turns":5},{"damage":16,"enemies":"Gremlin Nob","floor":13,"turns":3},{"damage":2,"enemies":"Blue Slaver","floor":14,"turns":3},{"damage":28,"enemies":"Slime Boss","floor":16,"turns":13},{"damage":21,"enemies":"Spheric Guardian","floor":18,"turns":4},{"damage":22,"enemies":"2 Thieves","floor":19,"turns":3},{"damage":8,"enemies":"3 Cultists","floor":20,"turns":3},{"damage":15,"enemies":"Snecko","floor":24,"turns":5},{"damage":18,"enemies":"Gremlin Leader","floor":28,"turns":6},{"damage":21,"enemies":"Snake Plant","floor":29,"turns":3},{"damage":10,"enemies":"Book of Stabbing","floor":30,"turns":3},{"damage":0,"enemies":"Chosen and Byrds","floor":31,"turns":4},{"damage":9,"enemies":"Automaton","floor":33,"turns":6},{"damage":12,"enemies":"Orb Walker","floor":35,"turns":3},{"damage":16,"enemies":"3 Darklings","floor":36,"turns":2},{"damage":17,"enemies":"Mind Bloom Boss Battle","floor":38,"turns":4},{"damage":5,"enemies":"4 Shapes","floor":39,"turns":3},{"damage":29,"enemies":"Spire Growth","floor":41,"turns":4},{"damage":15,"enemies":"2 Orb Walkers","floor":42,"turns":3},{"damage":0,"enemies":"Transient","floor":44,"turns":5},{"damage":3,"enemies":"4 Shapes","floor":48,"turns":1},{"damage":53,"enemies":"Time Eater","floor":50,"turns":7}],"seed_played":"-5027048999782107507","potions_obtained":[{"floor":4,"key":"Explosive Potion"},{"floor":8,"key":"AttackPotion"},{"floor":10,"key":"FearPotion"},{"floor":14,"key":"Block Potion"},{"floor":19,"key":"Swift Potion"},{"floor":20,"key":"SkillPotion"},{"floor":28,"key":"Poison Potion"},{"floor":31,"key":"FearPotion"},{"floor":35,"key":"Poison Potion"},{"floor":36,"key":"Fire Potion"},{"floor":38,"key":"SkillPotion"},{"floor":48,"key":"Energy Potion"}],"is_trial":false,"path_per_floor":["M","?","M","M","$","E","?","E","T","M","T","?","E","M","R","B",null,"M","M","M","?","?","R","M","R","T","$","E","M","E","M","R","B",null,"M","M","?","?","M","R","M","E","T","M","?","?","$","M","R","B"],"character_chosen":"IRONCLAD","items_purchased":["Thunderclap","Dropkick","Strawberry","Membership Card","Infernal Blade"],"campfire_rested":4,"item_purchase_floors":[5,27,47,47,47],"current_hp_per_floor":[80,77,80,80,80,73,90,75,75,81,81,86,76,80,80,58,95,80,64,62,62,62,62,53,81,81,81,69,54,62,68,95,92,95,89,79,69,58,59,87,64,55,55,61,61,61,68,71,97,62],"gold":35,"neow_bonus":"","is_prod":false,"is_daily":true,"chose_seed":false,"campfire_upgraded":2,"win_rate":0,"timestamp":1539715919,"path_taken":["M","?","M","M","$","E","?","E","T","M","?","?","E","M","R","BOSS","M","M","M","?","?","R","M","R","T","?","E","M","E","M","R","BOSS","M","M","?","?","M","R","M","E","T","M","?","?","$","M","R","BOSS"],"build_version":"2018-10-15v2","purchased_purges":2,"victory":true,"max_hp_per_floor":[80,80,80,80,80,90,90,90,90,90,90,95,95,95,95,95,95,95,95,95,95,95,95,95,95,95,95,95,95,95,95,95,95,95,95,95,95,95,95,95,95,95,95,95,95,90,97,97,97,97],"card_choices":[{"not_picked":["Body Slam","Evolve","Shockwave"],"picked":"SKIP","floor":1},{"not_picked":["Carnage","Rage"],"picked":"Iron Wave","floor":3},{"not_picked":["Forethought","Wild Strike"],"picked":"Flex","floor":4},{"not_picked":["Thunderclap","Good Instincts"],"picked":"Iron Wave","floor":6},{"not_picked":["Armaments","Bandage Up"],"picked":"Finesse","floor":8},{"not_picked":["Anger","Rupture+1","Perfected Strike"],"picked":"SKIP","floor":10},{"not_picked":["Clothesline","Dramatic Entrance"],"picked":"Thunderclap","floor":13},{"not_picked":["Anger","Wild Strike"],"picked":"Dark Shackles","floor":14},{"not_picked":["Metamorphosis","The Bomb"],"picked":"Demon Form+1","floor":16},{"not_picked":["Armaments","Iron Wave"],"picked":"Rampage+1","floor":18},{"not_picked":["Cleave","Havoc"],"picked":"Sword Boomerang","floor":19},{"not_picked":["Heavy Blade","Entrench+1"],"picked":"Flash of Steel+1","floor":20},{"not_picked":["Havoc","Headbutt","Iron Wave"],"picked":"SKIP","floor":24},{"not_picked":["Armaments","Heavy Blade","Combust+1"],"picked":"SKIP","floor":28},{"not_picked":["Fiend Fire","Dark Shackles"],"picked":"Shrug It Off","floor":29},{"not_picked":["Burning Pact+1","Reckless Charge+1","Dual Wield"],"picked":"SKIP","floor":30},{"not_picked":["Wild Strike","Trip","Armaments"],"picked":"SKIP","floor":31},{"not_picked":["Exhume","Magnetism+1"],"picked":"Panache+1","floor":33},{"not_picked":["Armaments+1","Impatience","Dual Wield"],"picked":"SKIP","floor":35},{"not_picked":["Headbutt+1","Deep Breath","True Grit"],"picked":"SKIP","floor":36},{"not_picked":["Deep Breath","Good Instincts"],"picked":"Secret Technique","floor":37},{"not_picked":["Forethought","Trip"],"picked":"Dramatic Entrance","floor":37},{"not_picked":["Jack Of All Trades","Bandage Up"],"picked":"Flash of Steel","floor":37},{"not_picked":["Carnage","Power Through"],"picked":"Flex+1","floor":38},{"not_picked":["Pommel Strike+1","Power Through"],"picked":"Battle Trance+1","floor":39},{"not_picked":["Rampage+1","Ghostly Armor","True Grit+1"],"picked":"SKIP","floor":41},{"not_picked":["Reckless Charge","Twin Strike","Deep Breath"],"picked":"SKIP","floor":42},{"not_picked":["Hemokinesis","Headbutt+1","Twin Strike+1"],"picked":"SKIP","floor":44},{"not_picked":["Secret Technique","Pommel Strike"],"picked":"Swift Strike+1","floor":48}],"player_experience":153798,"relics_obtained":[{"floor":6,"key":"Pear"},{"floor":8,"key":"Potion Belt"},{"floor":9,"key":"Self Forming Clay"},{"floor":11,"key":"Juzu Bracelet"},{"floor":13,"key":"Champion Belt"},{"floor":26,"key":"Tiny Chest"},{"floor":28,"key":"Meat on the Bone"},{"floor":30,"key":"Dodecahedron"},{"floor":38,"key":"Nunchaku"},{"floor":42,"key":"Darkstone Periapt"},{"floor":43,"key":"Ancient Tea Set"}],"event_choices":[{"event_name":"Scrap Ooze","player_choice":"success","floor":2,"damage_taken":3},{"event_name":"The Cleric","player_choice":"Healed","floor":7,"damage_taken":0},{"event_name":"Big Fish","player_choice":"Donut","floor":12,"damage_taken":0},{"event_name":"Beggar","player_choice":"Gave Gold","floor":21,"damage_taken":0},{"event_name":"The Mausoleum","player_choice":"Yes","floor":22,"damage_taken":0},{"event_name":"SensoryStone","player_choice":"Memory 3","floor":37,"damage_taken":0},{"event_name":"MindBloom","player_choice":"Fight","floor":38,"damage_taken":0},{"event_name":"Tomb of Lord Red Mask","player_choice":"Ignored","floor":45,"damage_taken":0},{"event_name":"Winding Halls","player_choice":"Max HP","floor":46,"damage_taken":0}],"is_beta":true,"boss_relics":[{"not_picked":["Orrery","Fusion Hammer"],"picked":"Pandora\u0027s Box"},{"not_picked":["Runic Pyramid","Calling Bell"],"picked":"Philosopher\u0027s Stone"}],"items_purged_floors":[5,27],"is_endless":false,"potions_floor_spawned":[4,8,10,14,19,20,28,31,35,36,38,48],"ascension_level":0}