{"path_per_floor":["M","?","$","M","M","E","M","E","T","M","M","R","?","?","R","B",null,"M","?","?","M","T","E","R","E","T","R","M","R","?","M","R"],"character_chosen":"IRONCLAD","items_purchased":[],"gold_per_floor":[110,285,210,226,236,268,283,311,311,330,347,347,347,347,347,445,445,455,455,455,469,469,501,501,527,550,550,565,565,565,580,580,580],"floor_reached":33,"campfire_rested":3,"playtime":1796,"current_hp_per_floor":[80,80,80,76,76,40,25,12,12,16,27,51,71,71,71,44,77,36,36,61,48,48,30,55,68,68,68,30,30,14,12,53,0],"items_purged":["Doubt"],"gold":580,"score":325,"play_id":"ee7f2667-beef-4bf6-a709-b706e1bc17a1","local_time":"20180401110343","is_prod":false,"is_daily":false,"is_ascension_mode":true,"campfire_upgraded":1,"timestamp":1522598623,"path_taken":["M","?","?","M","M","E","M","E","T","M","M","R","?","?","R","BOSS","M","?","?","?","?","E","R","E","T","R","M","R","?","M","R","BOSS"],"build_version":"2018-03-29v2","purchased_purges":1,"victory":false,"master_deck":["Strike_R","Strike_R","Strike_R","Strike_R","Defend_R","Defend_R","Defend_R","Bash","Burning Pact","Thunderclap","Shockwave","Shrug It Off","Reaper","Flex","Rampage+1","Dropkick","Reaper","Intimidate","Double Tap","Bloodletting+1","Pommel Strike","Armaments+1","Warcry+1"],"max_hp_per_floor":[80,80,80,80,80,80,80,80,80,80,80,80,80,77,77,77,77,77,77,77,77,77,84,84,84,84,84,84,84,89,89,89,89],"relics":["Black Blood","Happy Flower","Calipers","Vajra","Thread and Needle","Strawberry","Girya","Regal Pillow"],"card_choices":[{"not_picked":["Reckless Charge","Demon Form"],"picked":"Burning Pact","floor":1},{"not_picked":["Perfected Strike","Metallicize"],"picked":"Thunderclap","floor":4},{"not_picked":["Clash","Warcry"],"picked":"Shockwave","floor":5},{"not_picked":["Searing Blow","Perfected Strike"],"picked":"Shrug It Off","floor":6},{"not_picked":["Spot Weakness","Shockwave"],"picked":"Reaper","floor":7},{"not_picked":["Shockwave","Heavy Blade"],"picked":"Flex","floor":8},{"not_picked":["Blood for Blood","Anger"],"picked":"Rampage","floor":10},{"not_picked":["Sentinel","Sword Boomerang"],"picked":"Dropkick","floor":11},{"not_picked":["Dark Embrace","Bludgeon"],"picked":"Reaper","floor":16},{"not_picked":["True Grit","Headbutt"],"picked":"Intimidate","floor":18},{"not_picked":["Bludgeon","Perfected Strike"],"picked":"Bloodletting","floor":23},{"not_picked":["Hemokinesis","Rupture"],"picked":"Pommel Strike","floor":25},{"not_picked":["Body Slam","Flex"],"picked":"Armaments","floor":28},{"not_picked":["Havoc","Power Through"],"picked":"Warcry","floor":31}],"player_experience":110622,"potions_floor_usage":[8,8,16,16,23,25,25,33],"damage_taken":[{"damage":5,"enemies":"Small Slimes","floor":1,"turns":4},{"damage":10,"enemies":"2 Louse","floor":4,"turns":4},{"damage":6,"enemies":"Cultist","floor":5,"turns":4},{"damage":42,"enemies":"Gremlin Nob","floor":6,"turns":5},{"damage":21,"enemies":"Exordium Thugs","floor":7,"turns":7},{"damage":23,"enemies":"Lagavulin","floor":8,"turns":8},{"damage":9,"enemies":"2 Fungi Beasts","floor":10,"turns":3},{"damage":10,"enemies":"3 Louse","floor":11,"turns":3},{"damage":43,"enemies":"The Guardian","floor":16,"turns":9},{"damage":51,"enemies":"Spheric Guardian","floor":18,"turns":7},{"damage":38,"enemies":"Chosen","floor":21,"turns":6},{"damage":45,"enemies":"Book of Stabbing","floor":23,"turns":6},{"damage":46,"enemies":"Gremlin Leader","floor":25,"turns":9},{"damage":54,"enemies":"Sentry and Sphere","floor":28,"turns":7},{"damage":29,"enemies":"Snake Plant","floor":31,"turns":5},{"damage":106,"enemies":"Collector","floor":33,"turns":13}],"event_choices":[{"event_name":"Liars Game","player_choice":"agreed","floor":2,"damage_taken":0},{"event_name":"Mushrooms","player_choice":"Healed and dodged fight","floor":13,"damage_taken":0},{"event_name":"Fountain of Cleansing","player_choice":"Removed Curse","floor":14,"damage_taken":0},{"event_name":"Transmorgrifier","player_choice":"Transform","floor":19,"damage_taken":0},{"event_name":"The Library","player_choice":"Heal","floor":20,"damage_taken":0},{"event_name":"Forgotten Altar","player_choice":"Shed Blood","floor":30,"damage_taken":0}],"boss_relics":[{"not_picked":["Snecko Eye","Runic Cube"],"picked":"Black Blood"}],"potions_floor_spawned":[1,4,8,11,16,21,23,31],"seed_played":"-7833723554193170012","killed_by":"Collector","ascension_level":2,"is_trial":false}