{"gold_per_floor":[111,131,145,160,175,201,201,201,201,201,234,234,234,254,254,358,358,377,391,407,29,29,29,59,79,104,104,133,5,21,39,39,39],"floor_reached":33,"playtime":1425,"items_purged":["Strike_G"],"score":359,"play_id":"8416959b-fb4a-42f3-b926-588dbf93d09c","local_time":"20180804223055","is_ascension_mode":true,"campfire_choices":[{"floor":7,"key":"REST"},{"floor":10,"key":"REST"},{"floor":13,"key":"REST"},{"data":"Quick Slash","floor":15,"key":"SMITH"},{"floor":23,"key":"REST"},{"floor":27,"key":"REST"},{"floor":32,"key":"REST"}],"neow_cost":"NONE","seed_source_timestamp":6119330788660,"circlet_count":0,"master_deck":["Defend_G","Defend_G","Defend_G","Defend_G+1","Strike_G","Strike_G","Strike_G","Strike_G","Survivor","Neutralize","Acrobatics+1","Prepared","Quick Slash+1","Quick Slash+1","Prepared","Slice","Well Laid Plans","Sucker Punch","Deflect","Accuracy","Backflip","Slice","Glass Knife","Finisher","Blade Dance","Cloak And Dagger","Distraction+1","Slice","Adrenaline","Deflect"],"relics":["Orrery","Mercury Hourglass","Anchor","Juzu Bracelet","WristBlade","Bag of Preparation","Question Card","War Paint","Bottled Lightning"],"potions_floor_usage":[3,6,16,16,19,24,25,28,28,30],"damage_taken":[{"damage":0,"enemies":"Jaw Worm","floor":1,"turns":5},{"damage":1,"enemies":"Small Slimes","floor":2,"turns":4},{"damage":3,"enemies":"2 Louse","floor":3,"turns":3},{"damage":0,"enemies":"Exordium Wildlife","floor":4,"turns":4},{"damage":16,"enemies":"Blue Slaver","floor":5,"turns":5},{"damage":13,"enemies":"3 Sentries","floor":6,"turns":10},{"damage":25,"enemies":"Lagavulin","floor":11,"turns":6},{"damage":1,"enemies":"Looter","floor":14,"turns":3},{"damage":59,"enemies":"The Guardian","floor":16,"turns":10},{"damage":0,"enemies":"Chosen","floor":18,"turns":4},{"damage":18,"enemies":"2 Thieves","floor":19,"turns":4},{"damage":23,"enemies":"Snecko","floor":20,"turns":4},{"damage":30,"enemies":"Slavers","floor":24,"turns":5},{"damage":0,"enemies":"Centurion and Healer","floor":25,"turns":3},{"damage":26,"enemies":"Gremlin Leader","floor":28,"turns":7},{"damage":14,"enemies":"Sentry and Sphere","floor":30,"turns":4},{"damage":5,"enemies":"Snecko","floor":31,"turns":3},{"damage":0,"enemies":"Champ","floor":33,"turns":3}],"seed_played":"2300966147127660756","potions_obtained":[{"floor":1,"key":"Energy Potion"},{"floor":3,"key":"Strength Potion"},{"floor":5,"key":"GhostInAJar"},{"floor":6,"key":"Explosive Potion"},{"floor":16,"key":"Regen Potion"},{"floor":24,"key":"SkillPotion"},{"floor":25,"key":"Swift Potion"},{"floor":28,"key":"LiquidBronze"}],"is_trial":false,"path_per_floor":["M","M","M","M","M","E","R","?","T","R","E","?","R","M","R","B",null,"M","M","M","$","?","R","E","M","T","R","E","$","M","M","R"],"character_chosen":"THE_SILENT","items_purchased":["Blade Dance","Bag of Preparation","Cloak And Dagger","AttackPotion","Adrenaline","AttackPotion"],"campfire_rested":6,"item_purchase_floors":[21,21,21,21,29,29],"current_hp_per_floor":[70,69,66,66,50,37,58,51,51,70,45,45,66,65,65,6,70,70,61,38,38,38,59,29,29,29,50,24,24,10,5,26,26],"gold":39,"neow_bonus":"BOSS_RELIC","is_prod":false,"is_daily":false,"chose_seed":false,"campfire_upgraded":1,"win_rate":0,"timestamp":1533414655,"path_taken":["M","M","M","M","M","E","R","?","T","R","E","?","R","M","R","BOSS","M","M","M","$","?","R","E","M","T","R","E","$","M","M","R","BOSS"],"build_version":"2018-08-01","purchased_purges":1,"victory":false,"max_hp_per_floor":[70,70,70,70,70,70,70,70,70,70,70,70,70,70,70,70,70,70,70,70,70,70,70,70,70,70,70,70,70,70,70,70,70],"card_choices":[{"not_picked":["Predator","Outmaneuver"],"picked":"Acrobatics","floor":0},{"not_picked":["Flying Knee","Eviscerate"],"picked":"Prepared","floor":0},{"not_picked":["Caltrops","Underhanded Strike"],"picked":"Quick Slash","floor":0},{"not_picked":["Choke","Cloak And Dagger"],"picked":"Quick Slash","floor":0},{"not_picked":["Flying Knee","Acrobatics"],"picked":"Prepared","floor":0},{"not_picked":["Dodge and Roll","Acrobatics","PiercingWail"],"picked":"SKIP","floor":1},{"not_picked":["Choke","Flying Knee"],"picked":"Slice","floor":2},{"not_picked":["A Thousand Cuts","Terror"],"picked":"Well Laid Plans","floor":3},{"not_picked":["Predator","Flying Knee"],"picked":"Sucker Punch","floor":4},{"not_picked":["Dodge and Roll","Acrobatics"],"picked":"Deflect","floor":5},{"not_picked":["Storm of Steel","Eviscerate"],"picked":"Accuracy","floor":6},{"not_picked":["Deadly Poison","Riddle With Holes"],"picked":"Backflip","floor":11},{"not_picked":["PiercingWail","Backflip"],"picked":"Slice","floor":14},{"not_picked":["Phantasmal Killer","Doppelganger"],"picked":"Glass Knife","floor":16},{"not_picked":["Deadly Poison","Skewer","Dagger Throw"],"picked":"SKIP","floor":18},{"not_picked":["Sucker Punch","Underhanded Strike"],"picked":"Finisher","floor":19},{"not_picked":["All Out Attack","Poisoned Stab","Quick Slash"],"picked":"SKIP","floor":20},{"not_picked":["Corpse Explosion","Backflip+1"],"picked":"Distraction+1","floor":24},{"not_picked":["Deadly Poison","Noxious Fumes","Acrobatics"],"picked":"Slice","floor":25},{"not_picked":["Unload","Noxious Fumes+1","Poisoned Stab","Dagger Spray"],"picked":"SKIP","floor":28},{"not_picked":["Quick Slash","Riddle With Holes","PiercingWail","Acrobatics"],"picked":"SKIP","floor":30},{"not_picked":["Dash+1","Flying Knee+1","Prepared"],"picked":"Deflect","floor":31}],"player_experience":369689,"relics_obtained":[{"floor":6,"key":"Mercury Hourglass"},{"floor":9,"key":"Anchor"},{"floor":11,"key":"Juzu Bracelet"},{"floor":24,"key":"Question Card"},{"floor":26,"key":"War Paint"},{"floor":28,"key":"Bottled Lightning"}],"event_choices":[{"event_name":"Golden Wing","player_choice":"Card Removal","floor":8,"damage_taken":0},{"event_name":"Living Wall","player_choice":"Grow","floor":12,"damage_taken":0},{"event_name":"Beggar","player_choice":"Ignored","floor":22,"damage_taken":0}],"is_beta":true,"boss_relics":[{"not_picked":["Cursed Key","Ectoplasm"],"picked":"WristBlade"}],"items_purged_floors":[21],"is_endless":false,"potions_floor_spawned":[1,3,5,6,16,24,25,28],"killed_by":"Champ","ascension_level":4}