{"gold_per_floor":[359,2,2,15,35,35,67,67,67,101,113,131,141,161,161,257,257,268,288,388,442,442],"floor_reached":22,"playtime":1264,"items_purged":["Writhe"],"score":297,"play_id":"b7692443-965c-42c7-a381-3bd09c9f301f","local_time":"20190119201212","is_ascension_mode":true,"campfire_choices":[{"data":"Go for the Eyes","floor":6,"key":"SMITH"},{"floor":8,"key":"REST"},{"data":"Sunder","floor":15,"key":"SMITH"}],"neow_cost":"CURSE","seed_source_timestamp":161517019511663,"circlet_count":0,"master_deck":["AscendersBane","Strike_B+1","Strike_B","Strike_B","Strike_B+1","Defend_B","Defend_B","Defend_B","Defend_B","Zap","Dualcast","Beam Cell","Go for the Eyes+1","BootSequence","Coolheaded","Leap","Ball Lightning","Self Repair","Rebound","Steam","Sunder+1","Core Surge","FTL+1","Core Surge","Shame"],"relics":["Cracked Core","Mummified Hand","Pen Nib","Pear","Whetstone","Cursed Key","Dead Branch","Bottled Lightning","Boot"],"potions_floor_usage":[10,16,16,22],"damage_taken":[{"damage":6,"enemies":"2 Louse","floor":1,"turns":3},{"damage":2,"enemies":"Jaw Worm","floor":4,"turns":3},{"damage":2,"enemies":"Small Slimes","floor":5,"turns":3},{"damage":29,"enemies":"3 Sentries","floor":7,"turns":9},{"damage":26,"enemies":"Lagavulin","floor":10,"turns":9},{"damage":0,"enemies":"2 Fungi Beasts","floor":11,"turns":3},{"damage":5,"enemies":"Exordium Wildlife","floor":12,"turns":4},{"damage":4,"enemies":"3 Louse","floor":13,"turns":3},{"damage":7,"enemies":"Red Slaver","floor":14,"turns":3},{"damage":27,"enemies":"The Guardian","floor":16,"turns":12},{"damage":11,"enemies":"Spheric Guardian","floor":18,"turns":3},{"damage":1,"enemies":"Chosen","floor":19,"turns":4},{"damage":31,"enemies":"Colosseum Slavers","floor":20,"turns":4},{"damage":30,"enemies":"Colosseum Nobs","floor":20,"turns":5},{"damage":21,"enemies":"Snecko","floor":22,"turns":3}],"seed_played":"-7851402733107526657","potions_obtained":[{"floor":1,"key":"GamblersBrew"},{"floor":7,"key":"SteroidPotion"},{"floor":13,"key":"Fire Potion"},{"floor":20,"key":"Weak Potion"}],"is_trial":false,"path_per_floor":["M","$","?","M","M","R","E","R","T","E","M","M","M","M","R","B",null,"M","M","?","T","M"],"character_chosen":"DEFECT","items_purchased":["Go for the Eyes","Mummified Hand"],"campfire_rested":1,"item_purchase_floors":[2,2],"current_hp_per_floor":[62,62,62,60,58,58,29,51,61,35,35,37,40,40,40,20,69,65,64,17,17,0],"gold":442,"neow_bonus":"TWO_FIFTY_GOLD","is_prod":false,"is_daily":false,"chose_seed":false,"campfire_upgraded":2,"win_rate":0,"timestamp":1547946732,"path_taken":["M","$","?","M","M","R","E","R","T","E","M","M","M","M","R","BOSS","M","M","?","?","M"],"build_version":"2019-01-17v2","purchased_purges":1,"victory":false,"max_hp_per_floor":[75,75,75,75,75,75,75,75,85,85,85,85,85,85,85,85,85,85,85,85,85,85],"card_choices":[{"not_picked":["Hello World","Stack"],"picked":"Beam Cell","floor":1},{"not_picked":["Tempest","Redo"],"picked":"BootSequence","floor":4},{"not_picked":["Rebound","Gash"],"picked":"Coolheaded","floor":5},{"not_picked":["Barrage","Lockon"],"picked":"Leap","floor":7},{"not_picked":["Fission","Rebound"],"picked":"Ball Lightning","floor":10},{"not_picked":["Redo","Sweeping Beam"],"picked":"Self Repair","floor":11},{"not_picked":["Recycle","Compile Driver"],"picked":"Rebound","floor":12},{"not_picked":["Double Energy","Aggregate"],"picked":"Steam","floor":13},{"not_picked":["Streamline","Hologram"],"picked":"Sunder","floor":14},{"not_picked":["Amplify","Machine Learning"],"picked":"Core Surge","floor":16},{"not_picked":["Scrape","Chaos","Gash"],"picked":"SKIP","floor":18},{"not_picked":["Compile Driver","Double Energy"],"picked":"FTL+1","floor":19},{"not_picked":["Coolheaded","Heatsinks+1"],"picked":"Core Surge","floor":20}],"player_experience":541102,"relics_obtained":[{"floor":7,"key":"Pen Nib"},{"floor":9,"key":"Pear"},{"floor":10,"key":"Whetstone"},{"floor":20,"key":"Dead Branch"},{"floor":20,"key":"Bottled Lightning"},{"floor":21,"key":"Boot"}],"event_choices":[{"damage_healed":0,"gold_gain":0,"player_choice":"Ignored","damage_taken":0,"max_hp_gain":0,"max_hp_loss":0,"event_name":"Liars Game","floor":3,"gold_loss":0},{"damage_healed":0,"gold_gain":0,"player_choice":"Fight","damage_taken":0,"max_hp_gain":0,"max_hp_loss":0,"event_name":"Colosseum","floor":20,"gold_loss":0},{"damage_healed":0,"gold_gain":0,"player_choice":"Fought Nobs","damage_taken":0,"max_hp_gain":0,"max_hp_loss":0,"event_name":"Colosseum","floor":20,"gold_loss":0}],"is_beta":false,"boss_relics":[{"not_picked":["Lizard Tail","White Beast Statue"],"picked":"Cursed Key"}],"items_purged_floors":[2],"is_endless":false,"potions_floor_spawned":[1,7,13,20,20],"killed_by":"Snecko","ascension_level":10}