{"gold_per_floor":[209,224,93,110,124,124,151,151,151,168,187,187,187,205,205,205],"floor_reached":16,"playtime":1032,"items_purged":["Strike_G"],"score":203,"play_id":"784a8541-3156-4ba0-9992-a6a248faa9d8","local_time":"20190201134844","is_ascension_mode":true,"campfire_choices":[{"data":"Burst","floor":6.0,"key":"SMITH"},{"floor":8,"key":"REST"},{"data":"Blade Dance","floor":13,"key":"SMITH"},{"floor":15,"key":"REST"}],"neow_cost":"NONE","seed_source_timestamp":0,"circlet_count":0,"master_deck":["AscendersBane","Defend_G","Defend_G","Defend_G","Defend_G","Defend_G","Strike_G","Strike_G","Strike_G","Strike_G","Survivor","Neutralize","Well Laid Plans","Burst+1","Blade Dance+1","Dodge and Roll","Skewer","PiercingWail","PiercingWail","Bouncing Flask+1","Wraith Form v2"],"special_seed":0,"relics":["Ring of the Snake","Sundial","Torii"],"potions_floor_usage":[7,10,14,16],"damage_taken":[{"damage":0.0,"enemies":"2 Louse","floor":1.0,"turns":3.0},{"damage":6.0,"enemies":"Jaw Worm","floor":2.0,"turns":6.0},{"damage":7.0,"enemies":"Small Slimes","floor":4.0,"turns":4.0},{"damage":7.0,"enemies":"2 Fungi Beasts","floor":5.0,"turns":5.0},{"damage":37,"enemies":"Lagavulin","floor":7,"turns":7},{"damage":1,"enemies":"Looter","floor":10,"turns":5},{"damage":1,"enemies":"3 Louse","floor":11,"turns":6},{"damage":20,"enemies":"Lots of Slimes","floor":14,"turns":5},{"damage":35,"enemies":"Hexaghost","floor":16,"turns":11}],"seed_played":"-6061519259015675982","potions_obtained":[{"floor":4.0,"key":"Dexterity Potion"},{"floor":5.0,"key":"FearPotion"},{"floor":7,"key":"Energy Potion"},{"floor":10,"key":"Regen Potion"}],"is_trial":false,"path_per_floor":["M","M","$","M","M","R","E","R","T","M","M","?","R","M","R","B"],"character_chosen":"THE_SILENT","items_purchased":["Blade Dance"],"campfire_rested":2,"item_purchase_floors":[3],"current_hp_per_floor":[59,53,53,46,39,39,2,21,21,20,19,19,19,13,32,0],"gold":205,"neow_bonus":"HUNDRED_GOLD","is_prod":false,"is_daily":false,"chose_seed":false,"campfire_upgraded":2,"win_rate":0,"timestamp":1549057724,"path_taken":["M","M","$","M","M","R","E","R","T","M","M","?","R","M","R","BOSS"],"build_version":"2019-01-23","purchased_purges":1,"victory":false,"max_hp_per_floor":[66,66,66,66,66,66,66,66,66,66,66,66,66,66,66,66],"card_choices":[{"not_picked":["Prepared","Outmaneuver"],"picked":"Well Laid Plans","floor":1.0},{"not_picked":["Quick Slash","Deflect"],"picked":"Burst","floor":2.0},{"not_picked":["Bane","Slice"],"picked":"Dodge and Roll","floor":4.0},{"not_picked":["Well Laid Plans","Bane"],"picked":"Skewer","floor":5.0},{"not_picked":["Flying Knee","Setup"],"picked":"PiercingWail","floor":7},{"not_picked":["Bane","Deflect"],"picked":"PiercingWail","floor":10},{"not_picked":["Crippling Poison","Reflex"],"picked":"Bouncing Flask","floor":11},{"not_picked":["Leg Sweep","Prepared"],"picked":"Wraith Form v2","floor":14}],"player_experience":1799550,"relics_obtained":[{"floor":7,"key":"Sundial"},{"floor":9,"key":"Torii"}],"event_choices":[{"damage_healed":0,"gold_gain":0,"player_choice":"Grow","damage_taken":0,"max_hp_gain":0,"max_hp_loss":0,"event_name":"Living Wall","floor":12,"gold_loss":0,"cards_upgraded":["Bouncing Flask"]}],"is_beta":false,"boss_relics":[],"items_purged_floors":[3],"is_endless":false,"potions_floor_spawned":[4,5,7,10],"killed_by":"Hexaghost","ascension_level":19}