{"gold_per_floor":[118,118,118,43,61,76,88,88,111,111,127,140,140,166,166,238,238,252,252,527,539,539],"floor_reached":22,"playtime":1502,"items_purged":[],"score":344,"play_id":"19c2535a-eb72-4c3e-8516-c5fe774d3256","local_time":"20181120214522","is_ascension_mode":true,"campfire_choices":[{"data":"Loop","floor":10,"key":"SMITH"},{"floor":13,"key":"REST"},{"floor":15,"key":"REST"}],"neow_cost":"NONE","seed_source_timestamp":50791324551817,"circlet_count":0,"master_deck":["AscendersBane","Strike_B","Strike_B","Strike_B","Defend_B","Defend_B","Defend_B","Defend_B","Zap","Dualcast","Hologram","Blizzard","Loop+1","Ball Lightning","Core Surge","Capacitor","Conserve Battery","Cold Snap","Creative AI","Self Repair+1"],"relics":["Cracked Core","Omamori","The Courier","DataDisk","Ice Cream","Fusion Hammer","Enchiridion"],"potions_floor_usage":[12,12,16,18,22],"damage_taken":[{"damage":4,"enemies":"Small Slimes","floor":1,"turns":3},{"damage":10,"enemies":"2 Louse","floor":5,"turns":5},{"damage":1,"enemies":"Cultist","floor":6,"turns":3},{"damage":14,"enemies":"Exordium Thugs","floor":7,"turns":4},{"damage":30,"enemies":"Lots of Slimes","floor":11,"turns":3},{"damage":3,"enemies":"Blue Slaver","floor":12,"turns":4},{"damage":13,"enemies":"Lagavulin","floor":14,"turns":5},{"damage":25,"enemies":"The Guardian","floor":16,"turns":10},{"damage":9,"enemies":"Chosen","floor":18,"turns":5},{"damage":8,"enemies":"2 Thieves","floor":21,"turns":3},{"damage":18,"enemies":"Snake Plant","floor":22,"turns":2}],"seed_played":"-104279749045862594","potions_obtained":[{"floor":5,"key":"Swift Potion"},{"floor":7,"key":"Fire Potion"},{"floor":14,"key":"LiquidBronze"},{"floor":16,"key":"Block Potion"},{"floor":18,"key":"SneckoOil"},{"floor":21,"key":"SteroidPotion"}],"is_trial":false,"path_per_floor":["M","?","?","$","M","M","M","T","T","R","M","M","R","E","R","B",null,"M","?","?","M","M"],"character_chosen":"DEFECT","items_purchased":["Loop"],"campfire_rested":2,"item_purchase_floors":[4],"current_hp_per_floor":[60,60,60,60,50,49,35,35,35,35,5,2,23,10,31,6,55,46,25,25,17,0],"gold":539,"neow_bonus":"RANDOM_COMMON_RELIC","is_prod":false,"is_daily":false,"chose_seed":false,"campfire_upgraded":1,"win_rate":0,"timestamp":1542710722,"path_taken":["M","?","?","$","M","?","M","?","T","R","M","?","R","E","R","BOSS","M","?","?","M","?"],"build_version":"2018-11-15","purchased_purges":0,"victory":false,"max_hp_per_floor":[71,71,71,71,71,71,71,71,71,71,71,71,71,71,71,71,71,71,71,71,71,71],"card_choices":[{"not_picked":["Barrage","Streamline"],"picked":"Hologram","floor":1},{"not_picked":["Turbo","Stack","Barrage"],"picked":"SKIP","floor":5},{"not_picked":["Hello World","Blizzard"],"picked":"Ball Lightning","floor":6},{"not_picked":["Go for the Eyes","Turbo"],"picked":"Core Surge","floor":7},{"not_picked":["Hologram","Force Field"],"picked":"Capacitor","floor":11},{"not_picked":["Force Field","Gash"],"picked":"Conserve Battery","floor":12},{"not_picked":["Go for the Eyes","Gash"],"picked":"Cold Snap","floor":14},{"not_picked":["Reboot","Hyperbeam"],"picked":"Creative AI","floor":16},{"not_picked":["Blizzard","Stack","Static Discharge"],"picked":"SKIP","floor":18},{"not_picked":["Rebound","Steam"],"picked":"Self Repair+1","floor":21}],"player_experience":912936,"relics_obtained":[{"floor":8,"key":"The Courier"},{"floor":9,"key":"DataDisk"},{"floor":14,"key":"Ice Cream"},{"floor":19,"key":"Enchiridion"}],"event_choices":[{"damage_healed":0,"gold_gain":0,"player_choice":"Leave","damage_taken":0,"max_hp_gain":0,"max_hp_loss":0,"event_name":"The Cleric","floor":2,"gold_loss":0},{"damage_healed":0,"gold_gain":0,"cards_transformed":["Strike_B"],"player_choice":"Transformed","damage_taken":0,"max_hp_gain":0,"max_hp_loss":0,"event_name":"Transmorgrifier","floor":3,"gold_loss":0,"cards_obtained":["Blizzard"]},{"damage_healed":0,"gold_gain":0,"player_choice":"Obtained Book","damage_taken":21,"max_hp_gain":0,"max_hp_loss":0,"event_name":"Cursed Tome","floor":19,"gold_loss":0},{"damage_healed":0,"gold_gain":275,"player_choice":"Desecrate","damage_taken":0,"max_hp_gain":0,"max_hp_loss":0,"event_name":"Golden Shrine","floor":20,"gold_loss":0,"cards_obtained":["Regret"]}],"is_beta":true,"boss_relics":[{"not_picked":["Black Star","Snecko Eye"],"picked":"Fusion Hammer"}],"items_purged_floors":[],"is_endless":false,"potions_floor_spawned":[5,7,14,16,18,21],"killed_by":"Snake Plant","ascension_level":17}