{"path_per_floor":["M","?","M","?","M","E","R","M","T","M","?","M","R","M","R","B",null,"M","M","?","M","$"],"character_chosen":"DEFECT","items_purchased":["Strange Spoon","Tempest"],"gold_per_floor":[113,188,200,200,219,250,250,266,336,352,352,365,365,378,378,479,479,496,512,427,437,85,85],"floor_reached":23,"campfire_rested":1,"playtime":737,"item_purchase_floors":[22,22],"current_hp_per_floor":[72,61,54,47,41,22,22,21,21,17,35,31,53,41,41,4,75,65,63,63,63,63,0],"items_purged":["Strike_B"],"gold":85,"score":195,"play_id":"d3ee2af9-a187-4dd7-ae84-6b116b57e715","local_time":"20180603194332","is_prod":false,"is_daily":false,"chose_seed":false,"is_ascension_mode":false,"campfire_upgraded":2,"win_rate":0.0,"timestamp":1528019012,"campfire_choices":[{"data":"Defragment","floor":7,"key":"SMITH"},{"floor":13,"key":"REST"},{"data":"Fusion","floor":15,"key":"SMITH"}],"path_taken":["M","?","M","?","M","E","R","?","T","M","?","M","R","M","R","BOSS","M","M","?","M","$","E"],"build_version":"2018-05-31","seed_source_timestamp":27502705106812,"purchased_purges":1,"victory":false,"master_deck":["Strike_B","Strike_B","Defend_B","Defend_B","Defend_B","Defend_B","Zap","Dualcast","Redo","Defragment+1","Tempest","Aggregate","Go for the Eyes","Fusion+1","Parasite","Sweeping Beam","Beam Cell","Electrodynamics","Gash","Gash","Gash","Tempest"],"max_hp_per_floor":[75,75,75,75,75,75,75,75,75,75,75,75,75,75,75,75,75,75,75,75,75,75,75],"relics":["Cracked Core","Unceasing Top","Dodecahedron","Nuclear Battery","Omamori","Strange Spoon"],"card_choices":[{"not_picked":["Skim","Sweeping Beam"],"picked":"Redo","floor":1},{"not_picked":["Skim","Glacier"],"picked":"Defragment","floor":3},{"not_picked":["Lockon","Sweeping Beam"],"picked":"Tempest","floor":5},{"not_picked":["Reboot","Skim"],"picked":"Aggregate","floor":6},{"not_picked":["Conserve Battery","Streamline"],"picked":"Go for the Eyes","floor":8},{"not_picked":["Skim","BootSequence"],"picked":"Fusion","floor":10},{"not_picked":["Barrage","Steam"],"picked":"Sweeping Beam","floor":12},{"not_picked":["Streamline","Compile Driver"],"picked":"Beam Cell","floor":14},{"not_picked":["Fission","Biased Cognition"],"picked":"Electrodynamics","floor":16},{"not_picked":["Leap","Heatsinks+1"],"picked":"Gash","floor":18},{"not_picked":["Compile Driver","Fusion"],"picked":"Gash","floor":19},{"not_picked":["Barrage","Sweeping Beam+1"],"picked":"Gash","floor":21}],"player_experience":293809,"potions_floor_usage":[6,16,21,21,23],"damage_taken":[{"damage":3,"enemies":"Jaw Worm","floor":1,"turns":4},{"damage":7,"enemies":"2 Louse","floor":3,"turns":3},{"damage":6,"enemies":"Cultist","floor":5,"turns":4},{"damage":19,"enemies":"3 Sentries","floor":6,"turns":5},{"damage":1,"enemies":"2 Fungi Beasts","floor":8,"turns":3},{"damage":4,"enemies":"Blue Slaver","floor":10,"turns":4},{"damage":4,"enemies":"Red Slaver","floor":12,"turns":3},{"damage":12,"enemies":"Looter","floor":14,"turns":3},{"damage":37,"enemies":"Hexaghost","floor":16,"turns":9},{"damage":10,"enemies":"Spheric Guardian","floor":18,"turns":3},{"damage":2,"enemies":"Chosen","floor":19,"turns":3},{"damage":0,"enemies":"3 Cultists","floor":21,"turns":2},{"damage":74,"enemies":"Slavers","floor":23,"turns":3}],"relics_obtained":[{"floor":6,"key":"Unceasing Top"},{"floor":9,"key":"Dodecahedron"}],"event_choices":[{"event_name":"World of Goop","player_choice":"Gather Gold","floor":2,"damage_taken":0},{"event_name":"Golden Wing","player_choice":"Card Removal","floor":4,"damage_taken":0},{"event_name":"Mushrooms","player_choice":"Healed and dodged fight","floor":11,"damage_taken":0},{"event_name":"Addict","player_choice":"Obtained Relic","floor":20,"damage_taken":0}],"boss_relics":[{"not_picked":["Tiny House","Velvet Choker"],"picked":"Nuclear Battery"}],"items_purged_floors":[22],"potions_floor_spawned":[3,6,8,10,21],"seed_played":"8861826807363346418","killed_by":"Slavers","ascension_level":0,"potions_obtained":[{"floor":3,"key":"Explosive Potion"},{"floor":6,"key":"Explosive Potion"},{"floor":8,"key":"Strength Potion"},{"floor":10,"key":"Explosive Potion"},{"floor":21,"key":"SneckoOil"}],"is_trial":false}