{"gold_per_floor":[119,15,15,27,55,95,121,164,199,224,268,280,292,317,329,341],"floor_reached":16,"playtime":540,"items_purged":[],"score":214,"play_id":"abe2467e-8014-447c-8ac1-d0dd1ba112d0","local_time":"20190117115338","is_ascension_mode":true,"campfire_choices":[{"data":"Rage","floor":12,"key":"SMITH"},{"data":"Body Slam","floor":15,"key":"SMITH"}],"neow_cost":"NONE","seed_source_timestamp":10686023358264,"circlet_count":0,"master_deck":["Strike_R","Strike_R","Strike_R","Strike_R+1","Strike_R","Defend_R","Defend_R","Defend_R","Defend_R","Bash","Whirlwind+1","Rage+1","Ghostly Armor","Body Slam+1","Thunderclap","Metallicize+1","Fire Breathing+1"],"relics":["Burning Blood","NeowsBlessing","MawBank","Omamori","Frozen Egg 2","Whetstone","Art of War","NlothsMask"],"potions_floor_usage":[2,8,10,14],"damage_taken":[{"damage":0,"enemies":"Jaw Worm","floor":1,"turns":1},{"damage":0,"enemies":"2 Louse","floor":5,"turns":1},{"damage":0,"enemies":"3 Sentries","floor":6,"turns":1},{"damage":1,"enemies":"Cultist","floor":7,"turns":4},{"damage":54,"enemies":"Lagavulin","floor":8,"turns":9},{"damage":0,"enemies":"Lots of Slimes","floor":10,"turns":2},{"damage":11,"enemies":"3 Sentries","floor":11,"turns":4},{"damage":10,"enemies":"Exordium Thugs","floor":14,"turns":6},{"damage":52,"enemies":"Hexaghost","floor":16,"turns":9}],"seed_played":"2208979287768051221","potions_obtained":[{"floor":7,"key":"BloodPotion"},{"floor":8,"key":"Fire Potion"},{"floor":14,"key":"Fruit Juice"}],"is_trial":false,"path_per_floor":["M","$","?","?","M","E","M","E","T","M","E","R","?","M","R","B"],"character_chosen":"IRONCLAD","items_purchased":["Fruit Juice"],"campfire_rested":0,"item_purchase_floors":[2],"current_hp_per_floor":[78,83,65,70,76,82,87,48,48,54,49,49,49,50,50,0],"gold":341,"neow_bonus":"THREE_ENEMY_KILL","is_prod":false,"is_daily":false,"chose_seed":false,"campfire_upgraded":2,"win_rate":0,"timestamp":1547722418,"path_taken":["M","$","?","?","M","E","M","E","T","M","E","R","?","M","R","BOSS"],"build_version":"2019-01-16","purchased_purges":0,"victory":false,"max_hp_per_floor":[80,85,85,90,90,90,90,90,90,90,90,90,90,95,95,95],"card_choices":[{"not_picked":["Wild Strike","Warcry"],"picked":"Whirlwind","floor":1},{"not_picked":["True Grit","Heavy Blade"],"picked":"Rage","floor":5},{"not_picked":["Pommel Strike","Entrench"],"picked":"Ghostly Armor","floor":6},{"not_picked":["Havoc","Sword Boomerang"],"picked":"Body Slam","floor":7},{"not_picked":["Wild Strike","Heavy Blade","Clash"],"picked":"SKIP","floor":8},{"not_picked":["Flex","Heavy Blade"],"picked":"Thunderclap","floor":10},{"not_picked":["Fiend Fire","Sever Soul"],"picked":"Metallicize+1","floor":11},{"not_picked":["Wild Strike","Ghostly Armor"],"picked":"Fire Breathing+1","floor":14}],"player_experience":189236,"relics_obtained":[{"floor":6,"key":"Omamori"},{"floor":8,"key":"Frozen Egg 2"},{"floor":9,"key":"Whetstone"},{"floor":11,"key":"Art of War"}],"event_choices":[{"damage_healed":0,"gold_gain":0,"player_choice":"Success","damage_taken":18,"relics_obtained":["MawBank"],"max_hp_gain":0,"max_hp_loss":0,"event_name":"Scrap Ooze","floor":3,"gold_loss":0},{"damage_healed":0,"gold_gain":0,"player_choice":"Donut","damage_taken":0,"max_hp_gain":5,"max_hp_loss":0,"event_name":"Big Fish","floor":4,"gold_loss":0},{"damage_healed":0,"gold_gain":0,"player_choice":"Trade","damage_taken":0,"relics_obtained":["NlothsMask"],"max_hp_gain":0,"max_hp_loss":0,"event_name":"FaceTrader","floor":13,"gold_loss":0}],"is_beta":true,"boss_relics":[],"items_purged_floors":[],"is_endless":false,"potions_floor_spawned":[7,8,14],"killed_by":"Hexaghost","ascension_level":6}