{"gold_per_floor":[114,126,142,142,156,191,213,225,237,249,277,364,394,426,438,450],"floor_reached":16,"playtime":601,"items_purged":[],"score":233,"play_id":"6c7d97ff-a20b-4163-9964-1f7e5fd2f0ad","local_time":"20181203234637","is_ascension_mode":true,"campfire_choices":[{"data":"Havoc","floor":8,"key":"SMITH"},{"data":"Bludgeon","floor":10,"key":"SMITH"},{"floor":15,"key":"REST"}],"neow_cost":"NONE","seed_source_timestamp":943472301923871,"circlet_count":0,"master_deck":["AscendersBane","Strike_R","Strike_R","Strike_R","Strike_R","Strike_R","Defend_R","Defend_R","Defend_R","Defend_R","Bash","Feed+1","Headbutt","Intimidate","Thunderclap","Havoc+1","Bludgeon+1","Flame Barrier","Shrug It Off","Double Tap"],"relics":["Burning Blood","MawBank","Vajra","Odd Mushroom"],"potions_floor_usage":[14,14],"damage_taken":[{"damage":0,"enemies":"2 Louse","floor":1,"turns":3},{"damage":14,"enemies":"Small Slimes","floor":2,"turns":4},{"damage":9,"enemies":"Cultist","floor":3,"turns":5},{"damage":16,"enemies":"Blue Slaver","floor":5,"turns":3},{"damage":32,"enemies":"Gremlin Nob","floor":6,"turns":4},{"damage":12,"enemies":"Large Slime","floor":7,"turns":6},{"damage":0,"enemies":"Looter","floor":11,"turns":2},{"damage":26,"enemies":"Gremlin Gang","floor":13,"turns":5},{"damage":25,"enemies":"The Mushroom Lair","floor":14,"turns":5},{"damage":48,"enemies":"The Guardian","floor":16,"turns":8}],"seed_played":"6151934681013329640","potions_obtained":[{"floor":5,"key":"Regen Potion"},{"floor":7,"key":"Dexterity Potion"},{"floor":14,"key":"Dexterity Potion"}],"is_trial":false,"path_per_floor":["M","M","M","?","M","E","M","R","T","R","M","?","M","?","R","B"],"character_chosen":"IRONCLAD","items_purchased":[],"campfire_rested":1,"item_purchase_floors":[],"current_hp_per_floor":[77,72,72,72,66,40,38,38,38,38,44,33,17,16,46,0],"gold":450,"neow_bonus":"ONE_RANDOM_RARE_CARD","is_prod":false,"is_daily":false,"chose_seed":false,"campfire_upgraded":2,"win_rate":0,"timestamp":1543909597,"path_taken":["M","M","M","?","M","E","M","R","T","R","M","?","M","?","R","BOSS"],"build_version":"2018-11-15","purchased_purges":0,"victory":false,"max_hp_per_floor":[78,81,84,84,88,88,92,92,92,92,92,92,96,100,100,100],"card_choices":[{"not_picked":["Twin Strike","Wild Strike"],"picked":"Headbutt","floor":1},{"not_picked":["Wild Strike","Blood for Blood"],"picked":"Intimidate","floor":2},{"not_picked":["Anger","Wild Strike"],"picked":"Thunderclap","floor":3},{"not_picked":["Body Slam","Hemokinesis","Pummel"],"picked":"SKIP","floor":5},{"not_picked":["Sentinel","Twin Strike"],"picked":"Havoc","floor":6},{"not_picked":["Dual Wield","Perfected Strike"],"picked":"Bludgeon","floor":7},{"not_picked":["Twin Strike","Cleave"],"picked":"Flame Barrier","floor":11},{"not_picked":["Clash","Dropkick"],"picked":"Shrug It Off","floor":13},{"not_picked":["Seeing Red","True Grit"],"picked":"Double Tap","floor":14}],"player_experience":959305,"relics_obtained":[{"floor":6,"key":"MawBank"},{"floor":9,"key":"Vajra"},{"floor":14,"key":"Odd Mushroom"}],"event_choices":[{"damage_healed":0,"gold_gain":0,"player_choice":"Grow","damage_taken":0,"max_hp_gain":0,"max_hp_loss":0,"event_name":"Living Wall","floor":4,"gold_loss":0,"cards_upgraded":["Feed"]},{"damage_healed":0,"gold_gain":75,"player_choice":"Gather Gold","damage_taken":11,"max_hp_gain":0,"max_hp_loss":0,"event_name":"World of Goop","floor":12,"gold_loss":0},{"damage_healed":0,"gold_gain":0,"player_choice":"Fought Mushrooms","damage_taken":0,"max_hp_gain":0,"max_hp_loss":0,"event_name":"Mushrooms","floor":14,"gold_loss":0}],"is_beta":true,"boss_relics":[],"items_purged_floors":[],"is_endless":false,"potions_floor_spawned":[5,7,14],"killed_by":"The Guardian","ascension_level":20}