{"gold_per_floor":[17,29,204,214,232,264,264,275,275,275,151,183,26,26,26,127,127,141,141,128,146,146,146,157,175,175,20,20,20,34,44,44,44],"floor_reached":33,"playtime":1340,"items_purged":["Doubt"],"score":363,"play_id":"ca8d8b12-166e-49d4-b592-0f2437d66cc8","local_time":"20190202210346","is_ascension_mode":true,"campfire_choices":[{"floor":7,"key":"REST"},{"data":"Bash","floor":10,"key":"SMITH"},{"floor":15,"key":"REST"},{"data":"Whirlwind","floor":23,"key":"SMITH"},{"floor":32,"key":"REST"}],"neow_cost":"NO_GOLD","seed_source_timestamp":2055236200433,"circlet_count":0,"master_deck":["Bash+1","Whirlwind+1","True Grit","Spot Weakness","Clothesline","Heavy Blade","Rage","Shockwave","Inflame","Impervious","Metallicize","Burning Pact","Dropkick","Shockwave","Flame Barrier","Disarm","Whirlwind","Dark Embrace","Flame Barrier+1","Corruption+1","Pummel+1","Evolve+1","Body Slam+1","Bash","Barricade","Panacea","Battle Trance","Rage+1"],"relics":["Burning Blood","Nunchaku","Question Card","Gremlin Horn","Bag of Marbles","Dodecahedron","Pandora\u0027s Box","Bronze Scales"],"potions_floor_usage":[12,12,16,16,33,33],"damage_taken":[{"damage":8,"enemies":"2 Louse","floor":1,"turns":3},{"damage":2,"enemies":"Jaw Worm","floor":2,"turns":3},{"damage":0,"enemies":"Small Slimes","floor":4,"turns":2},{"damage":18,"enemies":"Red Slaver","floor":5,"turns":3},{"damage":49,"enemies":"Gremlin Nob","floor":6,"turns":6},{"damage":15,"enemies":"Exordium Wildlife","floor":8,"turns":4},{"damage":30,"enemies":"Lagavulin","floor":12,"turns":5},{"damage":36,"enemies":"The Guardian","floor":16,"turns":10},{"damage":12,"enemies":"Chosen","floor":18,"turns":4},{"damage":16,"enemies":"2 Thieves","floor":20,"turns":4},{"damage":15,"enemies":"Cultist and Chosen","floor":21,"turns":6},{"damage":9,"enemies":"Shelled Parasite and Fungi","floor":24,"turns":4},{"damage":22,"enemies":"3 Cultists","floor":25,"turns":5},{"damage":2,"enemies":"Snecko","floor":30,"turns":4},{"damage":35,"enemies":"Shelled Parasite and Fungi","floor":31,"turns":7},{"damage":70,"enemies":"Automaton","floor":33,"turns":6}],"seed_played":"6553390698044570972","potions_obtained":[{"floor":1,"key":"Weak Potion"},{"floor":4,"key":"SpeedPotion"},{"floor":12,"key":"SteroidPotion"},{"floor":21,"key":"SpeedPotion"},{"floor":24,"key":"Strength Potion"},{"floor":25,"key":"Dexterity Potion"}],"is_trial":false,"path_per_floor":["M","M","?","M","M","E","R","M","T","R","$","E","$","?","R","B",null,"M","?","M","M","?","R","M","M","T","$","?","$","M","M","R","B"],"character_chosen":"IRONCLAD","items_purchased":["FearPotion","Shockwave","Inflame","Bronze Scales"],"campfire_rested":3,"item_purchase_floors":[11,13,13,27],"current_hp_per_floor":[70,74,74,80,68,25,49,40,40,40,40,16,16,13,37,7,62,56,56,46,37,80,80,77,61,61,61,61,61,65,36,60,0],"gold":44,"neow_bonus":"ONE_RARE_RELIC","is_prod":false,"is_daily":false,"chose_seed":false,"campfire_upgraded":2,"win_rate":0,"timestamp":1549137826,"path_taken":["M","M","?","M","M","E","R","M","T","R","$","E","?","?","R","BOSS","M","?","M","?","?","R","?","M","T","$","?","$","M","?","R","BOSS"],"build_version":"2019-01-23","purchased_purges":1,"victory":false,"max_hp_per_floor":[80,80,80,80,80,80,80,80,80,80,80,80,80,80,80,80,80,80,80,80,80,80,80,80,80,80,80,80,80,80,80,80,80],"card_choices":[{"not_picked":["Intimidate","Rupture"],"picked":"Whirlwind","floor":1},{"not_picked":["Pommel Strike","Clothesline"],"picked":"True Grit","floor":2},{"not_picked":["Shrug It Off","Heavy Blade"],"picked":"Spot Weakness","floor":4},{"not_picked":["Cleave","Sever Soul"],"picked":"Clothesline","floor":5},{"not_picked":["Reaper","Body Slam"],"picked":"Heavy Blade","floor":6},{"not_picked":["Heavy Blade","Feel No Pain","Cleave"],"picked":"Rage","floor":8},{"not_picked":["Reckless Charge","Heavy Blade","Twin Strike","Body Slam"],"picked":"SKIP","floor":12},{"not_picked":["Exhume","Fiend Fire","Brutality"],"picked":"Impervious","floor":16},{"not_picked":["Armaments","Thunderclap","Havoc"],"picked":"Flame Barrier+1","floor":18},{"not_picked":["Havoc","Body Slam+1","Wild Strike"],"picked":"Corruption+1","floor":20},{"not_picked":["Iron Wave","Wild Strike","True Grit+1"],"picked":"Pummel+1","floor":21},{"not_picked":["Twin Strike","Rupture","Wild Strike"],"picked":"Evolve+1","floor":24},{"not_picked":["Disarm","Rupture+1","Sword Boomerang+1"],"picked":"Body Slam+1","floor":25},{"not_picked":["Immolate","Body Slam","Flex"],"picked":"Battle Trance","floor":30},{"not_picked":["Headbutt","Clothesline+1","Dual Wield"],"picked":"Rage+1","floor":31}],"player_experience":234298,"relics_obtained":[{"floor":6,"key":"Question Card"},{"floor":9,"key":"Gremlin Horn"},{"floor":12,"key":"Bag of Marbles"}],"event_choices":[{"damage_healed":0,"gold_gain":175,"player_choice":"AGREE","damage_taken":0,"max_hp_gain":0,"max_hp_loss":0,"event_name":"Liars Game","floor":3,"gold_loss":0,"cards_obtained":["Doubt"]},{"damage_healed":0,"gold_gain":0,"player_choice":"Success","damage_taken":3,"relics_obtained":["Dodecahedron"],"max_hp_gain":0,"max_hp_loss":0,"event_name":"Scrap Ooze","floor":14,"gold_loss":0},{"cards_removed":["Bludgeon"],"damage_healed":0,"gold_gain":0,"player_choice":"Purged","damage_taken":0,"max_hp_gain":0,"max_hp_loss":0,"event_name":"Purifier","floor":19,"gold_loss":0},{"damage_healed":43,"gold_gain":0,"player_choice":"Full Heal","damage_taken":0,"max_hp_gain":0,"max_hp_loss":0,"event_name":"Wheel of Change","floor":22,"gold_loss":0},{"damage_healed":0,"gold_gain":0,"player_choice":"3 cards matched","damage_taken":0,"max_hp_gain":0,"max_hp_loss":0,"event_name":"Match and Keep!","floor":28,"gold_loss":0,"cards_obtained":["Bash","Barricade","Panacea"]}],"is_beta":true,"boss_relics":[{"not_picked":["Empty Cage","White Beast Statue"],"picked":"Pandora\u0027s Box"}],"items_purged_floors":[11],"is_endless":false,"potions_floor_spawned":[1,4,12,21,24,25,31],"killed_by":"Automaton","ascension_level":8}