{"gold_per_floor":[111,111,111,136,136,136,176,176,176,199,214,214,214],"floor_reached":13,"playtime":234,"items_purged":[],"score":211,"play_id":"6ca27e10-11e4-4fcd-8db5-f0c665465692","local_time":"20190102234554","is_ascension_mode":true,"campfire_choices":[{"data":"Neutralize","floor":6,"key":"SMITH"},{"floor":8,"key":"REST"}],"neow_cost":"NONE","seed_source_timestamp":1584984279991779,"circlet_count":0,"master_deck":["AscendersBane","Defend_G","Defend_G+1","Defend_G","Defend_G","Defend_G","Strike_G","Strike_G","Strike_G","Strike_G+1","Survivor","Neutralize+1","PiercingWail","Quick Slash","Acrobatics","Footwork","Sucker Punch"],"relics":["Ring of the Snake","NeowsBlessing","Golden Idol","Matryoshka","Calipers","Anchor","Sundial"],"potions_floor_usage":[13],"damage_taken":[{"damage":0,"enemies":"2 Louse","floor":1,"turns":2},{"damage":0,"enemies":"Jaw Worm","floor":4,"turns":1},{"damage":0,"enemies":"Lagavulin","floor":7,"turns":1},{"damage":0,"enemies":"Cultist","floor":10,"turns":5},{"damage":0,"enemies":"2 Fungi Beasts","floor":11,"turns":4},{"damage":37,"enemies":"Gremlin Nob","floor":13,"turns":4}],"seed_played":"5172027253112977584","potions_obtained":[{"floor":1,"key":"EssenceOfSteel"},{"floor":4,"key":"Fire Potion"}],"is_trial":false,"path_per_floor":["M","?","?","M","?","R","E","R","T","M","M","?","E"],"character_chosen":"THE_SILENT","items_purchased":[],"campfire_rested":1,"item_purchase_floors":[],"current_hp_per_floor":[59,39,16,16,16,16,16,35,35,35,35,35,0],"gold":214,"neow_bonus":"THREE_ENEMY_KILL","is_prod":false,"is_daily":false,"chose_seed":false,"campfire_upgraded":1,"win_rate":0,"timestamp":1546501554,"path_taken":["M","?","?","?","?","R","E","R","T","M","?","?","E"],"build_version":"2019-01-01v2","purchased_purges":0,"victory":false,"max_hp_per_floor":[66,66,66,66,66,66,66,66,66,66,66,66,66],"card_choices":[{"not_picked":["Eviscerate","Underhanded Strike"],"picked":"PiercingWail","floor":1},{"not_picked":["Prepared","Distraction"],"picked":"Quick Slash","floor":4},{"not_picked":["Heel Hook","Deflect"],"picked":"Acrobatics","floor":7},{"not_picked":["Dagger Throw","Catalyst"],"picked":"Footwork","floor":10},{"not_picked":["Eviscerate","Poisoned Stab"],"picked":"Sucker Punch","floor":11}],"player_experience":980499,"relics_obtained":[{"floor":7,"key":"Calipers"},{"floor":9,"key":"Anchor"},{"floor":9,"key":"Sundial"}],"event_choices":[{"damage_healed":0,"gold_gain":0,"player_choice":"Entered Light","damage_taken":20,"max_hp_gain":0,"max_hp_loss":0,"event_name":"Shining Light","floor":2,"gold_loss":0,"cards_upgraded":["Strike_G","Defend_G"]},{"damage_healed":0,"gold_gain":0,"player_choice":"Take Damage","damage_taken":23,"relics_obtained":["Golden Idol"],"max_hp_gain":0,"max_hp_loss":0,"event_name":"Golden Idol","floor":3,"gold_loss":0},{"damage_healed":0,"gold_gain":0,"player_choice":"Gave Potion","damage_taken":0,"relics_obtained":["Matryoshka"],"max_hp_gain":0,"max_hp_loss":0,"event_name":"WeMeetAgain","floor":5,"gold_loss":0},{"cards_removed":["Strike_G"],"damage_healed":0,"gold_gain":0,"player_choice":"Purged","damage_taken":0,"max_hp_gain":0,"max_hp_loss":0,"event_name":"Purifier","floor":12,"gold_loss":0}],"is_beta":true,"boss_relics":[],"items_purged_floors":[],"is_endless":false,"potions_floor_spawned":[1,4],"killed_by":"Gremlin Nob","ascension_level":19}