{"gold_per_floor":[112,112,125,15,15,15,26,54,108,120,132,159,185,216,228,316,328,352,639,666,593,605,617,629],"floor_reached":24,"playtime":742,"items_purged":[],"score":392,"play_id":"568bb78c-9538-476d-a3e2-98772765b917","local_time":"20181212115615","is_ascension_mode":true,"campfire_choices":[{"data":"Armaments","floor":6,"key":"SMITH"},{"data":"True Grit","floor":10,"key":"SMITH"},{"floor":15,"key":"REST"},{"data":"Havoc","floor":23,"key":"SMITH"}],"neow_cost":"NONE","seed_source_timestamp":144230614329652,"circlet_count":0,"master_deck":["AscendersBane","Strike_R","Strike_R","Strike_R","Strike_R","Strike_R","Defend_R","Defend_R","Defend_R","Bash","Metallicize","Shrug It Off","Armaments+1","True Grit+1","Dropkick","Offering","Clothesline","Iron Wave","Juggernaut","Havoc+1","Regret","Armaments+1","Juggernaut"],"relics":["Burning Blood","NeowsBlessing","Art of War","Oddly Smooth Stone","MawBank","Cursed Key","Red Skull"],"potions_floor_usage":[13,16,20,20,20,20],"damage_taken":[{"damage":0,"enemies":"2 Louse","floor":1,"turns":1},{"damage":0,"enemies":"Cultist","floor":3,"turns":1},{"damage":0,"enemies":"Small Slimes","floor":7,"turns":1},{"damage":30,"enemies":"Lagavulin","floor":8,"turns":10},{"damage":7,"enemies":"Blue Slaver","floor":12,"turns":3},{"damage":28,"enemies":"Gremlin Gang","floor":13,"turns":5},{"damage":13,"enemies":"2 Fungi Beasts","floor":14,"turns":3},{"damage":20,"enemies":"The Guardian","floor":16,"turns":18},{"damage":7,"enemies":"3 Byrds","floor":18,"turns":5},{"damage":9,"enemies":"Shell Parasite","floor":20,"turns":2},{"damage":53,"enemies":"Slavers","floor":24,"turns":4}],"seed_played":"-9020864941831022735","potions_obtained":[{"floor":1,"key":"AttackPotion"},{"floor":12,"key":"LiquidBronze"},{"floor":13,"key":"SpeedPotion"},{"floor":14,"key":"Ancient Potion"},{"floor":18,"key":"EntropicBrew"}],"is_trial":false,"path_per_floor":["M","?","M","$","$","R","M","E","T","R","?","M","M","M","R","B",null,"M","?","M","?","?","R","E"],"character_chosen":"IRONCLAD","items_purchased":["Armaments","True Grit"],"campfire_rested":1,"item_purchase_floors":[4,4],"current_hp_per_floor":[74,74,75,75,75,75,75,51,51,51,44,43,21,14,36,22,62,61,61,58,58,58,58,5],"gold":629,"neow_bonus":"THREE_ENEMY_KILL","is_prod":false,"is_daily":false,"chose_seed":false,"campfire_upgraded":3,"win_rate":0,"timestamp":1544640975,"path_taken":["M","?","?","?","$","R","M","E","T","R","?","M","M","M","R","BOSS","M","?","?","?","?","R","E"],"build_version":"2018-12-06","purchased_purges":0,"victory":false,"max_hp_per_floor":[75,75,75,75,75,75,75,75,75,75,75,75,75,75,75,75,75,75,75,75,75,75,75,75],"card_choices":[{"not_picked":["Shockwave","True Grit"],"picked":"Metallicize","floor":1},{"not_picked":["Spot Weakness","Warcry"],"picked":"Shrug It Off","floor":3},{"not_picked":["Armaments","Body Slam"],"picked":"Dropkick","floor":7},{"not_picked":["Sword Boomerang","Evolve"],"picked":"Offering","floor":8},{"not_picked":["Perfected Strike","Cleave"],"picked":"Clothesline","floor":12},{"not_picked":["Second Wind","True Grit"],"picked":"Iron Wave","floor":13},{"not_picked":["Sword Boomerang","Clash","Corruption"],"picked":"SKIP","floor":14},{"not_picked":["Bludgeon","Exhume"],"picked":"Juggernaut","floor":16},{"not_picked":["Sword Boomerang","Combust"],"picked":"Havoc","floor":18},{"not_picked":["Body Slam","True Grit"],"picked":"Armaments+1","floor":20}],"player_experience":612855,"relics_obtained":[{"floor":8,"key":"Oddly Smooth Stone"},{"floor":9,"key":"MawBank"}],"event_choices":[{"damage_healed":0,"gold_gain":0,"player_choice":"Gave Potion","damage_taken":0,"relics_obtained":["Art of War"],"max_hp_gain":0,"max_hp_loss":0,"event_name":"WeMeetAgain","floor":2,"gold_loss":0},{"cards_removed":["Defend_R"],"damage_healed":0,"gold_gain":0,"player_choice":"Card Removal","damage_taken":7,"max_hp_gain":0,"max_hp_loss":0,"event_name":"Golden Wing","floor":11,"gold_loss":0},{"damage_healed":0,"gold_gain":275,"player_choice":"Desecrate","damage_taken":0,"max_hp_gain":0,"max_hp_loss":0,"event_name":"Golden Shrine","floor":19,"gold_loss":0,"cards_obtained":["Regret"]},{"damage_healed":0,"gold_gain":0,"player_choice":"Obtained Relic","damage_taken":0,"relics_obtained":["Red Skull"],"max_hp_gain":0,"max_hp_loss":0,"event_name":"Addict","floor":21,"gold_loss":85},{"damage_healed":0,"gold_gain":0,"player_choice":"Copied","damage_taken":0,"max_hp_gain":0,"max_hp_loss":0,"event_name":"Duplicator","floor":22,"gold_loss":0,"cards_obtained":["Juggernaut"]}],"is_beta":false,"boss_relics":[{"not_picked":["Coffee Dripper","Runic Dome"],"picked":"Cursed Key"}],"items_purged_floors":[],"is_endless":false,"potions_floor_spawned":[1,12,13,14,18],"killed_by":"Slavers","ascension_level":20}