{"gold_per_floor":[110,185,185,198,173,173,204,218,218,183,183,214,214,225,225,304,304,322,333,333,22,40,40,40,40,40,71,83,106,106,125,125,204,204,218,32,47,57,71,71,84,84,84,104,104,115,144,158,158,158,158],"floor_reached":52,"playtime":5340,"items_purged":["Strike_G"],"score":1878,"play_id":"c0979daf-8270-41bf-a13f-1e737b7bc975","local_time":"20190206092732","is_ascension_mode":true,"campfire_choices":[{"data":"Neutralize","floor":6.0,"key":"SMITH"},{"data":"Malaise","floor":11.0,"key":"SMITH"},{"data":"Blade Dance","floor":13.0,"key":"SMITH"},{"data":"Catalyst","floor":15.0,"key":"SMITH"},{"floor":23.0,"key":"REST"},{"floor":25.0,"key":"REST"},{"floor":30.0,"key":"REST"},{"floor":32.0,"key":"REST"},{"floor":40.0,"key":"REST"},{"floor":42.0,"key":"REST"},{"data":"1","floor":45.0,"key":"LIFT"},{"floor":49.0,"key":"REST"}],"neow_cost":"NONE","seed_source_timestamp":569558807457575,"circlet_count":0,"master_deck":["AscendersBane","Defend_G","Defend_G","Defend_G","Defend_G","Defend_G","Strike_G","Strike_G","Strike_G","Strike_G","Survivor","Neutralize+1","Deadly Poison+1","Escape Plan","Dodge and Roll","Malaise+1","Calculated Gamble","Blade Dance+1","Catalyst+1","Die Die Die","Underhanded Strike+1","Catalyst","Apotheosis","Corpse Explosion","Infinite Blades","Dodge and Roll+1","Venomology+1","Footwork","Endless Agony","Dodge and Roll","Backflip+1","Tools of the Trade","Noxious Fumes"],"special_seed":0,"relics":["Ring of the Snake","NeowsBlessing","Ancient Tea Set","Ninja Scroll","Dead Branch","Fusion Hammer","Membership Card","Happy Flower","Art of War","Regal Pillow","Lizard Tail","Omamori","Girya","War Paint"],"potions_floor_usage":[50,50,50,51],"damage_taken":[{"damage":0.0,"enemies":"Small Slimes","floor":1.0,"turns":2.0},{"damage":0.0,"enemies":"Cultist","floor":4.0,"turns":1.0},{"damage":0.0,"enemies":"3 Sentries","floor":7.0,"turns":1.0},{"damage":1.0,"enemies":"Jaw Worm","floor":8.0,"turns":4.0},{"damage":21.0,"enemies":"Lagavulin","floor":12.0,"turns":9.0},{"damage":0.0,"enemies":"2 Fungi Beasts","floor":14.0,"turns":1.0},{"damage":7.0,"enemies":"Hexaghost","floor":16.0,"turns":10.0},{"damage":20.0,"enemies":"Shell Parasite","floor":18.0,"turns":4.0},{"damage":1.0,"enemies":"Spheric Guardian","floor":19.0,"turns":3.0},{"damage":24.0,"enemies":"Shelled Parasite and Fungi","floor":22.0,"turns":6.0},{"damage":6.0,"enemies":"Slavers","floor":27.0,"turns":4.0},{"damage":6.0,"enemies":"Snake Plant","floor":28.0,"turns":4.0},{"damage":9.0,"enemies":"Centurion and Healer","floor":31.0,"turns":2.0},{"damage":18.0,"enemies":"Collector","floor":33.0,"turns":6.0},{"damage":9.0,"enemies":"Orb Walker","floor":35.0,"turns":4.0},{"damage":3.0,"enemies":"3 Darklings","floor":37.0,"turns":7.0},{"damage":2.0,"enemies":"Jaw Worm Horde","floor":38.0,"turns":2.0},{"damage":14.0,"enemies":"Sphere and 2 Shapes","floor":39.0,"turns":7.0},{"damage":32.0,"enemies":"3 Darklings","floor":41.0,"turns":4.0},{"damage":15.0,"enemies":"Writhing Mass","floor":44.0,"turns":5.0},{"damage":0.0,"enemies":"Spire Growth","floor":46.0,"turns":4.0},{"damage":23.0,"enemies":"Nemesis","floor":47.0,"turns":11.0},{"damage":0.0,"enemies":"Maw","floor":48.0,"turns":4.0},{"damage":56,"enemies":"Time Eater","floor":50,"turns":10},{"damage":30,"enemies":"Donu and Deca","floor":51,"turns":4}],"seed_played":"-3166110634384633447","potions_obtained":[{"floor":1.0,"key":"Fire Potion"},{"floor":7.0,"key":"SteroidPotion"},{"floor":27.0,"key":"Poison Potion"},{"floor":31.0,"key":"Block Potion"},{"floor":37.0,"key":"Dexterity Potion"},{"floor":44.0,"key":"PowerPotion"}],"is_trial":false,"path_per_floor":["M","?","?","M","$","R","E","M","T","?","R","E","R","M","R","B",null,"M","M","?","$","M","R","?","R","T","E","M","T","R","M","R","B",null,"M","$","M","M","M","R","M","R","T","M","R","M","E","M","R","B","B",null],"character_chosen":"THE_SILENT","items_purchased":["Dodge and Roll","Membership Card","Apotheosis","Footwork","Endless Agony","Omamori"],"campfire_rested":7,"item_purchase_floors":[5,21,21,36,36,36],"current_hp_per_floor":[59,48,48,48,48,48,48,47,47,63,63,42,42,42,42,35,58,38,37,50,50,26,45,45,64,64,58,52,52,66,57,66,48,62,53,53,50,48,34,66,34,66,66,51,51,51,28,28,62,6,17],"gold":158,"neow_bonus":"THREE_ENEMY_KILL","is_prod":false,"is_daily":false,"chose_seed":false,"campfire_upgraded":4,"win_rate":0,"timestamp":1549474052,"path_taken":["M","?","?","M","$","R","E","?","T","?","R","E","R","M","R","BOSS","M","M","?","$","M","R","?","R","T","E","?","?","R","M","R","BOSS","M","$","M","M","M","R","M","R","T","M","R","M","E","M","R","BOSS","BOSS"],"build_version":"2019-01-23","purchased_purges":1,"victory":true,"max_hp_per_floor":[66,66,66,66,66,66,66,66,66,66,66,66,66,66,66,66,66,66,66,66,66,66,66,66,66,66,66,66,66,66,66,66,66,66,66,66,66,66,66,66,66,66,66,66,66,66,66,66,66,66,66],"card_choices":[{"not_picked":["Finisher","Backflip"],"picked":"Deadly Poison","floor":1.0},{"not_picked":["Setup","Riddle With Holes"],"picked":"Escape Plan","floor":4.0},{"not_picked":["Setup","Underhanded Strike"],"picked":"Malaise","floor":7.0},{"not_picked":["Backflip","Sucker Punch"],"picked":"Calculated Gamble","floor":8.0},{"not_picked":["Predator","Poisoned Stab"],"picked":"Blade Dance","floor":12.0},{"not_picked":["Bane","Outmaneuver"],"picked":"Catalyst","floor":14.0},{"not_picked":["Unload","Doppelganger"],"picked":"Die Die Die","floor":16.0},{"not_picked":["Deadly Poison","Dagger Throw"],"picked":"Underhanded Strike+1","floor":18.0},{"not_picked":["Accuracy","Predator"],"picked":"Catalyst","floor":19.0},{"not_picked":["Quick Slash","Sucker Punch","Dagger Spray"],"picked":"SKIP","floor":22.0},{"not_picked":["Blade Dance","Setup"],"picked":"Corpse Explosion","floor":27.0},{"not_picked":["Poisoned Stab","Prepared"],"picked":"Infinite Blades","floor":28.0},{"not_picked":["Outmaneuver","Deflect"],"picked":"Dodge and Roll","floor":31.0},{"not_picked":["Die Die Die","Storm of Steel"],"picked":"Venomology","floor":33.0},{"not_picked":["Bane","Dagger Throw","Setup"],"picked":"SKIP","floor":35.0},{"not_picked":["All Out Attack","Terror","Blade Dance"],"picked":"SKIP","floor":37.0},{"not_picked":["Slice","Backflip","Concentrate"],"picked":"SKIP","floor":38.0},{"not_picked":["Flechettes","Blade Dance+1"],"picked":"Dodge and Roll","floor":39.0},{"not_picked":["Deflect","Predator","Outmaneuver"],"picked":"SKIP","floor":41.0},{"not_picked":["Escape Plan","Underhanded Strike"],"picked":"Backflip+1","floor":44.0},{"not_picked":["Blade Dance","Expertise+1"],"picked":"Tools of the Trade","floor":46.0},{"not_picked":["Poisoned Stab","Deflect+1","Underhanded Strike"],"picked":"SKIP","floor":47.0},{"not_picked":["Underhanded Strike","Calculated Gamble"],"picked":"Noxious Fumes","floor":48.0}],"player_experience":1825972,"relics_obtained":[{"floor":7.0,"key":"Ancient Tea Set"},{"floor":9.0,"key":"Ninja Scroll"},{"floor":12.0,"key":"Dead Branch"},{"floor":26.0,"key":"Happy Flower"},{"floor":27.0,"key":"Art of War"},{"floor":29.0,"key":"Regal Pillow"},{"floor":43.0,"key":"Girya"},{"floor":47.0,"key":"War Paint"}],"event_choices":[{"damage_healed":0.0,"max_hp_gain":0.0,"max_hp_loss":0.0,"gold_gain":75.0,"event_name":"World of Goop","player_choice":"Gather Gold","floor":2.0,"gold_loss":0.0,"damage_taken":11.0},{"damage_healed":0.0,"max_hp_gain":0.0,"max_hp_loss":0.0,"gold_gain":0.0,"event_name":"Accursed Blacksmith","player_choice":"Forge","floor":3.0,"gold_loss":0.0,"damage_taken":0.0,"cards_upgraded":["Deadly Poison"]},{"damage_healed":16.0,"max_hp_gain":0.0,"max_hp_loss":0.0,"gold_gain":0.0,"event_name":"The Cleric","player_choice":"Healed","floor":10.0,"gold_loss":35.0,"damage_taken":0.0},{"damage_healed":13.0,"max_hp_gain":0.0,"max_hp_loss":0.0,"gold_gain":0.0,"event_name":"The Library","player_choice":"Heal","floor":20.0,"gold_loss":0.0,"damage_taken":0.0},{"damage_healed":0.0,"max_hp_gain":0.0,"max_hp_loss":0.0,"gold_gain":0.0,"event_name":"Ghosts","player_choice":"Ignored","floor":24.0,"gold_loss":0.0,"damage_taken":0.0}],"is_beta":false,"boss_relics":[{"not_picked":["Velvet Choker","Calling Bell"],"picked":"Fusion Hammer"},{"not_picked":["White Beast Statue","Coffee Dripper"],"picked":"Lizard Tail"}],"items_purged_floors":[36],"is_endless":false,"potions_floor_spawned":[1,7,12,18,27,31,37,44,46,47],"ascension_level":20}