{"path_per_floor":["M","?","?","?","M","R","E","M","T","M","E","$","E","T","R"],"character_chosen":"DEFECT","items_purchased":["Capacitor+1"],"gold_per_floor":[113,288,288,288,303,303,329,349,349,369,396,361,394,394,394,394],"floor_reached":16,"campfire_rested":1,"playtime":781,"item_purchase_floors":[12],"current_hp_per_floor":[71,71,76,76,60,60,35,35,35,35,35,35,13,13,37,0],"items_purged":[],"gold":394,"score":157,"play_id":"3dc97429-1beb-4c60-84cc-8fee653b800d","local_time":"20180609161632","is_prod":false,"is_daily":false,"chose_seed":false,"is_ascension_mode":true,"campfire_upgraded":1,"win_rate":0,"timestamp":1528578992,"campfire_choices":[{"data":"Buffer","floor":6,"key":"SMITH"},{"floor":15,"key":"REST"}],"path_taken":["M","?","?","?","M","R","E","M","T","M","E","$","E","?","R","BOSS"],"build_version":"2018-06-07v3","seed_source_timestamp":34923013718172,"purchased_purges":0,"victory":false,"master_deck":["Strike_B","Strike_B","Strike_B","Strike_B","Defend_B","Defend_B","Defend_B","Defend_B","Zap","Dualcast","Buffer+1","Compile Driver","Leap","Streamline","Force Field","Force Field","Genetic Algorithm","Capacitor+1","Amplify"],"max_hp_per_floor":[75,75,80,80,80,80,80,80,80,80,80,80,80,80,80,80],"relics":["Cracked Core","Frozen Egg 2","Bag of Preparation","Turnip","Calipers","Dodecahedron"],"card_choices":[{"not_picked":["Beam Cell","Turbo"],"picked":"Compile Driver","floor":1},{"not_picked":["Turbo","Redo"],"picked":"Leap","floor":5},{"not_picked":["Sweeping Beam","Leap"],"picked":"Streamline","floor":7},{"not_picked":["Cold Snap","Leap"],"picked":"Force Field","floor":8},{"not_picked":["Barrage","Undo"],"picked":"Force Field","floor":10},{"not_picked":["Ball Lightning","Recycle"],"picked":"Genetic Algorithm","floor":11},{"not_picked":["Chaos","Stack"],"picked":"Amplify","floor":13}],"player_experience":242484,"potions_floor_usage":[11,16],"damage_taken":[{"damage":4,"enemies":"Jaw Worm","floor":1,"turns":4},{"damage":16,"enemies":"Small Slimes","floor":5,"turns":4},{"damage":25,"enemies":"3 Sentries","floor":7,"turns":8},{"damage":0,"enemies":"Cultist","floor":8,"turns":3},{"damage":0,"enemies":"Blue Slaver","floor":10,"turns":5},{"damage":0,"enemies":"Lagavulin","floor":11,"turns":7},{"damage":22,"enemies":"3 Sentries","floor":13,"turns":7},{"damage":39,"enemies":"Hexaghost","floor":16,"turns":11}],"relics_obtained":[{"floor":7,"key":"Frozen Egg 2"},{"floor":9,"key":"Bag of Preparation"},{"floor":11,"key":"Turnip"},{"floor":13,"key":"Calipers"},{"floor":14,"key":"Dodecahedron"}],"event_choices":[{"event_name":"Liars Game","player_choice":"agreed","floor":2,"damage_taken":0},{"event_name":"Big Fish","player_choice":"Donut","floor":3,"damage_taken":0},{"event_name":"Fountain of Cleansing","player_choice":"Removed Curse","floor":4,"damage_taken":0}],"boss_relics":[],"items_purged_floors":[],"potions_floor_spawned":[5,7],"seed_played":"8225150771761391354","killed_by":"Hexaghost","ascension_level":2,"potions_obtained":[{"floor":5,"key":"Poison Potion"},{"floor":7,"key":"SkillPotion"}],"is_trial":false}