{"gold_per_floor":[367,386,138,149,160,193,193,193,193,193,193,217,117,117],"floor_reached":14,"playtime":374,"items_purged":["Defend_R","Injury"],"score":167,"play_id":"860189ae-a0fb-4383-be83-c1481d6661de","local_time":"20180927020405","is_ascension_mode":true,"campfire_choices":[{"data":"Uppercut","floor":10,"key":"SMITH"}],"neow_cost":"TEN_PERCENT_HP_LOSS","seed_source_timestamp":120475220452781,"circlet_count":0,"master_deck":["Strike_R","Strike_R","Strike_R","Strike_R","Strike_R","Defend_R","Defend_R","Defend_R","Bash+1","AscendersBane","Uppercut+1","Iron Wave","Exhume","Shrug It Off","Burning Pact"],"relics":["Burning Blood","Oddly Smooth Stone","Juzu Bracelet","NlothsMask","Golden Idol"],"potions_floor_usage":[6],"damage_taken":[{"damage":7,"enemies":"Cultist","floor":1,"turns":4},{"damage":12,"enemies":"Small Slimes","floor":2,"turns":4},{"damage":0,"enemies":"2 Louse","floor":4,"turns":3},{"damage":27,"enemies":"Red Slaver","floor":5,"turns":6},{"damage":19,"enemies":"3 Sentries","floor":6,"turns":6},{"damage":24,"enemies":"Exordium Thugs","floor":12,"turns":6},{"damage":17,"enemies":"Lots of Slimes","floor":14,"turns":2}],"seed_played":"-4038903360858295874","potions_obtained":[{"floor":1,"key":"Weak Potion"},{"floor":4,"key":"PowerPotion"}],"is_trial":false,"path_per_floor":["M","M","$","M","M","E","?","?","T","R","?","M","$"],"character_chosen":"IRONCLAD","items_purchased":["Oddly Smooth Stone"],"campfire_rested":0,"item_purchase_floors":[3],"current_hp_per_floor":[67,61,61,67,46,33,33,33,33,33,33,15,15,0],"gold":117,"neow_bonus":"TWO_FIFTY_GOLD","is_prod":false,"is_daily":false,"chose_seed":false,"campfire_upgraded":1,"win_rate":0,"timestamp":1538039045,"path_taken":["M","M","$","?","M","E","?","?","T","R","?","M","$","M"],"build_version":"2018-09-26","purchased_purges":2,"victory":false,"max_hp_per_floor":[68,68,68,68,68,68,68,68,68,68,68,68,68,68],"card_choices":[{"not_picked":["Burning Pact","Clash"],"picked":"Uppercut","floor":1},{"not_picked":["Infernal Blade","Body Slam"],"picked":"Iron Wave","floor":2},{"not_picked":["Anger","Infernal Blade"],"picked":"Exhume","floor":4},{"not_picked":["Sword Boomerang","Burning Pact"],"picked":"Shrug It Off","floor":5},{"not_picked":["Twin Strike","Sword Boomerang"],"picked":"Burning Pact","floor":6},{"not_picked":["Clash","Body Slam","Warcry"],"picked":"SKIP","floor":12}],"player_experience":840905,"relics_obtained":[{"floor":6,"key":"Juzu Bracelet"}],"event_choices":[{"event_name":"FaceTrader","player_choice":"Trade","floor":7,"damage_taken":0},{"event_name":"Golden Idol","player_choice":"Take Wound","floor":8,"damage_taken":0},{"event_name":"Accursed Blacksmith","player_choice":"Forge","floor":11,"damage_taken":0}],"is_beta":true,"boss_relics":[],"items_purged_floors":[3,13],"is_endless":false,"potions_floor_spawned":[1,4,5],"killed_by":"Lots of Slimes","ascension_level":17}