{"gold_per_floor":[114,129,129,144,45,75,90,90,115,145,160,4,19,34,34,134,134,149,164,479,494,494,524,524,539,539,569,584,507,552,28,28,128,140,167,194,221,248,275,317,344,356,393,420,432,474,486,513,525,537],"floor_reached":51,"playtime":2267,"items_purged":["Reckless Charge","Barricade"],"score":1144,"play_id":"b7aed066-1fbc-49d6-b7ab-e3be88c43460","local_time":"20180817090009","daily_mods":["Insanity","Terminal","Vintage"],"is_ascension_mode":false,"campfire_choices":[{"data":"1","floor":8,"key":"LIFT"},{"data":"2","floor":15,"key":"LIFT"},{"data":"3","floor":24,"key":"LIFT"},{"floor":32,"key":"DIG"},{"data":"Fiend Fire","floor":42,"key":"SMITH"},{"floor":47,"key":"DIG"},{"floor":49,"key":"DIG"}],"neow_cost":"","seed_source_timestamp":0,"circlet_count":0,"master_deck":["Carnage","Rage","Clothesline","Hemokinesis","Bludgeon","Reaper","Dual Wield","Flame Barrier","Sever Soul","Sword Boomerang","Blood for Blood","Disarm","Metallicize","Burning Pact","Ghostly Armor","Iron Wave","Body Slam","Inflame","Evolve","Seeing Red","Power Through","Bludgeon","Exhume","Havoc+1","Pommel Strike","Flex+1","Metallicize","Rupture","Fire Breathing","Feel No Pain","Feed","Second Wind","Metallicize","Flame Barrier","Rampage","Pummel","Defend_R","Ghostly Armor","Intimidate","Immolate","Heavy Blade","Dark Embrace","Clothesline","Barricade","Sword Boomerang","Iron Wave","Headbutt","Whirlwind","True Grit+1","Twin Strike","Dropkick","Warcry+1","Battle Trance+1","Fiend Fire+1","Parasite","Metallicize","Thunderclap+1","J.A.X.+1","Master of Strategy+1","Panache","Impervious+1","Iron Wave+1","Pummel+1"],"special_seed":17760,"relics":["Burning Blood","Bag of Marbles","Toxic Egg 2","The Courier","Dodecahedron","Girya","Strawberry","War Paint","Gambling Chip","Darkstone Periapt","Omamori","Shovel","Matryoshka","Calling Bell","Juzu Bracelet","Ornamental Fan","StoneCalendar","Dead Branch","Happy Flower","Old Coin","Bird Faced Urn","Calipers","Lantern","Vajra","Art of War","Bronze Scales","Bag of Preparation","Tiny Chest","Mango","Blue Candle","MawBank","Sozu","Boot","Sundial","Orichalcum","Gremlin Horn","Bottled Flame","Potion Belt","Dream Catcher","Centennial Puzzle","Pen Nib","Red Skull","Frozen Egg 2","Mummified Hand","Smiling Mask","Self Forming Clay"],"potions_floor_usage":[6,10,21,21,33],"damage_taken":[{"damage":0,"enemies":"2 Louse","floor":1,"turns":2},{"damage":1,"enemies":"Jaw Worm","floor":2,"turns":3},{"damage":0,"enemies":"Small Slimes","floor":4,"turns":1},{"damage":0,"enemies":"Gremlin Nob","floor":6,"turns":2},{"damage":0,"enemies":"Exordium Thugs","floor":7,"turns":3},{"damage":0,"enemies":"3 Sentries","floor":10,"turns":4},{"damage":3,"enemies":"3 Louse","floor":11,"turns":1},{"damage":0,"enemies":"Blue Slaver","floor":13,"turns":1},{"damage":0,"enemies":"Exordium Wildlife","floor":14,"turns":2},{"damage":0,"enemies":"Slime Boss","floor":16,"turns":4},{"damage":0,"enemies":"Spheric Guardian","floor":18,"turns":2},{"damage":7,"enemies":"2 Thieves","floor":19,"turns":3},{"damage":0,"enemies":"Chosen and Byrds","floor":20,"turns":4},{"damage":0,"enemies":"3 Cultists","floor":21,"turns":3},{"damage":6,"enemies":"Slavers","floor":23,"turns":6},{"damage":10,"enemies":"Snecko","floor":25,"turns":4},{"damage":14,"enemies":"Gremlin Leader","floor":27,"turns":4},{"damage":0,"enemies":"Snake Plant","floor":28,"turns":1},{"damage":0,"enemies":"Shelled Parasite and Fungi","floor":30,"turns":2},{"damage":16,"enemies":"Collector","floor":33,"turns":7},{"damage":0,"enemies":"3 Shapes","floor":35,"turns":2},{"damage":0,"enemies":"Orb Walker","floor":36,"turns":1},{"damage":0,"enemies":"Flame Bruiser 2 Orb","floor":37,"turns":4},{"damage":2,"enemies":"4 Shapes","floor":38,"turns":1},{"damage":3,"enemies":"Sphere and 2 Shapes","floor":39,"turns":1},{"damage":0,"enemies":"2 Orb Walkers","floor":40,"turns":1},{"damage":0,"enemies":"Jaw Worm Horde","floor":41,"turns":1},{"damage":0,"enemies":"Spire Growth","floor":44,"turns":1},{"damage":6,"enemies":"Nemesis","floor":46,"turns":1},{"damage":0,"enemies":"Sphere and 2 Shapes","floor":48,"turns":2},{"damage":0,"enemies":"Awakened One","floor":50,"turns":2}],"seed_played":"-944749805206435662","potions_obtained":[{"floor":1,"key":"AttackPotion"},{"floor":4,"key":"FearPotion"},{"floor":6,"key":"AttackPotion"},{"floor":10,"key":"SmokeBomb"},{"floor":13,"key":"Dexterity Potion"},{"floor":16,"key":"BloodPotion"},{"floor":20,"key":"AttackPotion"},{"floor":27,"key":"LiquidBronze"},{"floor":28,"key":"BloodPotion"}],"is_trial":false,"path_per_floor":["M","M","?","M","$","E","M","R","T","E","M","$","M","M","R","B",null,"M","M","M","M","?","E","R","M","T","E","M","?","M","$","R","B",null,"M","M","M","M","M","E","M","R","T","M","?","E","R","M","R","B"],"character_chosen":"IRONCLAD","items_purchased":["True Grit+1","Warcry+1","Battle Trance+1","Mango","Master of Strategy+1","Panache"],"campfire_rested":0,"item_purchase_floors":[5,12,12,31,31,31],"current_hp_per_floor":[78,77,65,71,71,73,79,78,77,82,81,80,82,81,80,82,87,86,85,84,83,82,81,80,78,78,70,76,75,74,87,86,85,84,86,85,84,83,85,84,83,82,81,80,79,78,77,76,75,74],"gold":549,"neow_bonus":"","is_prod":false,"is_daily":true,"chose_seed":false,"campfire_upgraded":1,"win_rate":0,"timestamp":1534489209,"path_taken":["M","M","?","M","$","E","M","R","T","E","M","$","M","M","R","BOSS","M","M","M","M","?","E","R","M","T","E","M","?","M","$","R","BOSS","M","M","M","M","M","E","M","R","T","M","?","E","R","M","R","BOSS"],"build_version":"2018-08-16","purchased_purges":2,"victory":true,"max_hp_per_floor":[78,77,76,75,74,73,79,78,77,82,81,80,82,81,80,82,87,86,85,84,83,82,81,80,79,78,77,76,75,74,87,86,85,84,86,85,84,83,85,84,83,82,81,80,79,78,77,76,75,74],"card_choices":[{"not_picked":["Iron Wave","Body Slam"],"picked":"Twin Strike","floor":6},{"not_picked":["Wild Strike","Reckless Charge"],"picked":"Dropkick","floor":10},{"not_picked":["Reaper","Juggernaut"],"picked":"Fiend Fire","floor":16},{"not_picked":["Sever Soul","Blood for Blood"],"picked":"Metallicize","floor":23},{"not_picked":["Immolate","Ghostly Armor+1"],"picked":"Thunderclap+1","floor":27},{"not_picked":["Exhume+1","Dark Embrace"],"picked":"Impervious+1","floor":33},{"not_picked":["Heavy Blade+1","Armaments+1"],"picked":"Iron Wave+1","floor":40},{"not_picked":["Clash","Fire Breathing+1"],"picked":"Pummel+1","floor":46}],"player_experience":9140,"relics_obtained":[{"floor":1,"key":"Bag of Marbles"},{"floor":2,"key":"Toxic Egg 2"},{"floor":4,"key":"Dodecahedron"},{"floor":6,"key":"Girya"},{"floor":7,"key":"Strawberry"},{"floor":9,"key":"War Paint"},{"floor":10,"key":"Gambling Chip"},{"floor":11,"key":"Darkstone Periapt"},{"floor":13,"key":"Omamori"},{"floor":14,"key":"Shovel"},{"floor":16,"key":"Matryoshka"},{"floor":17,"key":"Juzu Bracelet"},{"floor":17,"key":"Ornamental Fan"},{"floor":17,"key":"StoneCalendar"},{"floor":18,"key":"Dead Branch"},{"floor":19,"key":"Happy Flower"},{"floor":20,"key":"Old Coin"},{"floor":21,"key":"Bird Faced Urn"},{"floor":23,"key":"Calipers"},{"floor":25,"key":"Lantern"},{"floor":26,"key":"Vajra"},{"floor":26,"key":"Art of War"},{"floor":27,"key":"Bronze Scales"},{"floor":28,"key":"Bag of Preparation"},{"floor":30,"key":"Tiny Chest"},{"floor":32,"key":"Blue Candle"},{"floor":33,"key":"MawBank"},{"floor":35,"key":"Boot"},{"floor":36,"key":"Sundial"},{"floor":37,"key":"Orichalcum"},{"floor":38,"key":"Gremlin Horn"},{"floor":39,"key":"Bottled Flame"},{"floor":40,"key":"Potion Belt"},{"floor":41,"key":"Dream Catcher"},{"floor":43,"key":"Centennial Puzzle"},{"floor":43,"key":"Pen Nib"},{"floor":44,"key":"Red Skull"},{"floor":46,"key":"Frozen Egg 2"},{"floor":47,"key":"Mummified Hand"},{"floor":48,"key":"Smiling Mask"},{"floor":49,"key":"Self Forming Clay"}],"event_choices":[{"event_name":"Scrap Ooze","player_choice":"success","floor":3,"damage_taken":12},{"event_name":"Vampires","player_choice":"Ignored","floor":22,"damage_taken":0},{"event_name":"Drug Dealer","player_choice":"Got JAXXED","floor":29,"damage_taken":0},{"event_name":"SecretPortal","player_choice":"Rejected Portal.","floor":45,"damage_taken":0}],"is_beta":true,"boss_relics":[{"not_picked":["Ectoplasm","Fusion Hammer"],"picked":"Calling Bell"},{"not_picked":["Eternal Feather","Lizard Tail"],"picked":"Sozu"}],"items_purged_floors":[5,12],"is_endless":false,"potions_floor_spawned":[1,4,6,10,13,16,18,20,27,28,36,38,40,44],"ascension_level":0}