{"path_per_floor":["M","?","$","M","T","E","?","R","T","R","M","E","R","E","R","B",null,"M","?","?","$","$","R","E","M","T","E","M","M","R","M","R","B",null,"M","?","M","M","M","R","?","R","T","E","?","E","M","E","R"],"character_chosen":"IRONCLAD","items_purchased":["Pommel Strike"],"gold_per_floor":[113,113,38,57,81,115,115,115,142,142,153,186,186,216,216,317,317,328,328,328,228,56,56,84,96,96,130,149,164,164,177,177,282,282,301,301,320,338,350,350,0,0,0,26,26,81,100,132,132,132],"floor_reached":50,"campfire_rested":5,"playtime":2964,"current_hp_per_floor":[80,85,85,83,83,35,35,35,35,35,38,38,38,26,53,30,92,68,52,52,52,52,79,30,38,38,45,45,39,81,68,68,31,92,80,80,79,67,30,72,72,72,72,49,72,20,12,9,51,0],"items_purged":["Strike_R","Strike_R","Strike_R"],"gold":132,"score":615,"play_id":"dd394e87-1ca1-4bd7-ad86-8332406349b3","local_time":"20180326224141","is_prod":false,"is_daily":false,"is_ascension_mode":true,"campfire_upgraded":2,"timestamp":1522122101,"path_taken":["M","?","$","M","?","E","?","R","T","R","M","E","R","E","R","BOSS","M","?","?","?","$","R","E","M","T","E","M","M","R","M","R","BOSS","M","?","?","M","M","R","?","R","T","E","?","E","M","E","R","BOSS"],"build_version":"2018-03-22v2","purchased_purges":3,"victory":false,"master_deck":["Strike_R","Strike_R","Defend_R+1","Defend_R+1","Bash+1","Perfected Strike","Wild Strike","Twin Strike+1","Pommel Strike","Perfected Strike","Clash","Reckless Charge+1","Inflame","Perfected Strike+1","Offering+1","Fiend Fire+1","Battle Trance+1","Flex+1","Pommel Strike","Spot Weakness+1","Clash","Writhe","Dark Embrace","Spot Weakness+1"],"max_hp_per_floor":[80,85,85,85,85,85,85,85,85,85,85,85,85,92,92,92,92,92,92,92,92,92,92,92,92,92,92,92,92,92,92,92,92,92,92,92,92,92,92,92,92,92,92,92,92,92,92,92,92,92],"relics":["Burning Blood","War Paint","Toxic Egg 2","Peace Pipe","Blood Vial","Gambling Chip","Strawberry","Lizard Tail","Nilry\u0027s Codex","Regal Pillow","Thread and Needle","Oddly Smooth Stone","Runic Pyramid","Red Mask","Red Skull","Bag of Preparation","Tiny Chest","Darkstone Periapt"],"card_choices":[{"not_picked":["Ghostly Armor","Anger"],"picked":"Corruption","floor":4},{"not_picked":["Sever Soul","Whirlwind"],"picked":"Perfected Strike","floor":6},{"not_picked":["Seeing Red","True Grit"],"picked":"Perfected Strike","floor":11},{"not_picked":["Ghostly Armor","Shockwave"],"picked":"Wild Strike","floor":14},{"not_picked":["Barricade","Juggernaut"],"picked":"Dark Embrace","floor":16},{"not_picked":["Body Slam","Cleave"],"picked":"Twin Strike","floor":18},{"not_picked":["Entrench","Anger"],"picked":"Perfected Strike","floor":24},{"not_picked":["Carnage","Shockwave"],"picked":"Clash","floor":25},{"not_picked":["Heavy Blade","Ghostly Armor"],"picked":"Reckless Charge","floor":27},{"not_picked":["Metallicize","Rupture"],"picked":"Inflame","floor":28},{"not_picked":["Sword Boomerang","Combust"],"picked":"Perfected Strike","floor":29},{"not_picked":["Uppercut","Combust"],"picked":"Offering","floor":31},{"not_picked":["Juggernaut","Impervious"],"picked":"Fiend Fire","floor":33},{"not_picked":["Evolve","True Grit"],"picked":"Battle Trance","floor":35},{"not_picked":["Pommel Strike","Wild Strike"],"picked":"Flex","floor":37},{"not_picked":["Rampage","Headbutt"],"picked":"Pommel Strike","floor":38},{"not_picked":["Body Slam","Clothesline"],"picked":"Spot Weakness","floor":39},{"not_picked":["Sword Boomerang","Shrug It Off"],"picked":"Clash","floor":44},{"not_picked":["Headbutt","Wild Strike"],"picked":"Dark Embrace","floor":47},{"not_picked":["Demon Form","Perfected Strike"],"picked":"Spot Weakness","floor":48}],"player_experience":87431,"potions_floor_usage":[16,16,18,27,27,33,33,44,48,48,50],"damage_taken":[{"damage":1,"enemies":"Cultist","floor":1,"turns":3},{"damage":8,"enemies":"Jaw Worm","floor":4,"turns":4},{"damage":54,"enemies":"Lagavulin","floor":6,"turns":7},{"damage":5,"enemies":"Small Slimes","floor":11,"turns":3},{"damage":8,"enemies":"3 Sentries","floor":12,"turns":8},{"damage":27,"enemies":"Gremlin Nob","floor":14,"turns":4},{"damage":31,"enemies":"The Guardian","floor":16,"turns":9},{"damage":30,"enemies":"2 Thieves","floor":18,"turns":4},{"damage":57,"enemies":"Slavers","floor":24,"turns":5},{"damage":0,"enemies":"Chosen","floor":25,"turns":4},{"damage":1,"enemies":"Gremlin Leader","floor":27,"turns":4},{"damage":8,"enemies":"Snecko","floor":28,"turns":4},{"damage":14,"enemies":"Centurion and Healer","floor":29,"turns":4},{"damage":21,"enemies":"Slaver and Parasite","floor":31,"turns":5},{"damage":118,"enemies":"Automaton","floor":33,"turns":10},{"damage":18,"enemies":"3 Shapes","floor":35,"turns":3},{"damage":9,"enemies":"Orb Walker","floor":37,"turns":2},{"damage":20,"enemies":"3 Darklings","floor":38,"turns":3},{"damage":45,"enemies":"Maw","floor":39,"turns":6},{"damage":31,"enemies":"2 Orb Walkers","floor":44,"turns":4},{"damage":60,"enemies":"Giant Head","floor":46,"turns":7},{"damage":16,"enemies":"Sphere and 2 Shapes","floor":47,"turns":3},{"damage":11,"enemies":"2 Orb Walkers","floor":48,"turns":4},{"damage":62,"enemies":"Donu and Deca","floor":50,"turns":4}],"event_choices":[{"event_name":"Big Fish","player_choice":"Donut","floor":2,"damage_taken":0},{"event_name":"Wheel of Change","player_choice":"Relic","floor":7,"damage_taken":0},{"event_name":"Cursed Tome","player_choice":"Obtained Book","floor":19,"damage_taken":0},{"event_name":"Purifier","player_choice":"One Purge","floor":20,"damage_taken":0},{"event_name":"Tomb of Lord Red Mask","player_choice":"Paid","floor":41,"damage_taken":0},{"event_name":"Winding Halls","player_choice":"Writhe","floor":45,"damage_taken":0}],"boss_relics":[{"not_picked":["Tiny House","Calling Bell"],"picked":"Lizard Tail"},{"not_picked":["Mark of Pain","Cursed Key"],"picked":"Runic Pyramid"}],"potions_floor_spawned":[1,12,14,16,24,25,28,31,38,39,46],"seed_played":"5602588961287428648","killed_by":"Donu and Deca","ascension_level":1,"is_trial":false}