{"gold_per_floor":[116,116,191,211,236,270,4,22,69,80,100,100,110,145,145,241,241,255,255,241,241],"floor_reached":21,"playtime":632,"items_purged":["Strike_B"],"score":270,"play_id":"283eef96-67aa-491f-bc6b-b357e4ae1a8e","local_time":"20190131000704","is_ascension_mode":true,"campfire_choices":[{"data":"Consume","floor":12,"key":"SMITH"},{"floor":15,"key":"REST"}],"neow_cost":"NONE","seed_source_timestamp":8578483284662,"circlet_count":0,"master_deck":["Strike_B","Defend_B","Defend_B","Zap","Dualcast","Beam Cell","Cold Snap","Compile Driver","Consume+1","Defragment","Finesse","Cold Snap","White Noise","Go for the Eyes","Echo Form","Ball Lightning","Thunder Strike","Leap+1","Turbo+1","Aggregate+1","Coolheaded+1","Fission"],"relics":["Cracked Core","NeowsBlessing","Regal Pillow","Strawberry","Dodecahedron","Astrolabe"],"potions_floor_usage":[11,14,20,21],"damage_taken":[{"damage":0,"enemies":"2 Louse","floor":1,"turns":1},{"damage":0,"enemies":"Jaw Worm","floor":4,"turns":1},{"damage":0,"enemies":"Lagavulin","floor":6,"turns":1},{"damage":1,"enemies":"Cultist","floor":8,"turns":3},{"damage":9,"enemies":"Looter","floor":10,"turns":5},{"damage":8,"enemies":"Blue Slaver","floor":11,"turns":2},{"damage":0,"enemies":"3 Louse","floor":13,"turns":3},{"damage":40,"enemies":"3 Sentries","floor":14,"turns":6},{"damage":22,"enemies":"Slime Boss","floor":16,"turns":5},{"damage":17,"enemies":"Spheric Guardian","floor":18,"turns":4},{"damage":15,"enemies":"2 Thieves","floor":20,"turns":4},{"damage":41,"enemies":"Masked Bandits","floor":21,"turns":3}],"seed_played":"-5577762661148971427","potions_obtained":[{"floor":6,"key":"SteroidPotion"},{"floor":8,"key":"SkillPotion"},{"floor":11,"key":"Regen Potion"},{"floor":16,"key":"AttackPotion"},{"floor":20,"key":"Block Potion"}],"is_trial":false,"path_per_floor":["M","?","?","M","T","E","$","M","T","M","M","R","M","E","R","B",null,"M","?","M","?"],"character_chosen":"DEFECT","items_purchased":["Consume","Defragment","Finesse"],"campfire_rested":1,"item_purchase_floors":[7,7,7],"current_hp_per_floor":[75,68,57,57,57,57,57,56,63,54,46,46,46,20,59,37,71,54,54,39,0],"gold":241,"neow_bonus":"THREE_ENEMY_KILL","is_prod":false,"is_daily":false,"chose_seed":false,"campfire_upgraded":1,"win_rate":0,"timestamp":1548889624,"path_taken":["M","?","?","M","?","E","?","M","T","M","M","R","M","E","R","BOSS","M","?","?","?"],"build_version":"2019-01-23","purchased_purges":1,"victory":false,"max_hp_per_floor":[75,75,75,75,75,75,75,75,82,82,82,82,82,82,82,82,82,82,82,82,82],"card_choices":[{"not_picked":["Reprogram","Rip and Tear"],"picked":"Beam Cell","floor":1},{"not_picked":["Turbo","Fusion"],"picked":"Cold Snap","floor":4},{"not_picked":["Hologram","Redo"],"picked":"Compile Driver","floor":6},{"not_picked":["Redo","Turbo"],"picked":"Cold Snap","floor":8},{"not_picked":["Stack","Chill"],"picked":"White Noise","floor":10},{"not_picked":["Stack","Beam Cell"],"picked":"Go for the Eyes","floor":11},{"not_picked":["Turbo","Double Energy"],"picked":"Echo Form","floor":13},{"not_picked":["Meteor Strike","Beam Cell"],"picked":"Ball Lightning","floor":14},{"not_picked":["Reboot","Rainbow"],"picked":"Thunder Strike","floor":16},{"not_picked":["BootSequence","Fusion"],"picked":"Coolheaded+1","floor":18},{"not_picked":["Gash","Barrage","Turbo+1"],"picked":"SKIP","floor":20}],"player_experience":223004,"relics_obtained":[{"floor":6,"key":"Regal Pillow"},{"floor":9,"key":"Strawberry"},{"floor":14,"key":"Dodecahedron"}],"event_choices":[{"cards_removed":["Strike_B"],"damage_healed":0,"gold_gain":0,"player_choice":"Card Removal","damage_taken":7,"max_hp_gain":0,"max_hp_loss":0,"event_name":"Golden Wing","floor":2,"gold_loss":0},{"damage_healed":0,"gold_gain":75,"player_choice":"Gather Gold","damage_taken":11,"max_hp_gain":0,"max_hp_loss":0,"event_name":"World of Goop","floor":3,"gold_loss":0},{"damage_healed":0,"gold_gain":0,"player_choice":"1 cards matched","damage_taken":0,"max_hp_gain":0,"max_hp_loss":0,"event_name":"Match and Keep!","floor":19,"gold_loss":0,"cards_obtained":["Fission"]},{"damage_healed":0,"gold_gain":0,"player_choice":"Fought Bandits","damage_taken":0,"max_hp_gain":0,"max_hp_loss":0,"event_name":"Masked Bandits","floor":21,"gold_loss":0}],"is_beta":true,"boss_relics":[{"not_picked":["Calling Bell","FrozenCore"],"picked":"Astrolabe"}],"items_purged_floors":[7],"is_endless":false,"potions_floor_spawned":[6,8,11,16,20],"killed_by":"Masked Bandits","ascension_level":5}