{"gold_per_floor":[117,117,117,33,53,84,84,116,196,196,12,12,30,63,63,140,140,158,172,7,17,29,29,64,64,64,77,77,77,77,110,110,184,184,202,44,59,72,72,72,103,118,118,150,167,167,186,200,200,200],"floor_reached":51,"playtime":3937,"items_purged":["Decay"],"score":1621,"play_id":"c7ac66a5-3e33-4a00-8c56-bc3de2ec74ef","local_time":"20181226131956","is_ascension_mode":true,"campfire_choices":[{"data":"Defragment","floor":7.0,"key":"SMITH"},{"data":"Conserve Battery","floor":10.0,"key":"SMITH"},{"data":"Zap","floor":15.0,"key":"SMITH"},{"floor":23.0,"key":"REST"},{"data":"Tempest","floor":25.0,"key":"SMITH"},{"data":"Glacier","floor":29.0,"key":"SMITH"},{"data":"Hologram","floor":32.0,"key":"SMITH"},{"floor":40.0,"key":"REST"},{"data":"Heatsinks","floor":46.0,"key":"SMITH"},{"floor":49,"key":"REST"}],"neow_cost":"NONE","seed_source_timestamp":0,"circlet_count":0,"master_deck":["AscendersBane","Strike_B+1","Strike_B+1","Strike_B+1","Defend_B+1","Defend_B+1","Defend_B+1","Defend_B+1","Zap+1","Dualcast","Cold Snap","Defragment+1","Leap","Conserve Battery+1","Compile Driver+1","FTL+1","Capacitor","Compile Driver+1","Go for the Eyes+1","Hologram+1","Meteor Strike+1","Stack+1","Tempest+1","Stack","Ball Lightning+1","Conserve Battery+1","Glacier+1","Echo Form","Thunder Strike+1","Barrage+1","Stack+1","Coolheaded","Compile Driver+1","Shame","Heatsinks+1","Glacier+1","Echo Form"],"special_seed":0,"relics":["Cracked Core","NeowsBlessing","Boot","Ancient Tea Set","Molten Egg 2","Meat on the Bone","Lantern","Cursed Key","Bag of Preparation","Dream Catcher","Gremlin Horn","Pocketwatch","Lizard Tail","FossilizedHelix","Bird Faced Urn","Omamori"],"potions_floor_usage":[48],"damage_taken":[{"damage":0.0,"enemies":"Jaw Worm","floor":1.0,"turns":1.0},{"damage":0.0,"enemies":"2 Louse","floor":5.0,"turns":1.0},{"damage":0.0,"enemies":"Gremlin Nob","floor":6.0,"turns":1.0},{"damage":0.0,"enemies":"Lagavulin","floor":8.0,"turns":7.0},{"damage":0.0,"enemies":"Small Slimes","floor":13.0,"turns":3.0},{"damage":11.0,"enemies":"Gremlin Nob","floor":14.0,"turns":3.0},{"damage":29.0,"enemies":"Slime Boss","floor":16.0,"turns":10.0},{"damage":7.0,"enemies":"Chosen","floor":18.0,"turns":5.0},{"damage":15.0,"enemies":"Shell Parasite","floor":19.0,"turns":5.0},{"damage":17.0,"enemies":"Snake Plant","floor":21.0,"turns":3.0},{"damage":8.0,"enemies":"3 Cultists","floor":22.0,"turns":5.0},{"damage":21.0,"enemies":"Gremlin Leader","floor":24.0,"turns":6.0},{"damage":5.0,"enemies":"Snecko","floor":27.0,"turns":3.0},{"damage":0.0,"enemies":"Book of Stabbing","floor":31.0,"turns":2.0},{"damage":0.0,"enemies":"Champ","floor":33.0,"turns":9.0},{"damage":8.0,"enemies":"Orb Walker","floor":35.0,"turns":4.0},{"damage":29.0,"enemies":"3 Darklings","floor":37.0,"turns":5.0},{"damage":0.0,"enemies":"Spire Growth","floor":38.0,"turns":4.0},{"damage":12.0,"enemies":"Nemesis","floor":41.0,"turns":6.0},{"damage":0.0,"enemies":"4 Shapes","floor":42.0,"turns":7.0},{"damage":21.0,"enemies":"Reptomancer","floor":44.0,"turns":7.0},{"damage":26.0,"enemies":"3 Darklings","floor":45.0,"turns":4.0},{"damage":0.0,"enemies":"Maw","floor":47.0,"turns":8.0},{"damage":29,"enemies":"Jaw Worm Horde","floor":48,"turns":4},{"damage":28,"enemies":"Time Eater","floor":50,"turns":14}],"seed_played":"-143993810184707128","potions_obtained":[{"floor":1.0,"key":"SneckoOil"},{"floor":5.0,"key":"EssenceOfSteel"},{"floor":13.0,"key":"Dexterity Potion"},{"floor":16.0,"key":"PowerPotion"},{"floor":18.0,"key":"Block Potion"},{"floor":19.0,"key":"Block Potion"},{"floor":24.0,"key":"EssenceOfSteel"},{"floor":33.0,"key":"Energy Potion"},{"floor":37.0,"key":"Block Potion"},{"floor":38.0,"key":"Fire Potion"},{"floor":41.0,"key":"Strength Potion"},{"floor":48,"key":"FocusPotion"}],"is_trial":false,"path_per_floor":["M","?","?","$","M","E","R","E","T","R","$","?","M","E","R","B",null,"M","M","$","M","M","R","E","R","T","M","?","R","?","E","R","B",null,"M","$","M","M","?","R","E","M","T","E","M","R","M","M","R","B",null],"character_chosen":"DEFECT","items_purchased":["Defragment","FTL+1","Capacitor","Compile Driver+1","Bag of Preparation","Regen Potion"],"campfire_rested":3,"item_purchase_floors":[4,11,11,11,20,36],"current_hp_per_floor":[64,59,38,38,38,38,38,38,38,38,38,38,38,39,39,22,59,52,37,37,32,36,57,36,36,36,43,43,43,43,43,43,43,64,56,56,39,39,39,60,48,48,48,45,37,37,45,32,53,39],"gold":200,"neow_bonus":"THREE_ENEMY_KILL","is_prod":false,"is_daily":false,"chose_seed":false,"campfire_upgraded":7,"win_rate":0,"timestamp":1545859196,"path_taken":["M","?","?","$","M","E","R","E","T","R","$","?","M","E","R","BOSS","M","M","$","M","M","R","E","R","T","M","?","R","?","E","R","BOSS","M","$","M","M","?","R","E","M","T","E","M","R","M","M","R","BOSS"],"build_version":"2018-12-20","purchased_purges":1,"victory":true,"max_hp_per_floor":[71,71,71,71,71,71,71,71,71,71,71,71,71,71,71,71,71,71,71,71,71,71,71,71,71,71,71,71,71,71,71,71,71,71,71,71,71,71,71,71,71,71,71,71,71,71,71,71,71,71],"card_choices":[{"not_picked":["Lockon","Hologram"],"picked":"Cold Snap","floor":1.0},{"not_picked":["Heatsinks","Darkness"],"picked":"Leap","floor":5.0},{"not_picked":["Barrage","Hyperbeam"],"picked":"Conserve Battery","floor":6.0},{"not_picked":["Barrage","Stack"],"picked":"Compile Driver","floor":8.0},{"not_picked":["Rip and Tear+1","Gash+1"],"picked":"Go for the Eyes+1","floor":13.0},{"not_picked":["Coolheaded","Steam"],"picked":"Hologram","floor":14.0},{"not_picked":["Buffer","Machine Learning"],"picked":"Meteor Strike+1","floor":16.0},{"not_picked":["Go for the Eyes+1","Compile Driver+1"],"picked":"Stack+1","floor":18.0},{"not_picked":["Conserve Battery","Compile Driver+1"],"picked":"Tempest","floor":19.0},{"not_picked":["Static Discharge","Compile Driver+1"],"picked":"Stack","floor":21.0},{"not_picked":["Skim","Streamline+1"],"picked":"Ball Lightning+1","floor":22.0},{"not_picked":["Skim","Cold Snap+1"],"picked":"Conserve Battery+1","floor":24.0},{"not_picked":["Rebound+1","Doom and Gloom+1"],"picked":"Glacier","floor":27.0},{"not_picked":["Redo","Blizzard+1"],"picked":"Echo Form","floor":31.0},{"not_picked":["Hyperbeam+1","Meteor Strike+1"],"picked":"Thunder Strike+1","floor":33.0},{"not_picked":["Leap+1","Undo"],"picked":"Barrage+1","floor":35.0},{"not_picked":["Leap","Hologram+1"],"picked":"Stack+1","floor":37.0},{"not_picked":["Sweeping Beam+1","Sunder+1"],"picked":"Coolheaded","floor":38.0},{"not_picked":["Loop","Leap"],"picked":"Compile Driver+1","floor":40.0},{"not_picked":["Leap","Sweeping Beam+1","Aggregate"],"picked":"SKIP","floor":41.0},{"not_picked":["Steam Power","Barrage+1","Genetic Algorithm+1"],"picked":"SKIP","floor":42.0},{"not_picked":["Streamline+1","Sweeping Beam+1","Steam Power"],"picked":"SKIP","floor":44.0},{"not_picked":["Leap","Chill"],"picked":"Heatsinks","floor":45.0},{"not_picked":["Turbo","Redo+1"],"picked":"Glacier+1","floor":47.0},{"not_picked":["Stack","Reprogram"],"picked":"Echo Form","floor":48}],"player_experience":1613288,"relics_obtained":[{"floor":6.0,"key":"Ancient Tea Set"},{"floor":8.0,"key":"Molten Egg 2"},{"floor":9.0,"key":"Meat on the Bone"},{"floor":14.0,"key":"Lantern"},{"floor":24.0,"key":"Dream Catcher"},{"floor":26.0,"key":"Gremlin Horn"},{"floor":31.0,"key":"Pocketwatch"},{"floor":41.0,"key":"FossilizedHelix"},{"floor":43.0,"key":"Bird Faced Urn"},{"floor":44.0,"key":"Omamori"}],"event_choices":[{"damage_healed":0.0,"max_hp_gain":0.0,"max_hp_loss":0.0,"gold_gain":0.0,"event_name":"Scrap Ooze","player_choice":"Success","floor":2.0,"gold_loss":0.0,"damage_taken":5.0,"relics_obtained":["Boot"]},{"damage_healed":0.0,"max_hp_gain":0.0,"max_hp_loss":0.0,"gold_gain":0.0,"event_name":"Shining Light","player_choice":"Entered Light","floor":3.0,"gold_loss":0.0,"damage_taken":21.0,"cards_upgraded":["Strike_B","Strike_B"]},{"cards_removed":["Strike_B"],"damage_healed":0.0,"max_hp_gain":0.0,"max_hp_loss":0.0,"gold_gain":0.0,"event_name":"Living Wall","player_choice":"Forget","floor":12.0,"gold_loss":0.0,"damage_taken":0.0},{"damage_healed":0.0,"max_hp_gain":0.0,"max_hp_loss":0.0,"gold_gain":0.0,"event_name":"Back to Basics","player_choice":"Simplicity","floor":28.0,"gold_loss":0.0,"damage_taken":0.0,"cards_upgraded":["Strike_B","Defend_B","Defend_B","Defend_B","Defend_B"]},{"damage_healed":0.0,"max_hp_gain":0.0,"max_hp_loss":0.0,"gold_gain":0.0,"event_name":"Vampires","player_choice":"Ignored","floor":30.0,"gold_loss":0.0,"damage_taken":0.0},{"damage_healed":0.0,"max_hp_gain":0.0,"max_hp_loss":0.0,"gold_gain":0.0,"event_name":"Mysterious Sphere","player_choice":"Ignored","floor":39.0,"gold_loss":0.0,"damage_taken":0.0}],"is_beta":false,"boss_relics":[{"not_picked":["Philosopher\u0027s Stone","Fusion Hammer"],"picked":"Cursed Key"},{"not_picked":["Snecko Eye","Velvet Choker"],"picked":"Lizard Tail"}],"items_purged_floors":[36],"is_endless":false,"potions_floor_spawned":[1,5,13,16,18,19,22,24,33,37,38,41,47,48],"ascension_level":18}