{"path_per_floor":["M","$","?","?","T","E","R","E","T","M","E","R","E","M","R","B",null,"M","M","M","$","M","E","$","M","T","?","R","M","M","?","R","B",null,"M","?","M","M","$","E","M","R","T","M","R","?","R","M","R"],"character_chosen":"DEFECT","items_purchased":["Mind Blast","Bird Faced Urn","Magnetism+1","Pear"],"gold_per_floor":[114,18,18,118,118,152,152,215,264,274,309,309,337,347,347,450,450,465,483,493,28,39,67,67,82,105,105,105,123,138,138,138,240,270,282,282,299,316,61,92,103,103,103,118,118,0,0,13,13,13],"floor_reached":50,"campfire_rested":4,"playtime":2487,"item_purchase_floors":[2,21,21,39],"current_hp_per_floor":[75,75,75,75,75,75,75,75,75,75,55,55,45,46,68,68,75,70,75,60,60,64,28,28,25,25,25,47,54,75,59,75,62,80,80,80,74,63,73,62,61,88,88,59,59,59,59,79,79,0],"items_purged":[],"gold":13,"score":703,"play_id":"c4a27fc4-3174-46ee-bc94-a85b38108d79","local_time":"20180521100845","is_prod":false,"is_daily":false,"chose_seed":false,"is_ascension_mode":true,"campfire_upgraded":5,"timestamp":1526890125,"campfire_choices":[{"data":"Hello World","floor":7,"key":"SMITH"},{"data":"Zap","floor":12,"key":"SMITH"},{"floor":15,"key":"REST"},{"floor":28,"key":"REST"},{"floor":32,"key":"REST"},{"floor":42,"key":"REST"},{"data":"White Noise","floor":45,"key":"SMITH"},{"data":"Stack","floor":47,"key":"SMITH"},{"data":"Force Field","floor":49,"key":"SMITH"}],"path_taken":["M","$","?","?","?","E","R","E","T","M","E","R","E","M","R","BOSS","M","M","M","$","M","E","$","M","T","?","R","M","?","?","R","BOSS","M","?","M","M","$","E","?","R","T","M","R","?","R","?","R","BOSS"],"build_version":"2018-05-18","seed_source_timestamp":5266479158666,"purchased_purges":0,"victory":false,"master_deck":["Strike_B","Strike_B","Strike_B","Defend_B","Defend_B","Defend_B","Defend_B","Zap+1","Dualcast+1","Hello World+1","Mind Blast+1","Self Repair","Beam Cell","Capacitor","Static Discharge+1","Static Discharge+1","Hologram+1","Cold Snap","Electrodynamics+1","Conserve Battery+1","Stack","Capacitor+1","Magnetism+1","Heatsinks+1","Reinforced Body+1","BootSequence","Ball Lightning+1","Ball Lightning","Stack+1","Machine Learning+1","Ball Lightning","Go for the Eyes","White Noise+1","Force Field+1","Barrage+1","Creative AI+1","Hello World+1","Axe Kick"],"max_hp_per_floor":[75,75,75,75,75,75,75,75,75,75,75,75,75,75,75,75,75,75,75,75,75,75,75,75,75,75,75,75,75,75,75,75,75,80,80,80,80,80,90,90,90,90,90,90,90,90,90,90,90,90],"relics":["Cracked Core","NeowsBlessing","Cables","Bottled Flame","Tiny Chest","Dream Catcher","Vajra","Frozen Egg 2","Sozu","Bird Faced Urn","Happy Flower","War Paint","Tiny House","Pear","Symbiotic Virus","Pantograph","Red Mask"],"card_choices":[{"not_picked":["Skim","Loop"],"picked":"Hello World","floor":1},{"not_picked":["Glacier","Turbo"],"picked":"Self Repair","floor":6},{"not_picked":["Leap","Auto Shields"],"picked":"Beam Cell","floor":8},{"not_picked":["Rebound","Glacier"],"picked":"Capacitor","floor":10},{"not_picked":["Seek","Hologram"],"picked":"Static Discharge","floor":11},{"not_picked":["Barrage","Glacier"],"picked":"Static Discharge","floor":13},{"not_picked":["Axe Kick","Coolheaded"],"picked":"Hologram","floor":14},{"not_picked":["Sweeping Beam","Barrage"],"picked":"Cold Snap","floor":15},{"not_picked":["Thunder Strike","Hyperbeam"],"picked":"Electrodynamics+1","floor":16},{"not_picked":["Glacier","Undo"],"picked":"Conserve Battery+1","floor":18},{"not_picked":["Leap","Double Energy+1"],"picked":"Stack","floor":19},{"not_picked":["Go for the Eyes","Streamline"],"picked":"Capacitor+1","floor":20},{"not_picked":["Capacitor+1","Turbo+1"],"picked":"Heatsinks+1","floor":22},{"not_picked":["Chaos+1","Rainbow"],"picked":"Reinforced Body","floor":23},{"not_picked":["Rebound","Turbo"],"picked":"BootSequence","floor":25},{"not_picked":["Leap","Rebound"],"picked":"Ball Lightning+1","floor":28},{"not_picked":["Turbo+1","Glacier","Conserve Battery"],"picked":"SKIP","floor":29},{"not_picked":["Sweeping Beam","Rebound"],"picked":"Ball Lightning","floor":30},{"not_picked":["Redo","Chill"],"picked":"Stack","floor":32},{"not_picked":["Meteor Strike","Fission"],"picked":"Machine Learning+1","floor":33},{"not_picked":["Go for the Eyes","Beam Cell"],"picked":"Ball Lightning","floor":34},{"not_picked":["Undo+1","Fusion"],"picked":"Go for the Eyes","floor":35},{"not_picked":["Beam Cell+1","Fusion"],"picked":"White Noise","floor":37},{"not_picked":["Barrage","Leap"],"picked":"Force Field","floor":38},{"not_picked":["Rebound","Sweeping Beam"],"picked":"Barrage+1","floor":40},{"not_picked":["Beam Cell+1","Barrage+1"],"picked":"Creative AI+1","floor":41},{"not_picked":["Cold Snap+1","Skim+1"],"picked":"Hello World+1","floor":44},{"not_picked":["Leap","Coolheaded+1"],"picked":"Axe Kick","floor":48}],"player_experience":124980,"potions_floor_usage":[13,13,25],"damage_taken":[{"damage":0,"enemies":"2 Louse","floor":1,"turns":1},{"damage":0,"enemies":"3 Sentries","floor":6,"turns":1},{"damage":0,"enemies":"Lagavulin","floor":8,"turns":1},{"damage":0,"enemies":"Cultist","floor":10,"turns":3},{"damage":27,"enemies":"Gremlin Nob","floor":11,"turns":4},{"damage":17,"enemies":"3 Sentries","floor":13,"turns":5},{"damage":6,"enemies":"Jaw Worm","floor":14,"turns":2},{"damage":0,"enemies":"Slime Boss","floor":16,"turns":7},{"damage":5,"enemies":"3 Byrds","floor":18,"turns":1},{"damage":0,"enemies":"Chosen","floor":19,"turns":4},{"damage":15,"enemies":"Sentry and Sphere","floor":20,"turns":3},{"damage":8,"enemies":"Snecko","floor":22,"turns":4},{"damage":50,"enemies":"Gremlin Leader","floor":23,"turns":5},{"damage":24,"enemies":"Snake Plant","floor":25,"turns":4},{"damage":16,"enemies":"3 Cultists","floor":29,"turns":4},{"damage":0,"enemies":"Cultist and Chosen","floor":30,"turns":5},{"damage":25,"enemies":"Collector","floor":33,"turns":7},{"damage":0,"enemies":"Orb Walker","floor":35,"turns":3},{"damage":12,"enemies":"Flame Bruiser 1 Orb","floor":37,"turns":5},{"damage":30,"enemies":"Sphere and 2 Shapes","floor":38,"turns":3},{"damage":36,"enemies":"2 Orb Walkers","floor":40,"turns":5},{"damage":26,"enemies":"Spire Growth","floor":41,"turns":5},{"damage":31,"enemies":"Flame Bruiser 2 Orb","floor":44,"turns":4},{"damage":2,"enemies":"3 Darklings","floor":48,"turns":4},{"damage":104,"enemies":"Awakened One","floor":50,"turns":10}],"relics_obtained":[{"floor":5,"key":"Cables"},{"floor":6,"key":"Bottled Flame"},{"floor":8,"key":"Tiny Chest"},{"floor":9,"key":"Dream Catcher"},{"floor":11,"key":"Vajra"},{"floor":13,"key":"Frozen Egg 2"},{"floor":23,"key":"Happy Flower"},{"floor":26,"key":"War Paint"},{"floor":40,"key":"Symbiotic Virus"},{"floor":43,"key":"Pantograph"}],"event_choices":[{"event_name":"Upgrade Shrine","player_choice":"Upgraded","floor":3,"damage_taken":0},{"event_name":"Golden Shrine","player_choice":"Pray","floor":4,"damage_taken":0},{"event_name":"Upgrade Shrine","player_choice":"Upgraded","floor":27,"damage_taken":0},{"event_name":"Cursed Tome","player_choice":"Obtained Book","floor":31,"damage_taken":0},{"event_name":"Tomb of Lord Red Mask","player_choice":"Paid","floor":46,"damage_taken":0}],"boss_relics":[{"not_picked":["White Beast Statue","Cursed Key"],"picked":"Sozu"},{"not_picked":["Snecko Eye","Philosopher\u0027s Stone"],"picked":"Tiny House"}],"items_purged_floors":[],"potions_floor_spawned":[1,6,10,13,20,23,33,38,40,41,48],"seed_played":"6376723034242214470","killed_by":"Awakened One","ascension_level":1,"potions_obtained":[{"floor":1,"key":"Strength Potion"},{"floor":6,"key":"SkillPotion"},{"floor":10,"key":"Block Potion"},{"floor":13,"key":"SneckoOil"}],"is_trial":false}