{"gold_per_floor":[111,111,129,204,223,223,240,275,359,359,400,575,618,643,643,773,773,792,792,792,146,163,163,189,189,241,241,253,253,10,10,10,106,106,119,0,0,100,113,13,13,30,30,63,63,78,78,90,90,90,90,90,8,43,43],"floor_reached":55,"playtime":4737,"items_purged":["Doubt","Strike_B"],"score":833,"play_id":"d6075f6f-8568-4925-8340-e9aa8341b994","local_time":"20190207132413","is_ascension_mode":true,"campfire_choices":[{"data":"Defragment","floor":6,"key":"SMITH"},{"floor":15,"key":"REST"},{"floor":23,"key":"RECALL"},{"data":"Hologram","floor":25,"key":"SMITH"},{"data":"Defragment","floor":27,"key":"SMITH"},{"data":"Reprogram","floor":29,"key":"SMITH"},{"floor":32,"key":"REST"},{"data":"Apotheosis","floor":41,"key":"SMITH"},{"floor":47,"key":"REST"},{"data":"1","floor":49,"key":"LIFT"},{"data":"2","floor":52,"key":"LIFT"}],"neow_cost":"NONE","seed_source_timestamp":516668145266642,"circlet_count":0,"master_deck":["Strike_B","Strike_B","Defend_B","Defend_B","Defend_B","Defend_B","Zap","Dualcast+1","BootSequence","Conserve Battery","Defragment+1","Redo","Ball Lightning","Glacier+1","Injury","Cold Snap","Reprogram+1","Darkness","Thunder Strike","Hologram+1","Doom and Gloom","Coolheaded","Defragment+1","Sweeping Beam","Blizzard","Apotheosis+1","Static Discharge","Necronomicurse","Electrodynamics","Self Repair+1","Writhe","Capacitor+1","Defragment+1","Fission","Hologram+1","Loop","FTL"],"relics":["FrozenCore","Pantograph","StoneCalendar","Tiny Chest","Bloody Idol","Ornamental Fan","Vajra","Potion Belt","Letter Opener","Cables","War Paint","Necronomicon","Sozu","Red Mask","Girya","Bottled Tornado","Ancient Tea Set","Pen Nib"],"potions_floor_usage":[44,44,50],"damage_taken":[{"damage":0,"enemies":"Jaw Worm","floor":1,"turns":3},{"damage":0,"enemies":"Cultist","floor":3,"turns":4},{"damage":0,"enemies":"Small Slimes","floor":5,"turns":3},{"damage":5,"enemies":"Looter","floor":7,"turns":3},{"damage":30,"enemies":"Gremlin Nob","floor":8,"turns":4},{"damage":1,"enemies":"Lagavulin","floor":11,"turns":7},{"damage":20,"enemies":"Gremlin Nob","floor":13,"turns":6},{"damage":10,"enemies":"2 Fungi Beasts","floor":14,"turns":3},{"damage":19,"enemies":"The Guardian","floor":16,"turns":10},{"damage":8,"enemies":"Spheric Guardian","floor":18,"turns":5},{"damage":20,"enemies":"2 Thieves","floor":22,"turns":4},{"damage":22,"enemies":"Book of Stabbing","floor":24,"turns":7},{"damage":0,"enemies":"Snake Plant","floor":28,"turns":6},{"damage":5,"enemies":"Champ","floor":33,"turns":9},{"damage":22,"enemies":"3 Shapes","floor":35,"turns":4},{"damage":0,"enemies":"Mind Bloom Boss Battle","floor":38,"turns":5},{"damage":4,"enemies":"Orb Walker","floor":39,"turns":4},{"damage":6,"enemies":"Jaw Worm Horde","floor":42,"turns":5},{"damage":65,"enemies":"Reptomancer","floor":44,"turns":7},{"damage":12,"enemies":"3 Darklings","floor":46,"turns":4},{"damage":2,"enemies":"4 Shapes","floor":48,"turns":3},{"damage":24,"enemies":"Donu and Deca","floor":50,"turns":8},{"damage":74,"enemies":"Shield and Spear","floor":54,"turns":6},{"damage":61,"enemies":"The Heart","floor":55,"turns":3}],"seed_played":"-1704049778478767518","potions_obtained":[{"floor":1,"key":"Weak Potion"},{"floor":5,"key":"FearPotion"},{"floor":7,"key":"PowerPotion"},{"floor":8,"key":"Dexterity Potion"},{"floor":28,"key":"Swift Potion"}],"is_trial":false,"path_per_floor":["M","?","M","T","M","R","M","E","T","?","E","?","E","M","R","B",null,"M","?","T","$","M","R","E","R","T","R","M","R","$","?","R","B",null,"M","?","?","?","M","$","R","M","T","E","?","M","R","M","R","B",null,"R","$","E","B"],"character_chosen":"DEFECT","items_purchased":["Doom and Gloom","Coolheaded","Blizzard","Potion Belt","Letter Opener","Apotheosis","Static Discharge","Loop"],"campfire_rested":3,"item_purchase_floors":[21,21,21,21,21,30,30,53],"current_hp_per_floor":[75,75,75,75,75,75,70,40,40,40,39,39,19,9,31,37,75,67,67,67,67,57,57,40,40,45,45,50,50,50,34,56,75,75,58,58,75,75,75,75,75,75,75,25,25,28,50,63,63,61,75,75,75,16,0],"gold":43,"neow_bonus":"TRANSFORM_CARD","is_prod":false,"is_daily":false,"chose_seed":false,"campfire_upgraded":5,"win_rate":0,"timestamp":1549542253,"path_taken":["M","?","M","?","?","R","M","E","T","?","E","?","E","M","R","BOSS","M","?","?","$","M","R","E","R","T","R","M","R","$","?","R","BOSS","M","?","?","?","M","$","R","M","T","E","?","?","R","M","R","BOSS","R","$","E","BOSS"],"build_version":"2019-01-23","purchased_purges":2,"victory":false,"max_hp_per_floor":[75,75,75,75,75,75,75,75,75,75,75,75,75,75,75,75,75,75,75,75,75,75,75,75,75,75,75,75,75,75,75,75,75,75,75,75,75,75,75,75,75,75,75,75,75,75,75,75,75,75,75,75,75,75,75],"card_choices":[{"not_picked":["Blizzard","Steam"],"picked":"Conserve Battery","floor":1},{"not_picked":["Scrape","Recycle"],"picked":"Defragment","floor":3},{"not_picked":["Gash","Conserve Battery"],"picked":"Redo","floor":5},{"not_picked":["Melter","Gash"],"picked":"Ball Lightning","floor":7},{"not_picked":["Redo","Sweeping Beam"],"picked":"Glacier","floor":8},{"not_picked":["Double Energy","Recycle"],"picked":"Cold Snap","floor":11},{"not_picked":["Melter","Force Field"],"picked":"Reprogram","floor":13},{"not_picked":["Coolheaded","Go for the Eyes"],"picked":"Darkness","floor":14},{"not_picked":["Meteor Strike","Amplify"],"picked":"Thunder Strike","floor":16},{"not_picked":["FTL","Heatsinks"],"picked":"Hologram","floor":18},{"not_picked":["Self Repair","Compile Driver+1"],"picked":"Defragment","floor":22},{"not_picked":["Double Energy+1","Turbo"],"picked":"Sweeping Beam","floor":24},{"not_picked":["Stack","Meteor Strike"],"picked":"Blizzard","floor":28},{"not_picked":["Biased Cognition","All For One"],"picked":"Electrodynamics","floor":33},{"not_picked":["Go for the Eyes+1","Beam Cell+1"],"picked":"Self Repair+1","floor":35},{"not_picked":["Reprogram+1","Streamline"],"picked":"Capacitor+1","floor":38},{"not_picked":["Rebound+1","Turbo+1"],"picked":"Defragment+1","floor":39},{"not_picked":["Redo","Cold Snap"],"picked":"Fission","floor":42},{"not_picked":["Darkness","BootSequence","Tempest"],"picked":"SKIP","floor":44},{"not_picked":["Sweeping Beam","Static Discharge+1","Compile Driver+1"],"picked":"SKIP","floor":46},{"not_picked":["Conserve Battery","Aggregate"],"picked":"Hologram+1","floor":48},{"not_picked":["Turbo","Go for the Eyes"],"picked":"FTL","floor":54}],"player_experience":587176,"relics_obtained":[{"floor":4,"key":"Pantograph"},{"floor":8,"key":"StoneCalendar"},{"floor":9,"key":"Tiny Chest"},{"floor":11,"key":"Ornamental Fan"},{"floor":13,"key":"Vajra"},{"floor":24,"key":"Cables"},{"floor":26,"key":"War Paint"},{"floor":31,"key":"Necronomicon"},{"floor":38,"key":"Girya"},{"floor":43,"key":"Bottled Tornado"},{"floor":44,"key":"Ancient Tea Set"},{"floor":54,"key":"Pen Nib"}],"event_choices":[{"damage_healed":0,"gold_gain":0,"player_choice":"Ignored","damage_taken":0,"max_hp_gain":0,"max_hp_loss":0,"event_name":"Golden Wing","floor":2,"gold_loss":0},{"damage_healed":0,"gold_gain":0,"player_choice":"Take Wound","damage_taken":0,"relics_obtained":["Golden Idol"],"max_hp_gain":0,"max_hp_loss":0,"event_name":"Golden Idol","floor":10,"gold_loss":0,"cards_obtained":["Injury"]},{"damage_healed":0,"gold_gain":175,"player_choice":"AGREE","damage_taken":0,"max_hp_gain":0,"max_hp_loss":0,"event_name":"Liars Game","floor":12,"gold_loss":0,"cards_obtained":["Doubt"]},{"damage_healed":0,"gold_gain":0,"player_choice":"Gave Idol","damage_taken":0,"relics_obtained":["Bloody Idol"],"max_hp_gain":0,"max_hp_loss":0,"event_name":"Forgotten Altar","floor":19,"relics_lost":["Golden Idol"],"gold_loss":0},{"damage_healed":0,"gold_gain":0,"player_choice":"Obtained Book","damage_taken":16,"max_hp_gain":0,"max_hp_loss":0,"event_name":"Cursed Tome","floor":31,"gold_loss":0},{"damage_healed":0,"gold_gain":0,"player_choice":"Paid","damage_taken":0,"relics_obtained":["Red Mask"],"max_hp_gain":0,"max_hp_loss":0,"event_name":"Tomb of Lord Red Mask","floor":36,"gold_loss":119},{"damage_healed":19,"gold_gain":0,"player_choice":"Writhe","damage_taken":0,"max_hp_gain":0,"max_hp_loss":0,"event_name":"Winding Halls","floor":37,"gold_loss":0,"cards_obtained":["Writhe"]},{"damage_healed":0,"gold_gain":0,"player_choice":"Fight","damage_taken":0,"max_hp_gain":0,"max_hp_loss":0,"event_name":"MindBloom","floor":38,"gold_loss":0},{"cards_removed":["Blizzard"],"damage_healed":0,"gold_gain":0,"player_choice":"Removed Attack","damage_taken":0,"max_hp_gain":0,"max_hp_loss":0,"event_name":"Falling","floor":45,"gold_loss":0}],"is_beta":false,"boss_relics":[{"not_picked":["Fusion Hammer","Snecko Eye"],"picked":"FrozenCore"},{"not_picked":["Runic Dome","Coffee Dripper"],"picked":"Sozu"}],"items_purged_floors":[21,40],"is_endless":false,"potions_floor_spawned":[1,5,7,8,18,28,38,42,46],"killed_by":"The Heart","ascension_level":3}