{"gold_per_floor":[119,119,138,138,159,200,200,216,216,216,216,235,235,278,278,397,397,413,432,432,471,471],"floor_reached":22,"playtime":1626,"items_purged":[],"score":262,"play_id":"1bdfd7f9-124b-4d71-b86d-04a765e1bf43","local_time":"20181228235259","is_ascension_mode":true,"campfire_choices":[{"floor":11,"key":"REST"},{"data":"Armaments","floor":13,"key":"SMITH"},{"data":"Body Slam","floor":15,"key":"SMITH"}],"neow_cost":"NONE","seed_source_timestamp":666784898413521,"circlet_count":0,"master_deck":["Strike_R","Strike_R","Strike_R","Defend_R+1","Defend_R+1","Defend_R","Defend_R","Bash","Headbutt","Flex","Armaments+1","Impervious","Body Slam+1","Shrug It Off","Immolate","Headbutt","Immolate","Hemokinesis","Evolve"],"relics":["Burning Blood","Golden Idol","Anchor","Kunai","Nunchaku","Black Star","Red Mask"],"potions_floor_usage":[16,19],"damage_taken":[{"damage":0,"enemies":"Small Slimes","floor":1,"turns":3},{"damage":0,"enemies":"2 Louse","floor":3,"turns":3},{"damage":6,"enemies":"Cultist","floor":5,"turns":3},{"damage":32,"enemies":"Gremlin Nob","floor":6,"turns":4},{"damage":0,"enemies":"Looter","floor":8,"turns":2},{"damage":3,"enemies":"Blue Slaver","floor":12,"turns":5},{"damage":5,"enemies":"3 Sentries","floor":14,"turns":4},{"damage":47,"enemies":"Hexaghost","floor":16,"turns":11},{"damage":14,"enemies":"2 Thieves","floor":18,"turns":3},{"damage":18,"enemies":"Shell Parasite","floor":19,"turns":5},{"damage":37,"enemies":"Masked Bandits","floor":21,"turns":6},{"damage":17,"enemies":"Colosseum Slavers","floor":22,"turns":2}],"seed_played":"655161125792574172","potions_obtained":[{"floor":1,"key":"Strength Potion"},{"floor":5,"key":"BloodPotion"},{"floor":16,"key":"Poison Potion"},{"floor":18,"key":"Strength Potion"},{"floor":19,"key":"Fire Potion"}],"is_trial":false,"path_per_floor":["M","?","M","?","M","E","?","M","T","?","R","M","R","E","R","B",null,"M","M","?","?","?"],"character_chosen":"IRONCLAD","items_purchased":[],"campfire_rested":1,"item_purchase_floors":[],"current_hp_per_floor":[78,78,80,60,60,34,34,40,40,24,48,51,51,52,52,19,65,57,45,45,14,0],"gold":471,"neow_bonus":"TRANSFORM_CARD","is_prod":false,"is_daily":false,"chose_seed":false,"campfire_upgraded":2,"win_rate":0,"timestamp":1546062779,"path_taken":["M","?","M","?","M","E","?","?","T","?","R","M","R","E","R","BOSS","M","M","?","?","?"],"build_version":"2018-12-20","purchased_purges":0,"victory":false,"max_hp_per_floor":[80,80,80,80,80,80,80,80,80,80,80,80,80,80,80,80,80,80,80,80,80,80],"card_choices":[{"not_picked":["Intimidate","Pommel Strike"],"picked":"Flex","floor":1},{"not_picked":["Pommel Strike","True Grit"],"picked":"Armaments","floor":3},{"not_picked":["Sword Boomerang","Cleave"],"picked":"Impervious","floor":5},{"not_picked":["Cleave","Warcry"],"picked":"Body Slam","floor":6},{"not_picked":["Pommel Strike","Second Wind"],"picked":"Shrug It Off","floor":8},{"not_picked":["Headbutt","Pommel Strike"],"picked":"Immolate","floor":12},{"not_picked":["Armaments","Reckless Charge"],"picked":"Headbutt","floor":14},{"not_picked":["Exhume","Berserk"],"picked":"Immolate","floor":16},{"not_picked":["Sentinel","Heavy Blade"],"picked":"Hemokinesis","floor":18},{"not_picked":["Infernal Blade","Perfected Strike","Fire Breathing"],"picked":"SKIP","floor":19}],"player_experience":322611,"relics_obtained":[{"floor":6,"key":"Anchor"},{"floor":9,"key":"Kunai"},{"floor":14,"key":"Nunchaku"},{"floor":21,"key":"Red Mask"}],"event_choices":[{"damage_healed":0,"gold_gain":0,"player_choice":"Ignored","damage_taken":0,"max_hp_gain":0,"max_hp_loss":0,"event_name":"Liars Game","floor":2,"gold_loss":0},{"damage_healed":0,"gold_gain":0,"player_choice":"Take Damage","damage_taken":20,"relics_obtained":["Golden Idol"],"max_hp_gain":0,"max_hp_loss":0,"event_name":"Golden Idol","floor":4,"gold_loss":0},{"cards_removed":["Strike_R"],"damage_healed":0,"gold_gain":0,"player_choice":"Offered Basic","damage_taken":0,"max_hp_gain":0,"max_hp_loss":0,"event_name":"Bonfire Elementals","floor":7,"gold_loss":0},{"damage_healed":0,"gold_gain":0,"player_choice":"Entered Light","damage_taken":16,"max_hp_gain":0,"max_hp_loss":0,"event_name":"Shining Light","floor":10,"gold_loss":0,"cards_upgraded":["Defend_R","Defend_R"]},{"damage_healed":0,"gold_gain":0,"player_choice":"Read","damage_taken":0,"max_hp_gain":0,"max_hp_loss":0,"event_name":"The Library","floor":20,"gold_loss":0,"cards_obtained":["Evolve"]},{"damage_healed":0,"gold_gain":0,"player_choice":"Fought Bandits","damage_taken":0,"max_hp_gain":0,"max_hp_loss":0,"event_name":"Masked Bandits","floor":21,"gold_loss":0},{"damage_healed":0,"gold_gain":0,"player_choice":"Fight","damage_taken":0,"max_hp_gain":0,"max_hp_loss":0,"event_name":"Colosseum","floor":22,"gold_loss":0}],"is_beta":false,"boss_relics":[{"not_picked":["Coffee Dripper","Philosopher\u0027s Stone"],"picked":"Black Star"}],"items_purged_floors":[],"is_endless":false,"potions_floor_spawned":[1,5,16,18,19],"killed_by":"Colosseum Slavers","ascension_level":7}