{"path_per_floor":["M","M","$","M","M","R","E","?","T","R","M","T","M","M","R","B",null,"M","?","$","M","M","E","?","R","T","M","R","?","M","M","R"],"character_chosen":"IRONCLAD","items_purchased":["Toy Ornithopter"],"gold_per_floor":[114,129,129,144,159,159,189,264,314,314,329,329,344,359,359,459,459,474,474,274,289,304,334,249,249,324,339,339,339,354,369,369,369],"floor_reached":33,"campfire_rested":5,"playtime":1129,"current_hp_per_floor":[80,80,80,80,80,80,46,35,35,59,67,77,85,90,90,68,90,62,62,62,59,41,17,17,44,44,53,80,90,83,58,85,0],"items_purged":[],"gold":369,"score":349,"play_id":"9e31c747-b335-4858-a31b-f91380f442e0","local_time":"20180404232241","daily_mods":["Shiny","Uncertain Future","Hoarder"],"is_prod":false,"is_daily":true,"is_ascension_mode":false,"campfire_upgraded":1,"timestamp":1522902161,"path_taken":["M","M","$","M","M","R","E","?","T","R","M","?","?","M","R","BOSS","M","?","$","M","M","E","?","R","T","M","R","?","M","M","R","BOSS"],"build_version":"2018-03-29v2","purchased_purges":0,"victory":false,"master_deck":["Strike_R","Strike_R","Strike_R","Strike_R","Defend_R","Defend_R","Defend_R","Defend_R","Bash","Impervious","Impervious","Impervious","Body Slam+1","Body Slam","Body Slam","Body Slam","Body Slam","Body Slam","Flex","Flex","Flex","Seeing Red","Seeing Red","Seeing Red","Spot Weakness","Spot Weakness","Spot Weakness","Perfected Strike","Perfected Strike","Perfected Strike","Rampage","Rampage","Rampage","Brutality","Brutality","Brutality","Inflame","Inflame","Inflame","Offering","Offering","Offering","Flex","Flex","Flex","Intimidate","Intimidate","Intimidate","Body Slam","Body Slam","Body Slam","Shrug It Off+1","Shrug It Off+1","Shrug It Off+1","Heavy Blade","Heavy Blade","Heavy Blade","Inflame","Inflame","Inflame"],"max_hp_per_floor":[80,80,80,80,80,80,80,80,80,80,80,90,90,90,90,90,90,90,90,90,90,90,90,90,90,90,90,90,90,90,90,90,90],"relics":["Burning Blood","Blood Vial","Prayer Wheel","Pear","Black Star","Toy Ornithopter","Centennial Puzzle","Meat on the Bone","Vajra","Ornamental Fan"],"card_choices":[{"not_picked":["Headbutt","Sword Boomerang"],"picked":"Body Slam","floor":1},{"not_picked":["Anger","Blood for Blood"],"picked":"Body Slam","floor":2},{"not_picked":["Bloodletting","Hemokinesis"],"picked":"Flex","floor":4},{"not_picked":["Twin Strike","Whirlwind"],"picked":"Seeing Red","floor":5},{"not_picked":["True Grit","Blood for Blood"],"picked":"Spot Weakness","floor":7},{"not_picked":["Corruption","Flex"],"picked":"Perfected Strike","floor":11},{"not_picked":["Iron Wave","Cleave"],"picked":"Rampage","floor":12},{"not_picked":["Shrug It Off","Shockwave"],"picked":"Brutality","floor":13},{"not_picked":["Clash","Dropkick"],"picked":"Inflame","floor":14},{"not_picked":["Double Tap","Bludgeon"],"picked":"Offering","floor":16},{"not_picked":["Clash","Dropkick"],"picked":"Flex","floor":18},{"not_picked":["Shrug It Off","Havoc"],"picked":"Body Slam","floor":21},{"not_picked":["Clothesline","Blood for Blood"],"picked":"Shrug It Off","floor":23},{"not_picked":["Sword Boomerang","Disarm"],"picked":"Heavy Blade","floor":27},{"not_picked":["Rage","Perfected Strike"],"picked":"Inflame","floor":31}],"player_experience":128770,"potions_floor_usage":[7,23,23,27,30],"damage_taken":[{"damage":4,"enemies":"Small Slimes","floor":1,"turns":3},{"damage":1,"enemies":"Jaw Worm","floor":2,"turns":4},{"damage":0,"enemies":"Cultist","floor":4,"turns":3},{"damage":0,"enemies":"2 Fungi Beasts","floor":5,"turns":2},{"damage":40,"enemies":"Gremlin Nob","floor":7,"turns":5},{"damage":0,"enemies":"Red Slaver","floor":11,"turns":1},{"damage":0,"enemies":"Looter","floor":13,"turns":1},{"damage":0,"enemies":"Exordium Wildlife","floor":14,"turns":2},{"damage":28,"enemies":"Slime Boss","floor":16,"turns":8},{"damage":34,"enemies":"3 Byrds","floor":18,"turns":5},{"damage":11,"enemies":"Spheric Guardian","floor":21,"turns":5},{"damage":26,"enemies":"Centurion and Healer","floor":22,"turns":6},{"damage":38,"enemies":"Book of Stabbing","floor":23,"turns":5},{"damage":26,"enemies":"Chosen and Byrds","floor":27,"turns":5},{"damage":16,"enemies":"Sentry and Sphere","floor":30,"turns":3},{"damage":33,"enemies":"Centurion and Healer","floor":31,"turns":4},{"damage":98,"enemies":"Automaton","floor":33,"turns":6}],"event_choices":[{"event_name":"World of Goop","player_choice":"Gather Gold","floor":8,"damage_taken":0},{"event_name":"Transmorgrifier","player_choice":"Transform","floor":19,"damage_taken":0},{"event_name":"Addict","player_choice":"Obtained Relic","floor":24,"damage_taken":0},{"event_name":"The Library","player_choice":"Heal","floor":29,"damage_taken":0}],"boss_relics":[{"not_picked":["Pandora\u0027s Box","Orrery"],"picked":"Black Star"}],"potions_floor_spawned":[2,5,11,21,22,23],"seed_played":"8108366420616761063","killed_by":"Automaton","ascension_level":0,"is_trial":false}