{"gold_per_floor":[114,134,134,149,149,183,183,183,183,183,200,214,270,290,290,392,392,404,424,329,345,40,40,69,0,0,35,61,90,90,106,106,204,204,219,42,42,42,57,57],"floor_reached":40,"playtime":1857,"items_purged":[],"score":630,"play_id":"fe5d99f7-e0b2-4874-92c5-fb843d202bfc","local_time":"20180823222525","is_ascension_mode":true,"campfire_choices":[{"data":"Barricade","floor":7,"key":"SMITH"},{"data":"Flex","floor":10,"key":"SMITH"},{"data":"Entrench","floor":15,"key":"SMITH"},{"floor":23,"key":"REST"},{"floor":32,"key":"REST"}],"neow_cost":"NONE","seed_source_timestamp":2043635689747,"circlet_count":0,"master_deck":["Strike_R","Strike_R","Defend_R","Defend_R","Defend_R","Bash","Flex+1","Carnage","Whirlwind+1","Barricade+1","Inflame","Entrench+1","Feed","Spot Weakness+1","Armaments","Rampage","Body Slam","Offering+1","Metallicize","Impervious","Shrug It Off+1","Ghostly Armor","Writhe","Shrug It Off+1","Regret","Iron Wave+1","Impervious","Reaper+1","Shrug It Off+1","Shrug It Off","Shrug It Off","Madness","Madness","Dual Wield+1"],"relics":["Burning Blood","Mercury Hourglass","Bottled Lightning","Tiny Chest","Cursed Key","Juzu Bracelet","Pear","Anchor","Pen Nib","Vajra","MutagenicStrength","Astrolabe","War Paint"],"potions_floor_usage":[1,1,2,12,14,24,33,39],"damage_taken":[{"damage":5,"enemies":"Jaw Worm","floor":1,"turns":3},{"damage":0,"enemies":"Small Slimes","floor":2,"turns":2},{"damage":1,"enemies":"Cultist","floor":4,"turns":3},{"damage":15,"enemies":"3 Sentries","floor":6,"turns":4},{"damage":0,"enemies":"2 Fungi Beasts","floor":11,"turns":1},{"damage":0,"enemies":"Large Slime","floor":12,"turns":2},{"damage":30,"enemies":"Lagavulin","floor":13,"turns":7},{"damage":8,"enemies":"3 Louse","floor":14,"turns":2},{"damage":43,"enemies":"The Guardian","floor":16,"turns":16},{"damage":11,"enemies":"Spheric Guardian","floor":18,"turns":4},{"damage":28,"enemies":"2 Thieves","floor":19,"turns":3},{"damage":17,"enemies":"Sentry and Sphere","floor":21,"turns":4},{"damage":9,"enemies":"Gremlin Leader","floor":24,"turns":7},{"damage":54,"enemies":"Book of Stabbing","floor":27,"turns":7},{"damage":10,"enemies":"Gremlin Leader","floor":29,"turns":7},{"damage":9,"enemies":"Centurion and Healer","floor":31,"turns":6},{"damage":26,"enemies":"Automaton","floor":33,"turns":12},{"damage":0,"enemies":"Orb Walker","floor":35,"turns":1},{"damage":13,"enemies":"3 Darklings","floor":39,"turns":8},{"damage":109,"enemies":"Giant Head","floor":40,"turns":11}],"seed_played":"8693014422443114503","potions_obtained":[{"floor":0,"key":"Explosive Potion"},{"floor":0,"key":"SpeedPotion"},{"floor":0,"key":"Weak Potion"},{"floor":6,"key":"Strength Potion"},{"floor":11,"key":"SmokeBomb"},{"floor":13,"key":"Poison Potion"},{"floor":21,"key":"EssenceOfSteel"},{"floor":24,"key":"FearPotion"},{"floor":27,"key":"Energy Potion"}],"is_trial":false,"path_per_floor":["M","M","?","M","?","E","R","?","T","R","M","M","E","M","R","B",null,"M","M","$","M","$","R","E","$","T","E","T","E","?","M","R","B",null,"M","$","?","?","M"],"character_chosen":"IRONCLAD","items_purchased":["Armaments","Rampage","Offering","Metallicize","Impervious","Ghostly Armor","War Paint","Shrug It Off"],"campfire_rested":2,"item_purchase_floors":[20,20,22,22,22,25,36,36],"current_hp_per_floor":[80,80,85,85,85,76,76,76,76,76,82,85,61,59,59,22,85,83,64,64,56,56,84,81,81,91,43,43,39,39,39,71,51,107,107,107,94,94,107,0],"gold":57,"neow_bonus":"THREE_SMALL_POTIONS","is_prod":false,"is_daily":false,"chose_seed":false,"campfire_upgraded":3,"win_rate":0,"timestamp":1535055925,"path_taken":["M","M","?","?","?","E","R","?","T","R","M","M","E","M","R","BOSS","M","M","$","M","$","R","E","$","T","E","?","E","?","M","R","BOSS","M","$","?","?","M","E"],"build_version":"2018-08-23","purchased_purges":0,"victory":false,"max_hp_per_floor":[80,80,85,85,85,85,85,85,85,85,85,85,85,85,85,85,85,88,91,91,94,94,94,94,94,104,104,104,104,104,107,107,107,107,107,107,107,107,107,107],"card_choices":[{"not_picked":["Heavy Blade","Twin Strike"],"picked":"Flex","floor":1},{"not_picked":["Clothesline","Heavy Blade"],"picked":"Carnage","floor":2},{"not_picked":["True Grit","Whirlwind","Rampage"],"picked":"SKIP","floor":4},{"not_picked":["True Grit","Rampage"],"picked":"Whirlwind","floor":4},{"not_picked":["Perfected Strike","Seeing Red"],"picked":"Barricade","floor":6},{"not_picked":["Heavy Blade","Reckless Charge","True Grit"],"picked":"SKIP","floor":11},{"not_picked":["Warcry","Corruption"],"picked":"Inflame","floor":12},{"not_picked":["Reckless Charge","Hemokinesis","Flame Barrier"],"picked":"SKIP","floor":13},{"not_picked":["Headbutt","Clash"],"picked":"Entrench","floor":14},{"not_picked":["Brutality","Demon Form"],"picked":"Feed","floor":16},{"not_picked":["Havoc","Perfected Strike"],"picked":"Spot Weakness","floor":18},{"not_picked":["Twin Strike","Power Through","Seeing Red"],"picked":"SKIP","floor":19},{"not_picked":["Warcry+1","Clash"],"picked":"Body Slam","floor":21},{"not_picked":["Anger","Havoc+1"],"picked":"Shrug It Off+1","floor":24},{"not_picked":["Twin Strike+1","Demon Form"],"picked":"Shrug It Off+1","floor":27},{"not_picked":["Sever Soul+1","Uppercut+1","Carnage"],"picked":"SKIP","floor":29},{"not_picked":["Fire Breathing","Clash"],"picked":"Iron Wave+1","floor":31},{"not_picked":["Fiend Fire","Demon Form"],"picked":"Impervious","floor":33},{"not_picked":["Power Through+1","Cleave+1"],"picked":"Shrug It Off","floor":35},{"not_picked":["Uppercut+1","Clothesline"],"picked":"Dual Wield+1","floor":39}],"player_experience":40187,"relics_obtained":[{"floor":6,"key":"Mercury Hourglass"},{"floor":9,"key":"Bottled Lightning"},{"floor":13,"key":"Tiny Chest"},{"floor":24,"key":"Juzu Bracelet"},{"floor":26,"key":"Pear"},{"floor":27,"key":"Anchor"},{"floor":28,"key":"Pen Nib"},{"floor":29,"key":"Vajra"}],"event_choices":[{"event_name":"Big Fish","player_choice":"Donut","floor":3,"damage_taken":0},{"event_name":"Living Wall","player_choice":"Grow","floor":5,"damage_taken":0},{"event_name":"Purifier","player_choice":"One Purge","floor":8,"damage_taken":0},{"event_name":"Drug Dealer","player_choice":"Inject Mutagens","floor":30,"damage_taken":0},{"event_name":"Winding Halls","player_choice":"Embrace Madness","floor":37,"damage_taken":0},{"event_name":"Falling","player_choice":"Removed Skill","floor":38,"damage_taken":0}],"is_beta":true,"boss_relics":[{"not_picked":["Tiny House","Philosopher\u0027s Stone"],"picked":"Cursed Key"},{"not_picked":["Runic Dome","Black Blood"],"picked":"Astrolabe"}],"items_purged_floors":[],"is_endless":false,"potions_floor_spawned":[6,11,13,21,24,27],"killed_by":"Giant Head","ascension_level":3}