{"gold_per_floor":[109,109,35,45,55,86,104,104,159,159],"floor_reached":10,"playtime":271,"items_purged":[],"score":129,"play_id":"49d7ef6a-20a4-439f-b5cd-df3f8e0a3c76","local_time":"20190103133810","is_ascension_mode":true,"campfire_choices":[{"data":"Sword Boomerang","floor":8,"key":"SMITH"}],"neow_cost":"NONE","seed_source_timestamp":1143671064242762,"circlet_count":0,"master_deck":["AscendersBane","Strike_R","Strike_R","Strike_R","Strike_R","Strike_R","Defend_R","Defend_R","Defend_R","Defend_R","Bash","Sword Boomerang+1","Inflame","Carnage","Thunderclap","Clothesline"],"relics":["Burning Blood","Dream Catcher","Tiny Chest"],"potions_floor_usage":[6,7],"damage_taken":[{"damage":5,"enemies":"Small Slimes","floor":1,"turns":3},{"damage":6,"enemies":"Cultist","floor":4,"turns":3},{"damage":10,"enemies":"2 Louse","floor":5,"turns":3},{"damage":45,"enemies":"Lagavulin","floor":6,"turns":6},{"damage":6,"enemies":"Looter","floor":7,"turns":2},{"damage":40,"enemies":"Gremlin Gang","floor":10,"turns":2}],"seed_played":"-1169920738678125248","potions_obtained":[{"floor":4,"key":"Fire Potion"},{"floor":5,"key":"Energy Potion"},{"floor":6,"key":"Block Potion"}],"is_trial":false,"path_per_floor":["M","?","$","M","M","E","M","R","T","M"],"character_chosen":"IRONCLAD","items_purchased":["Inflame"],"campfire_rested":0,"item_purchase_floors":[3],"current_hp_per_floor":[76,82,82,82,78,39,39,39,39,0],"gold":159,"neow_bonus":"TEN_PERCENT_HP_BONUS","is_prod":false,"is_daily":false,"chose_seed":false,"campfire_upgraded":1,"win_rate":0,"timestamp":1546551490,"path_taken":["M","?","?","M","M","E","M","R","T","M"],"build_version":"2018-12-20","purchased_purges":0,"victory":false,"max_hp_per_floor":[82,82,82,82,82,82,82,82,82,82],"card_choices":[{"not_picked":["Body Slam","Second Wind"],"picked":"Sword Boomerang","floor":1},{"not_picked":["Combust","Cleave"],"picked":"Carnage","floor":4},{"not_picked":["Heavy Blade","Iron Wave"],"picked":"Thunderclap","floor":5},{"not_picked":["Sword Boomerang","Sentinel","Body Slam"],"picked":"SKIP","floor":6},{"not_picked":["Flex","Whirlwind"],"picked":"Clothesline","floor":7}],"player_experience":1645456,"relics_obtained":[{"floor":6,"key":"Dream Catcher"},{"floor":9,"key":"Tiny Chest"}],"event_choices":[{"damage_healed":6,"gold_gain":0,"player_choice":"Full Heal","damage_taken":0,"max_hp_gain":0,"max_hp_loss":0,"event_name":"Wheel of Change","floor":2,"gold_loss":0}],"is_beta":false,"boss_relics":[],"items_purged_floors":[],"is_endless":false,"potions_floor_spawned":[4,5,6],"killed_by":"Gremlin Gang","ascension_level":18}