{"gold_per_floor":[114,129,199,214,12,42,42,42,67,97,112,142,157,172,172,272,272,287,287,287,71,86,116,116,146,196,196,196,211,241,166,166,266,266,281,281,3,18,33,33,63,78,78,108,123,163,9,39,39,39],"floor_reached":51,"playtime":3050,"items_purged":[],"score":1163,"play_id":"9ff6be01-37b9-4291-aeb4-221db888079c","local_time":"20190127174055","daily_mods":["Insanity","ControlledChaos","Elite Swarm"],"is_ascension_mode":false,"campfire_choices":[{"floor":7,"key":"REST"},{"floor":15,"key":"REST"},{"data":"Offering","floor":24,"key":"SMITH"},{"floor":27,"key":"REST"},{"data":"Corruption","floor":32,"key":"SMITH"},{"floor":40,"key":"REST"},{"floor":49,"key":"REST"}],"neow_cost":"","seed_source_timestamp":0,"circlet_count":0,"master_deck":["Flame Barrier","Thunderclap","Pummel","Iron Wave","Anger","Twin Strike","Headbutt","Heavy Blade","Wild Strike","Warcry","Sever Soul","Power Through","Burning Pact","Pommel Strike","Thunderclap","True Grit","Shrug It Off","Armaments","Warcry","Flex","Bloodletting","Intimidate","Cleave","Iron Wave","Clothesline","Armaments","Twin Strike","Bloodletting","Cleave","Reckless Charge","Body Slam","Havoc","Anger","Clothesline","Wild Strike","Warcry","Battle Trance","Pummel","Heavy Blade","Combust","Corruption+1","Flex","Heavy Blade","Heavy Blade","Clash","Flex","True Grit","Entrench","Fire Breathing","Shrug It Off","Flex","Perfected Strike","Warcry","Feed","Feed","Anger","Offering+1","Thunderclap","Heavy Blade","Fiend Fire","Entrench+1","Bite","Bite","Bite","Bite","Bite","Corruption","Perfected Strike","Battle Trance","Armaments","Pommel Strike+1","Dark Embrace","Fiend Fire","RitualDagger","Perfected Strike","Fiend Fire","Juggernaut","Flex+1","Twin Strike+1","Pommel Strike","Heavy Blade","Pommel Strike","Infernal Blade","Mayhem","Mayhem","Discovery","Flex","Shrug It Off","Inflame+1","Twin Strike+1","Barricade","Seeing Red+1","Fiend Fire","Clash","Infernal Blade","Inflame+1","Bandage Up","Dropkick","Dark Embrace+1"],"special_seed":17923,"relics":["Burning Blood","Frozen Eye","Regal Pillow","Mummified Hand","Art of War","Dodecahedron","Charon\u0027s Ashes","Black Star","The Courier","Question Card","Oddly Smooth Stone","Bottled Tornado","PreservedInsect","Anchor","Blood Vial","Orrery","Kunai","Gambling Chip","Incense Burner","Self Forming Clay","Ginger","Frozen Egg 2","Du-Vu Doll","Paper Frog","Thread and Needle"],"potions_floor_usage":[6,10,12,25,25,29,33,41,45,46,50],"damage_taken":[{"damage":11,"enemies":"Jaw Worm","floor":1,"turns":2},{"damage":1,"enemies":"2 Louse","floor":2,"turns":3},{"damage":2,"enemies":"Small Slimes","floor":4,"turns":3},{"damage":24,"enemies":"Lagavulin","floor":6,"turns":5},{"damage":11,"enemies":"3 Sentries","floor":10,"turns":4},{"damage":4,"enemies":"2 Fungi Beasts","floor":11,"turns":2},{"damage":18,"enemies":"Lagavulin","floor":12,"turns":4},{"damage":11,"enemies":"Looter","floor":13,"turns":2},{"damage":10,"enemies":"Exordium Thugs","floor":14,"turns":3},{"damage":49,"enemies":"The Guardian","floor":16,"turns":10},{"damage":6,"enemies":"Chosen","floor":18,"turns":2},{"damage":11,"enemies":"Shell Parasite","floor":22,"turns":2},{"damage":6,"enemies":"Gremlin Leader","floor":23,"turns":4},{"damage":37,"enemies":"Slavers","floor":25,"turns":3},{"damage":11,"enemies":"Chosen and Byrds","floor":29,"turns":3},{"damage":0,"enemies":"Gremlin Leader","floor":30,"turns":3},{"damage":68,"enemies":"Champ","floor":33,"turns":8},{"damage":6,"enemies":"Orb Walker","floor":35,"turns":3},{"damage":22,"enemies":"3 Shapes","floor":38,"turns":4},{"damage":21,"enemies":"Sphere and 2 Shapes","floor":39,"turns":4},{"damage":6,"enemies":"Giant Head","floor":41,"turns":5},{"damage":3,"enemies":"4 Shapes","floor":42,"turns":3},{"damage":21,"enemies":"Reptomancer","floor":44,"turns":5},{"damage":25,"enemies":"Writhing Mass","floor":45,"turns":4},{"damage":31,"enemies":"2 Orb Walkers","floor":46,"turns":3},{"damage":1,"enemies":"Giant Head","floor":48,"turns":5},{"damage":45,"enemies":"Donu and Deca","floor":50,"turns":5}],"seed_played":"-4277099179774056171","potions_obtained":[{"floor":1,"key":"Explosive Potion"},{"floor":2,"key":"Block Potion"},{"floor":11,"key":"Poison Potion"},{"floor":14,"key":"SpeedPotion"},{"floor":18,"key":"Explosive Potion"},{"floor":22,"key":"BloodPotion"},{"floor":23,"key":"Explosive Potion"},{"floor":25,"key":"AttackPotion"},{"floor":33,"key":"SmokeBomb"},{"floor":38,"key":"FearPotion"},{"floor":44,"key":"Energy Potion"},{"floor":45,"key":"SteroidPotion"},{"floor":48,"key":"Poison Potion"}],"is_trial":false,"path_per_floor":["M","M","?","M","$","E","R","?","T","E","M","E","M","M","R","B",null,"M","?","?","$","M","E","R","E","T","R","?","M","E","?","R","B",null,"M","?","$","M","M","R","E","M","T","E","M","?","$","E","R","B",null],"character_chosen":"IRONCLAD","items_purchased":["Regal Pillow","Warcry","Corruption","Perfected Strike","Battle Trance","Armaments","Kunai","Flex","Shrug It Off","Inflame+1","Bandage Up","Dropkick"],"campfire_rested":5,"item_purchase_floors":[5,5,21,21,21,21,37,37,37,47,47,47],"current_hp_per_floor":[75,80,80,80,80,62,80,80,80,75,77,68,63,59,83,40,83,86,60,60,60,57,62,62,32,32,63,57,54,63,63,63,11,63,63,53,53,41,30,63,63,63,63,48,33,15,15,24,58,23],"gold":39,"neow_bonus":"","is_prod":false,"is_daily":true,"chose_seed":false,"campfire_upgraded":2,"win_rate":0,"timestamp":1548607255,"path_taken":["M","M","?","M","$","E","R","?","T","E","M","E","M","M","R","BOSS","M","?","?","$","M","E","R","E","T","R","?","?","E","?","R","BOSS","M","?","$","M","M","R","E","M","T","E","M","?","$","E","R","BOSS"],"build_version":"2019-01-23","purchased_purges":0,"victory":true,"max_hp_per_floor":[80,80,80,80,80,80,80,80,80,80,80,83,83,83,83,83,83,86,60,60,60,60,63,63,63,63,63,63,63,63,63,63,63,63,63,63,63,63,63,63,63,63,63,63,63,66,66,66,66,66],"card_choices":[{"not_picked":["Iron Wave","Shockwave"],"picked":"Shrug It Off","floor":1},{"not_picked":["Clash","Warcry"],"picked":"Flex","floor":2},{"not_picked":["Armaments","Headbutt"],"picked":"Perfected Strike","floor":4},{"not_picked":["Impervious","Immolate"],"picked":"Feed","floor":6},{"not_picked":["Limit Break","Double Tap"],"picked":"Feed","floor":10},{"not_picked":["Armaments","Seeing Red"],"picked":"Anger","floor":11},{"not_picked":["Limit Break","Immolate"],"picked":"Offering","floor":12},{"not_picked":["Headbutt","Warcry"],"picked":"Thunderclap","floor":13},{"not_picked":["Pommel Strike","Body Slam"],"picked":"Heavy Blade","floor":14},{"not_picked":["Reaper","Impervious"],"picked":"Fiend Fire","floor":16},{"not_picked":["Power Through","Searing Blow"],"picked":"Entrench+1","floor":18},{"not_picked":["Reckless Charge","Cleave"],"picked":"Pommel Strike+1","floor":22},{"not_picked":["Juggernaut","Berserk"],"picked":"Dark Embrace","floor":23},{"not_picked":["Bludgeon","Impervious","Reaper"],"picked":"Fiend Fire","floor":25},{"not_picked":["Pommel Strike","Havoc+1","Cleave+1"],"picked":"Perfected Strike","floor":29},{"not_picked":["Demon Form","Reaper","Juggernaut"],"picked":"Fiend Fire","floor":30},{"not_picked":["Double Tap","Offering","Limit Break"],"picked":"Juggernaut","floor":33},{"not_picked":["Warcry","Anger+1","True Grit"],"picked":"Flex+1","floor":34},{"not_picked":["Evolve+1","Combust+1","Corruption"],"picked":"Twin Strike+1","floor":34},{"not_picked":["Heavy Blade","Body Slam","Flex"],"picked":"Pommel Strike","floor":34},{"not_picked":["Intimidate","Rupture+1","Headbutt"],"picked":"Heavy Blade","floor":34},{"not_picked":["Intimidate","Wild Strike","Burning Pact+1"],"picked":"Pommel Strike","floor":34},{"not_picked":["Burning Pact","Limit Break","Clash+1"],"picked":"Infernal Blade","floor":35},{"not_picked":["Jack Of All Trades","Good Instincts","Finesse"],"picked":"Mayhem","floor":36},{"not_picked":["Good Instincts","Enlightenment","Madness"],"picked":"Mayhem","floor":36},{"not_picked":["Violence","Trip","HandOfGreed"],"picked":"Discovery","floor":36},{"not_picked":["Headbutt","Rupture+1","Thunderclap"],"picked":"Inflame+1","floor":38},{"not_picked":["Rampage+1","Heavy Blade","Dual Wield+1"],"picked":"Twin Strike+1","floor":39},{"not_picked":["Immolate","Bludgeon","Berserk"],"picked":"Barricade","floor":41},{"not_picked":["Flex","Iron Wave+1","Anger+1"],"picked":"Seeing Red+1","floor":42},{"not_picked":["Reaper","Bludgeon","Brutality"],"picked":"Fiend Fire","floor":44},{"not_picked":["Anger+1","Armaments+1","Sword Boomerang"],"picked":"Clash","floor":45},{"not_picked":["Armaments+1","Warcry+1","Headbutt"],"picked":"Infernal Blade","floor":46},{"not_picked":["Impervious","Brutality+1","Barricade+1"],"picked":"Dark Embrace+1","floor":48}],"player_experience":197823,"relics_obtained":[{"floor":6,"key":"Mummified Hand"},{"floor":9,"key":"Art of War"},{"floor":10,"key":"Dodecahedron"},{"floor":12,"key":"Charon\u0027s Ashes"},{"floor":23,"key":"The Courier"},{"floor":23,"key":"Question Card"},{"floor":25,"key":"Oddly Smooth Stone"},{"floor":25,"key":"Bottled Tornado"},{"floor":26,"key":"PreservedInsect"},{"floor":30,"key":"Anchor"},{"floor":30,"key":"Blood Vial"},{"floor":41,"key":"Gambling Chip"},{"floor":41,"key":"Incense Burner"},{"floor":43,"key":"Self Forming Clay"},{"floor":44,"key":"Ginger"},{"floor":44,"key":"Frozen Egg 2"},{"floor":46,"key":"Du-Vu Doll"},{"floor":48,"key":"Paper Frog"},{"floor":48,"key":"Thread and Needle"}],"event_choices":[{"damage_healed":0,"gold_gain":70,"player_choice":"Gained Gold","damage_taken":0,"max_hp_gain":0,"max_hp_loss":0,"event_name":"Golden Wing","floor":3,"gold_loss":0},{"damage_healed":0,"gold_gain":0,"player_choice":"Leave","damage_taken":0,"max_hp_gain":0,"max_hp_loss":0,"event_name":"The Cleric","floor":8,"gold_loss":0},{"damage_healed":0,"gold_gain":0,"player_choice":"Became a vampire","damage_taken":0,"max_hp_gain":0,"max_hp_loss":26,"event_name":"Vampires","floor":19,"gold_loss":0,"cards_obtained":["Bite","Bite","Bite","Bite","Bite"]},{"damage_healed":0,"gold_gain":0,"player_choice":"Ignored","damage_taken":0,"max_hp_gain":0,"max_hp_loss":0,"event_name":"Ghosts","floor":20,"gold_loss":0},{"damage_healed":0,"gold_gain":0,"player_choice":"Joined the Cult","damage_taken":6,"max_hp_gain":0,"max_hp_loss":0,"event_name":"Nest","floor":28,"gold_loss":0,"cards_obtained":["RitualDagger"]},{"cards_removed":["Entrench"],"damage_healed":0,"gold_gain":0,"player_choice":"Gave Gold","damage_taken":0,"max_hp_gain":0,"max_hp_loss":0,"event_name":"Beggar","floor":31,"gold_loss":75},{"damage_healed":0,"gold_gain":0,"player_choice":"Memory 3","damage_taken":10,"max_hp_gain":0,"max_hp_loss":0,"event_name":"SensoryStone","floor":36,"gold_loss":0},{"damage_healed":0,"gold_gain":0,"player_choice":"Fight","damage_taken":0,"max_hp_gain":0,"max_hp_loss":0,"event_name":"Mysterious Sphere","floor":46,"gold_loss":0}],"is_beta":true,"boss_relics":[{"not_picked":["Philosopher\u0027s Stone","Coffee Dripper"],"picked":"Black Star"},{"not_picked":["Runic Cube","Mark of Pain"],"picked":"Orrery"}],"items_purged_floors":[],"is_endless":false,"potions_floor_spawned":[1,2,11,14,18,22,23,25,33,38,44,45,48],"ascension_level":0}