{"gold_per_floor":[117,117,136,101,117,117,127,127,152,152,162,162,197,213,213,288,288,288,288,288,288,130,130,130,130],"floor_reached":25,"playtime":1933,"items_purged":[],"score":450,"play_id":"0ed568ec-95c6-439b-9620-5cf57675e489","local_time":"20190204135207","is_ascension_mode":true,"campfire_choices":[{"data":"Barrage","floor":6.0,"key":"SMITH"},{"data":"Zap","floor":8.0,"key":"SMITH"},{"data":"Go for the Eyes","floor":12.0,"key":"SMITH"},{"data":"Hologram","floor":15.0,"key":"SMITH"},{"data":"Biased Cognition","floor":23.0,"key":"SMITH"}],"neow_cost":"NONE","seed_source_timestamp":0,"circlet_count":0,"master_deck":["AscendersBane","Strike_B","Strike_B","Strike_B","Defend_B","Defend_B","Defend_B","Defend_B","Zap+1","Dualcast","Barrage+1","Cold Snap","Go for the Eyes+1","Genetic Algorithm","FTL","Ball Lightning","Ball Lightning","Hologram+1","Echo Form","Sunder","Stack","Hologram","Biased Cognition+1","Chill"],"special_seed":0,"relics":["Cracked Core","Regal Pillow","Strawberry","Ectoplasm","Vajra","PreservedInsect"],"potions_floor_usage":[24],"damage_taken":[{"damage":6.0,"enemies":"2 Louse","floor":1.0,"turns":3.0},{"damage":5.0,"enemies":"Small Slimes","floor":3.0,"turns":3.0},{"damage":1.0,"enemies":"Cultist","floor":5.0,"turns":3.0},{"damage":11.0,"enemies":"Blue Slaver","floor":7.0,"turns":4.0},{"damage":4.0,"enemies":"Large Slime","floor":11.0,"turns":7.0},{"damage":11.0,"enemies":"Gremlin Nob","floor":13.0,"turns":4.0},{"damage":0.0,"enemies":"Looter","floor":14.0,"turns":1.0},{"damage":29.0,"enemies":"Hexaghost","floor":16.0,"turns":9.0},{"damage":5.0,"enemies":"Chosen","floor":18.0,"turns":4.0},{"damage":0.0,"enemies":"Spheric Guardian","floor":19.0,"turns":3.0},{"damage":17.0,"enemies":"Chosen and Byrds","floor":20.0,"turns":5.0},{"damage":12.0,"enemies":"3 Cultists","floor":21.0,"turns":5.0},{"damage":21,"enemies":"Gremlin Leader","floor":24,"turns":6},{"damage":14,"enemies":"Centurion and Healer","floor":25,"turns":1}],"seed_played":"7641151524281560587","potions_obtained":[{"floor":11.0,"key":"Block Potion"},{"floor":16.0,"key":"AttackPotion"},{"floor":19.0,"key":"AttackPotion"},{"floor":24,"key":"SteroidPotion"}],"is_trial":false,"path_per_floor":["M","?","M","?","M","R","M","R","T","?","M","R","E","M","R","B",null,"M","M","M","M","$","R","E","M"],"character_chosen":"DEFECT","items_purchased":["Vajra"],"campfire_rested":0,"item_purchase_floors":[22],"current_hp_per_floor":[58,63,58,76,75,75,64,64,64,64,60,60,56,56,56,27,69,64,64,47,35,35,35,14,0],"gold":130,"neow_bonus":"THREE_CARDS","is_prod":false,"is_daily":false,"chose_seed":false,"campfire_upgraded":5,"win_rate":0,"timestamp":1549317127,"path_taken":["M","?","M","?","M","R","M","R","T","?","M","R","E","M","R","BOSS","M","M","M","M","?","R","E","M"],"build_version":"2019-01-23","purchased_purges":0,"victory":false,"max_hp_per_floor":[71,76,76,76,76,76,76,76,76,76,76,76,83,83,83,83,83,83,83,83,83,83,83,83,83],"card_choices":[{"not_picked":["Turbo","Leap"],"picked":"Barrage","floor":0.0},{"not_picked":["Beam Cell","Rip and Tear"],"picked":"Cold Snap","floor":1.0},{"not_picked":["Barrage","Turbo"],"picked":"Go for the Eyes","floor":3.0},{"not_picked":["Leap","Compile Driver"],"picked":"Genetic Algorithm","floor":5.0},{"not_picked":["Meteor Strike","Doom and Gloom"],"picked":"FTL","floor":7.0},{"not_picked":["Compile Driver","Tempest"],"picked":"Ball Lightning","floor":11.0},{"not_picked":["Stack","Hologram"],"picked":"Ball Lightning","floor":13.0},{"not_picked":["Gash","Steam"],"picked":"Hologram","floor":14.0},{"not_picked":["Biased Cognition","Fission"],"picked":"Echo Form","floor":16.0},{"not_picked":["Melter","Streamline"],"picked":"Sunder","floor":18.0},{"not_picked":["Streamline","Skim"],"picked":"Stack","floor":19.0},{"not_picked":["Ball Lightning","Beam Cell"],"picked":"Hologram","floor":20.0},{"not_picked":["Sweeping Beam","Conserve Battery"],"picked":"Biased Cognition","floor":21.0},{"not_picked":["Ball Lightning","Hyperbeam"],"picked":"Chill","floor":24}],"player_experience":1805874,"relics_obtained":[{"floor":9.0,"key":"Regal Pillow"},{"floor":13.0,"key":"Strawberry"},{"floor":24,"key":"PreservedInsect"}],"event_choices":[{"damage_healed":0.0,"max_hp_gain":5.0,"max_hp_loss":0.0,"gold_gain":0.0,"event_name":"Big Fish","player_choice":"Donut","floor":2.0,"gold_loss":0.0,"damage_taken":0.0},{"damage_healed":19.0,"max_hp_gain":0.0,"max_hp_loss":0.0,"gold_gain":0.0,"event_name":"The Cleric","player_choice":"Healed","floor":4.0,"gold_loss":35.0,"damage_taken":0.0},{"cards_removed":["Strike_B"],"damage_healed":0.0,"max_hp_gain":0.0,"max_hp_loss":0.0,"gold_gain":0.0,"event_name":"Bonfire Elementals","player_choice":"Offered Basic","floor":10.0,"gold_loss":0.0,"damage_taken":0.0}],"is_beta":false,"boss_relics":[{"not_picked":["White Beast Statue","Philosopher\u0027s Stone"],"picked":"Ectoplasm"}],"items_purged_floors":[],"is_endless":false,"potions_floor_spawned":[11,16,19,21,24],"killed_by":"Centurion and Healer","ascension_level":20}