{"gold_per_floor":[110,110,110,126,51,51,86,86,86,86,110,129,129,152,152,281,281,306,124,149,167,192,192,107,150,173,216,216,216,229,249,249,369,369,392,408,34,34,34,34,75,75,101,113,125,137,0,27,39,51],"floor_reached":51,"playtime":2544,"items_purged":["Regret","Strike_R","Strike_R"],"score":746,"play_id":"dc9af4c3-91f6-4367-b95f-a4f05d947b6f","local_time":"20190125002336","is_ascension_mode":true,"campfire_choices":[{"data":"Bash","floor":6,"key":"SMITH"},{"data":"Iron Wave","floor":10,"key":"SMITH"},{"data":"Shrug It Off","floor":13,"key":"SMITH"},{"floor":15,"key":"RECALL"},{"data":"Juggernaut","floor":23,"key":"SMITH"},{"data":"Body Slam","floor":32,"key":"SMITH"},{"data":"Madness","floor":40,"key":"SMITH"},{"data":"Madness","floor":44,"key":"SMITH"},{"data":"Madness","floor":49,"key":"SMITH"}],"neow_cost":"CURSE","seed_source_timestamp":1228359344018047,"circlet_count":0,"master_deck":["Defend_R","Defend_R","Defend_R","Bash+1","Anger","Juggernaut+1","Iron Wave+1","Impervious","Battle Trance","Shrug It Off+1","Juggernaut+1","Rage","Body Slam+1","Shockwave","True Grit","Feel No Pain","Power Through","Reckless Charge","Feel No Pain","Infernal Blade+1","Iron Wave","Shrug It Off","Dual Wield+1","Reckless Charge+1","Madness+1","Madness+1","Madness+1"],"relics":["Burning Blood","Golden Idol","Red Skull","Gambling Chip","Meat on the Bone","Orrery","Mercury Hourglass","Ornamental Fan","Oddly Smooth Stone","Juzu Bracelet","Philosopher\u0027s Stone","Shuriken","Omamori","MawBank","Red Mask"],"potions_floor_usage":[7,16,21,22,27,28,33,50,50,50],"damage_taken":[{"damage":2,"enemies":"Small Slimes","floor":1,"turns":3},{"damage":7,"enemies":"Jaw Worm","floor":4,"turns":4},{"damage":16,"enemies":"3 Sentries","floor":7,"turns":8},{"damage":0,"enemies":"Cultist","floor":11,"turns":3},{"damage":4,"enemies":"Exordium Wildlife","floor":12,"turns":3},{"damage":1,"enemies":"2 Fungi Beasts","floor":14,"turns":4},{"damage":38,"enemies":"Slime Boss","floor":16,"turns":9},{"damage":28,"enemies":"2 Thieves","floor":18,"turns":4},{"damage":7,"enemies":"Shell Parasite","floor":20,"turns":6},{"damage":3,"enemies":"Cultist and Chosen","floor":21,"turns":5},{"damage":10,"enemies":"Shelled Parasite and Fungi","floor":22,"turns":5},{"damage":31,"enemies":"Gremlin Leader","floor":25,"turns":6},{"damage":39,"enemies":"Slavers","floor":27,"turns":5},{"damage":6,"enemies":"Colosseum Slavers","floor":28,"turns":3},{"damage":0,"enemies":"Chosen and Byrds","floor":30,"turns":4},{"damage":13,"enemies":"Cultist and Chosen","floor":31,"turns":5},{"damage":30,"enemies":"Collector","floor":33,"turns":8},{"damage":0,"enemies":"3 Darklings","floor":35,"turns":5},{"damage":0,"enemies":"3 Shapes","floor":36,"turns":3},{"damage":35,"enemies":"Reptomancer","floor":41,"turns":5},{"damage":7,"enemies":"Transient","floor":48,"turns":5},{"damage":71,"enemies":"Awakened One","floor":50,"turns":9}],"seed_played":"707661502468402945","potions_obtained":[{"floor":1,"key":"BloodPotion"},{"floor":11,"key":"Dexterity Potion"},{"floor":12,"key":"EssenceOfSteel"},{"floor":14,"key":"AttackPotion"},{"floor":21,"key":"Energy Potion"},{"floor":25,"key":"GamblersBrew"},{"floor":27,"key":"BloodPotion"},{"floor":30,"key":"Weak Potion"},{"floor":33,"key":"Ancient Potion"},{"floor":36,"key":"BloodPotion"}],"is_trial":false,"path_per_floor":["M","?","?","M","$","R","E","T","T","R","M","M","R","M","R","B",null,"M","$","M","M","M","R","?","E","T","E","?","?","M","M","R","B",null,"M","M","$","?","$","R","E","?","T","R","?","?","?","M","R","B",null],"character_chosen":"IRONCLAD","items_purchased":["Feel No Pain","Shuriken"],"campfire_rested":0,"item_purchase_floors":[19,37],"current_hp_per_floor":[80,80,60,59,59,59,57,57,57,57,63,65,65,70,70,50,80,58,58,57,60,56,56,56,43,43,22,42,42,48,53,53,41,80,80,80,80,80,80,80,51,41,41,41,70,70,70,69,69,23],"gold":63,"neow_bonus":"TRANSFORM_TWO_CARDS","is_prod":false,"is_daily":false,"chose_seed":false,"campfire_upgraded":8,"win_rate":0,"timestamp":1548343416,"path_taken":["M","?","?","M","$","R","E","?","T","R","M","M","R","?","R","BOSS","M","$","M","M","M","R","?","E","T","E","?","?","M","M","R","BOSS","M","M","$","?","$","R","E","?","T","R","?","?","?","M","R","BOSS"],"build_version":"2019-01-23","purchased_purges":3,"victory":true,"max_hp_per_floor":[80,80,80,80,80,80,80,80,80,80,80,80,80,80,80,80,80,80,80,80,80,80,80,80,80,80,80,80,80,80,80,80,80,80,80,80,80,80,80,80,80,80,80,80,70,70,70,70,70,70],"card_choices":[{"not_picked":["Pommel Strike","Cleave","Carnage"],"picked":"SKIP","floor":1},{"not_picked":["Heavy Blade","Rampage"],"picked":"Iron Wave","floor":4},{"not_picked":["Rampage","Flex"],"picked":"Impervious","floor":7},{"not_picked":["True Grit","Sword Boomerang"],"picked":"Battle Trance","floor":11},{"not_picked":["True Grit","Carnage"],"picked":"Shrug It Off","floor":12},{"not_picked":["Flex","Sword Boomerang","Warcry"],"picked":"SKIP","floor":14},{"not_picked":["Dark Embrace","Offering"],"picked":"Juggernaut","floor":16},{"not_picked":["Flex","Cleave"],"picked":"Rage","floor":17},{"not_picked":["Headbutt","Anger"],"picked":"Body Slam","floor":17},{"not_picked":["Burning Pact","Thunderclap"],"picked":"Shockwave","floor":17},{"not_picked":["Demon Form","Clothesline"],"picked":"True Grit","floor":17},{"not_picked":["Body Slam","Heavy Blade","Bludgeon"],"picked":"SKIP","floor":18},{"not_picked":["Anger","Flex"],"picked":"Power Through","floor":20},{"not_picked":["Sever Soul","Havoc"],"picked":"Reckless Charge","floor":21},{"not_picked":["Bloodletting","Anger"],"picked":"Feel No Pain","floor":22},{"not_picked":["Body Slam","Perfected Strike","Anger+1"],"picked":"SKIP","floor":25},{"not_picked":["Inflame","Feed"],"picked":"Infernal Blade+1","floor":27},{"not_picked":["Carnage+1","Sword Boomerang"],"picked":"Shrug It Off","floor":30},{"not_picked":["Sword Boomerang","Anger"],"picked":"Dual Wield+1","floor":31},{"not_picked":["Headbutt+1","Combust","Heavy Blade"],"picked":"SKIP","floor":35},{"not_picked":["Perfected Strike+1","Warcry"],"picked":"Reckless Charge+1","floor":36},{"not_picked":["Discovery","Violence"],"picked":"Madness","floor":38},{"not_picked":["Power Through+1","Warcry+1","Anger+1"],"picked":"SKIP","floor":41},{"not_picked":["Bloodletting","Clash+1","Cleave+1"],"picked":"SKIP","floor":48}],"player_experience":671073,"relics_obtained":[{"floor":7,"key":"Red Skull"},{"floor":8,"key":"Gambling Chip"},{"floor":9,"key":"Meat on the Bone"},{"floor":25,"key":"Ornamental Fan"},{"floor":26,"key":"Oddly Smooth Stone"},{"floor":27,"key":"Juzu Bracelet"},{"floor":41,"key":"Omamori"},{"floor":43,"key":"MawBank"}],"event_choices":[{"damage_healed":0,"gold_gain":0,"player_choice":"Grow","damage_taken":0,"max_hp_gain":0,"max_hp_loss":0,"event_name":"Living Wall","floor":2,"gold_loss":0,"cards_upgraded":["Juggernaut"]},{"damage_healed":0,"gold_gain":0,"player_choice":"Take Damage","damage_taken":20,"relics_obtained":["Golden Idol"],"max_hp_gain":0,"max_hp_loss":0,"event_name":"Golden Idol","floor":3,"gold_loss":0},{"damage_healed":0,"gold_gain":0,"player_choice":"Obtained Relic","damage_taken":0,"relics_obtained":["Mercury Hourglass"],"max_hp_gain":0,"max_hp_loss":0,"event_name":"Addict","floor":24,"gold_loss":85},{"damage_healed":0,"gold_gain":0,"player_choice":"Fight","damage_taken":0,"max_hp_gain":0,"max_hp_loss":0,"event_name":"Colosseum","floor":28,"gold_loss":0},{"damage_healed":0,"gold_gain":0,"player_choice":"Fled From Nobs","damage_taken":0,"max_hp_gain":0,"max_hp_loss":0,"event_name":"Colosseum","floor":28,"gold_loss":0},{"cards_removed":["Strike_R"],"damage_healed":0,"gold_gain":0,"player_choice":"Took Card","damage_taken":0,"max_hp_gain":0,"max_hp_loss":0,"event_name":"NoteForYourself","floor":29,"gold_loss":0,"cards_obtained":["Iron Wave"]},{"damage_healed":0,"gold_gain":0,"player_choice":"Memory 1","damage_taken":0,"max_hp_gain":0,"max_hp_loss":0,"event_name":"SensoryStone","floor":38,"gold_loss":0},{"damage_healed":0,"gold_gain":0,"player_choice":"Embrace Madness","damage_taken":10,"max_hp_gain":0,"max_hp_loss":0,"event_name":"Winding Halls","floor":42,"gold_loss":0,"cards_obtained":["Madness","Madness"]},{"damage_healed":70,"gold_gain":0,"player_choice":"Heal","damage_taken":0,"max_hp_gain":0,"max_hp_loss":10,"event_name":"The Moai Head","floor":45,"gold_loss":0},{"cards_removed":["Defend_R"],"damage_healed":0,"gold_gain":0,"player_choice":"Removed Skill","damage_taken":0,"max_hp_gain":0,"max_hp_loss":0,"event_name":"Falling","floor":46,"gold_loss":0},{"damage_healed":0,"gold_gain":0,"player_choice":"Paid","damage_taken":0,"relics_obtained":["Red Mask"],"max_hp_gain":0,"max_hp_loss":0,"event_name":"Tomb of Lord Red Mask","floor":47,"gold_loss":149}],"is_beta":false,"boss_relics":[{"not_picked":["Runic Cube","Snecko Eye"],"picked":"Orrery"},{"not_picked":["Pandora\u0027s Box","Coffee Dripper"],"picked":"Philosopher\u0027s Stone"}],"items_purged_floors":[5,19,37],"is_endless":false,"potions_floor_spawned":[1,11,12,14,21,25,27,30,33,36,48],"ascension_level":1}