{"gold_per_floor":[113,124,124,143,169,204,204,219,245,245,245,245,263,294,294,396,446,462,472,472,486,486,514,524,524],"floor_reached":25,"playtime":1156,"items_purged":[],"score":280,"play_id":"45f17355-3ad6-4838-bd01-fc1513f52de1","local_time":"20180805203448","is_ascension_mode":true,"campfire_choices":[{"floor":7,"key":"REST"},{"floor":10,"key":"REST"},{"floor":12,"key":"REST"},{"floor":15,"key":"REST"}],"neow_cost":"","seed_source_timestamp":41817117462973,"circlet_count":0,"master_deck":["Defend_G","Defend_G","Defend_G","Defend_G","Defend_G","Strike_G","Strike_G","Strike_G","Strike_G","Survivor+1","Neutralize+1","Blade Dance","Cloak And Dagger","Sucker Punch","Infinite Blades","Deflect","Finisher+1","Glass Knife","Slice","Blade Dance+1","Slice","Blade Dance+1","Backstab","RitualDagger","Deflect","Cloak And Dagger"],"relics":["Ring of the Snake","Blood Vial","Anchor","Ancient Tea Set","Dead Branch","Tiny House","Blue Candle"],"potions_floor_usage":[6,16,16,18,21,23],"damage_taken":[{"damage":0,"enemies":"Jaw Worm","floor":1,"turns":7},{"damage":0,"enemies":"Cultist","floor":2,"turns":4},{"damage":2,"enemies":"Small Slimes","floor":4,"turns":5},{"damage":44,"enemies":"Lagavulin","floor":6,"turns":11},{"damage":4,"enemies":"Exordium Thugs","floor":8,"turns":6},{"damage":6,"enemies":"Looter","floor":13,"turns":3},{"damage":34,"enemies":"Gremlin Nob","floor":14,"turns":5},{"damage":19,"enemies":"Slime Boss","floor":16,"turns":9},{"damage":11,"enemies":"2 Thieves","floor":18,"turns":4},{"damage":4,"enemies":"Shell Parasite","floor":19,"turns":3},{"damage":0,"enemies":"Sentry and Sphere","floor":21,"turns":4},{"damage":40,"enemies":"Book of Stabbing","floor":23,"turns":5},{"damage":13,"enemies":"Snecko","floor":24,"turns":5},{"damage":28,"enemies":"3 Cultists","floor":25,"turns":4}],"seed_played":"4416313101512447969","potions_obtained":[{"floor":1,"key":"Poison Potion"},{"floor":4,"key":"LiquidBronze"},{"floor":6,"key":"Ancient Potion"},{"floor":16,"key":"GhostInAJar"},{"floor":17,"key":"SkillPotion"},{"floor":18,"key":"FearPotion"},{"floor":21,"key":"Regen Potion"}],"is_trial":false,"path_per_floor":["M","M","?","M","T","E","R","M","T","R","?","R","M","E","R","B",null,"M","M","?","M","?","E","M"],"character_chosen":"THE_SILENT","items_purchased":[],"campfire_rested":4,"item_purchase_floors":[],"current_hp_per_floor":[70,70,70,68,68,26,47,45,45,66,52,70,64,32,53,36,75,64,62,62,64,58,32,21,0],"gold":524,"neow_bonus":"","is_prod":false,"is_daily":false,"chose_seed":false,"campfire_upgraded":0,"win_rate":0,"timestamp":1533494088,"path_taken":["M","M","?","M","?","E","R","M","T","R","?","R","M","E","R","BOSS","M","M","?","M","?","E","M","M"],"build_version":"2018-08-01","purchased_purges":0,"victory":false,"max_hp_per_floor":[70,70,70,70,70,70,70,70,70,70,70,70,70,70,70,70,75,75,75,75,75,75,75,75,75],"card_choices":[{"not_picked":["Outmaneuver","Eviscerate","Bane"],"picked":"SKIP","floor":1},{"not_picked":["Skewer","Dodge and Roll"],"picked":"Blade Dance","floor":2},{"not_picked":["Blade Dance","Acrobatics"],"picked":"Cloak And Dagger","floor":4},{"not_picked":["Endless Agony","Bullet Time"],"picked":"Sucker Punch","floor":6},{"not_picked":["Deflect","Predator"],"picked":"Infinite Blades","floor":8},{"not_picked":["Deadly Poison","All Out Attack"],"picked":"Deflect","floor":13},{"not_picked":["Heel Hook","Bane"],"picked":"Finisher","floor":14},{"not_picked":["Die Die Die","Grand Finale"],"picked":"Glass Knife","floor":16},{"not_picked":["Deflect","Riddle With Holes"],"picked":"Slice","floor":17},{"not_picked":["Deadly Poison","Heel Hook"],"picked":"Blade Dance+1","floor":18},{"not_picked":["Bane","Outmaneuver"],"picked":"Slice","floor":19},{"not_picked":["Terror","Flying Knee+1"],"picked":"Backstab","floor":21},{"not_picked":["Caltrops","Crippling Poison+1"],"picked":"Deflect","floor":23},{"not_picked":["Caltrops","Endless Agony"],"picked":"Cloak And Dagger","floor":24}],"player_experience":377831,"relics_obtained":[{"floor":5,"key":"Blood Vial"},{"floor":6,"key":"Anchor"},{"floor":9,"key":"Ancient Tea Set"},{"floor":14,"key":"Dead Branch"},{"floor":23,"key":"Blue Candle"}],"event_choices":[{"event_name":"Purifier","player_choice":"One Purge","floor":3,"damage_taken":0},{"event_name":"Shining Light","player_choice":"Entered Light","floor":11,"damage_taken":0},{"event_name":"Duplicator","player_choice":"One dupe","floor":20,"damage_taken":0},{"event_name":"Nest","player_choice":"Joined the Cult","floor":22,"damage_taken":0}],"is_beta":true,"boss_relics":[{"not_picked":["Lizard Tail","Runic Pyramid"],"picked":"Tiny House"}],"items_purged_floors":[],"is_endless":false,"potions_floor_spawned":[1,4,6,16,18,21],"killed_by":"3 Cultists","ascension_level":4}