{"gold_per_floor":[115,65,81,3,3,44,64,95,140,179,179,202,202,227,227,357,357,375,399,418,343,364,364,377,377,377,377,377,327,44,57,57,181,181,205,205,220,120,120,120,158,158,158,158,178,199,213,252,252,252],"floor_reached":51,"playtime":2751,"items_purged":["Strike_R","Bash"],"score":1228,"play_id":"e753d3c1-47a2-4b11-b193-c3a1ce434596","local_time":"20180927090549","is_ascension_mode":true,"campfire_choices":[{"floor":11.0,"key":"REST"},{"data":"Whirlwind","floor":13.0,"key":"SMITH"},{"data":"Uppercut","floor":15.0,"key":"SMITH"},{"data":"Demon Form","floor":23.0,"key":"SMITH"},{"data":"Heavy Blade","floor":25.0,"key":"SMITH"},{"data":"Shrug It Off","floor":27.0,"key":"SMITH"},{"data":"Shrug It Off","floor":32.0,"key":"SMITH"},{"data":"Uppercut","floor":40,"key":"SMITH"},{"floor":42,"key":"REST"},{"floor":49,"key":"DIG"}],"neow_cost":"NONE","seed_source_timestamp":0,"circlet_count":0,"master_deck":["Defend_R","Defend_R","Defend_R","AscendersBane","Shockwave","Shrug It Off+1","Uppercut+1","Whirlwind+1","Uppercut+1","Offering","Demon Form+1","Shrug It Off+1","Heavy Blade+1","Necronomicurse","Limit Break","Inflame","Pommel Strike+1","Carnage"],"special_seed":0,"relics":["Burning Blood","NeowsBlessing","Golden Idol","Dodecahedron","Bronze Scales","Pen Nib","Sundial","Snecko Eye","Darkstone Periapt","Necronomicon","Lee\u0027s Waffle","Empty Cage","Nunchaku","Pantograph","Shovel","Blue Candle","Gremlin Horn"],"potions_floor_usage":[45],"damage_taken":[{"damage":0.0,"enemies":"2 Louse","floor":1.0,"turns":1.0},{"damage":0.0,"enemies":"Jaw Worm","floor":3.0,"turns":1.0},{"damage":0.0,"enemies":"Gremlin Nob","floor":6.0,"turns":1.0},{"damage":0.0,"enemies":"Small Slimes","floor":7.0,"turns":2.0},{"damage":20.0,"enemies":"3 Sentries","floor":8.0,"turns":8.0},{"damage":40.0,"enemies":"Gremlin Nob","floor":10.0,"turns":5.0},{"damage":6.0,"enemies":"Looter","floor":12.0,"turns":3.0},{"damage":10.0,"enemies":"Red Slaver","floor":14.0,"turns":3.0},{"damage":28.0,"enemies":"The Guardian","floor":16.0,"turns":11.0},{"damage":0.0,"enemies":"Chosen","floor":18.0,"turns":3.0},{"damage":9.0,"enemies":"Shell Parasite","floor":19.0,"turns":3.0},{"damage":17.0,"enemies":"Shelled Parasite and Fungi","floor":20.0,"turns":3.0},{"damage":12.0,"enemies":"Centurion and Healer","floor":22.0,"turns":5.0},{"damage":6.0,"enemies":"Snecko","floor":24.0,"turns":3.0},{"damage":0.0,"enemies":"Snake Plant","floor":31.0,"turns":2.0},{"damage":18.0,"enemies":"Collector","floor":33.0,"turns":5.0},{"damage":6,"enemies":"3 Darklings","floor":35,"turns":1},{"damage":0,"enemies":"3 Shapes","floor":37,"turns":1},{"damage":7,"enemies":"Mind Bloom Boss Battle","floor":39,"turns":4},{"damage":27,"enemies":"Nemesis","floor":41,"turns":5},{"damage":4,"enemies":"Transient","floor":45,"turns":5},{"damage":8,"enemies":"Spire Growth","floor":46,"turns":4},{"damage":2,"enemies":"4 Shapes","floor":47,"turns":8},{"damage":0,"enemies":"2 Orb Walkers","floor":48,"turns":2},{"damage":63,"enemies":"Donu and Deca","floor":50,"turns":6}],"seed_played":"-4382970428846235847","potions_obtained":[{"floor":1.0,"key":"Energy Potion"},{"floor":6.0,"key":"Fire Potion"},{"floor":12.0,"key":"SpeedPotion"},{"floor":14.0,"key":"GamblersBrew"},{"floor":22.0,"key":"Fire Potion"},{"floor":41,"key":"FairyPotion"},{"floor":47,"key":"GamblersBrew"}],"is_trial":false,"path_per_floor":["M","?","M","$","?","E","M","E","T","E","R","M","R","M","R","B",null,"M","M","M","?","M","R","M","R","T","R","?","?","$","M","R","B",null,"M","?","M","$","?","R","E","R","T","?","M","M","M","E","R","B"],"character_chosen":"IRONCLAD","items_purchased":["Uppercut","Lee\u0027s Waffle"],"campfire_rested":2,"item_purchase_floors":[4,30],"current_hp_per_floor":[78,78,80,80,74,74,74,60,60,26,48,48,48,44,44,22,61,67,64,53,53,47,47,47,47,47,47,37,37,87,87,87,75,84,84,84,87,87,86,86,65,87,87,87,87,85,87,87,87,30],"gold":252,"neow_bonus":"THREE_ENEMY_KILL","is_prod":false,"is_daily":false,"chose_seed":false,"campfire_upgraded":7,"win_rate":0,"timestamp":1538064349,"path_taken":["M","?","M","$","?","E","?","E","T","E","R","?","R","M","R","BOSS","M","M","M","?","M","R","M","R","T","R","?","?","$","M","R","BOSS","M","?","M","$","?","R","E","R","T","?","?","M","M","E","R","BOSS"],"build_version":"2018-09-20","purchased_purges":2,"victory":true,"max_hp_per_floor":[80,80,80,80,74,74,74,74,74,74,74,74,74,74,74,74,74,74,74,74,74,74,74,74,74,74,74,80,80,87,87,87,87,87,87,87,87,87,87,87,87,87,87,87,87,87,87,87,87,87],"card_choices":[{"not_picked":["Second Wind","Headbutt"],"picked":"Shockwave","floor":1.0},{"not_picked":["Wild Strike","Heavy Blade"],"picked":"Shrug It Off","floor":3.0},{"not_picked":["Perfected Strike","Entrench"],"picked":"Whirlwind","floor":6.0},{"not_picked":["Sword Boomerang","Body Slam","Heavy Blade"],"picked":"SKIP","floor":7.0},{"not_picked":["Wild Strike","Anger","Hemokinesis"],"picked":"SKIP","floor":8.0},{"not_picked":["Clash","Perfected Strike","Bloodletting"],"picked":"SKIP","floor":10.0},{"not_picked":["Pommel Strike","Armaments"],"picked":"Uppercut","floor":12.0},{"not_picked":["Warcry","Thunderclap"],"picked":"Offering","floor":14.0},{"not_picked":["Fiend Fire","Reaper"],"picked":"Demon Form","floor":16.0},{"not_picked":["Anger","Twin Strike+1","Wild Strike"],"picked":"SKIP","floor":18.0},{"not_picked":["Thunderclap","Sever Soul","Perfected Strike"],"picked":"SKIP","floor":19.0},{"not_picked":["Clothesline","Demon Form"],"picked":"Shrug It Off","floor":20.0},{"not_picked":["Clash","Armaments","Evolve"],"picked":"SKIP","floor":22.0},{"not_picked":["Whirlwind+1","Anger"],"picked":"Heavy Blade","floor":24.0},{"not_picked":["Clash","Pommel Strike","Thunderclap"],"picked":"SKIP","floor":31.0},{"not_picked":["Fiend Fire","Offering"],"picked":"Limit Break","floor":33.0},{"not_picked":["Armaments","Hemokinesis+1","Flex"],"picked":"SKIP","floor":35},{"not_picked":["Sentinel","Havoc+1"],"picked":"Pommel Strike+1","floor":37},{"not_picked":["Perfected Strike","Heavy Blade","Metallicize+1"],"picked":"SKIP","floor":41},{"not_picked":["Armaments+1","Dual Wield","Pommel Strike"],"picked":"SKIP","floor":45},{"not_picked":["Second Wind","Headbutt"],"picked":"Carnage","floor":46},{"not_picked":["Double Tap","Perfected Strike+1","Reckless Charge"],"picked":"SKIP","floor":47},{"not_picked":["Perfected Strike","Demon Form","Hemokinesis"],"picked":"SKIP","floor":48}],"player_experience":1098787,"relics_obtained":[{"floor":6.0,"key":"Dodecahedron"},{"floor":8.0,"key":"Bronze Scales"},{"floor":9.0,"key":"Pen Nib"},{"floor":10.0,"key":"Sundial"},{"floor":26.0,"key":"Darkstone Periapt"},{"floor":28.0,"key":"Necronomicon"},{"floor":39,"key":"Nunchaku"},{"floor":41,"key":"Pantograph"},{"floor":43,"key":"Shovel"},{"floor":48,"key":"Blue Candle"},{"floor":49,"key":"Gremlin Horn"}],"event_choices":[{"event_name":"The Cleric","player_choice":"Card Removal","floor":2.0,"damage_taken":0.0},{"event_name":"Golden Idol","player_choice":"Lose Max HP","floor":5.0,"damage_taken":0.0},{"event_name":"Beggar","player_choice":"Gave Gold","floor":21.0,"damage_taken":0.0},{"event_name":"Cursed Tome","player_choice":"Obtained Book","floor":28.0,"damage_taken":0.0},{"event_name":"The Joust","player_choice":"Bet on Owner","floor":29.0,"damage_taken":0.0},{"event_name":"Transmorgrifier","player_choice":"Transform","floor":36,"damage_taken":0},{"event_name":"MindBloom","player_choice":"Fight","floor":39,"damage_taken":0},{"event_name":"SecretPortal","player_choice":"Rejected Portal.","floor":44,"damage_taken":0}],"is_beta":false,"boss_relics":[{"not_picked":["Black Star","Coffee Dripper"],"picked":"Snecko Eye"},{"not_picked":["Eternal Feather","Orrery"],"picked":"Empty Cage"}],"items_purged_floors":[30,38],"is_endless":false,"potions_floor_spawned":[1,6,12,14,16,22,24,31,41,47,48],"ascension_level":12}