{"gold_per_floor":[115,129,141,141,155,155,181,181,232,232,7,7,37,61,61,158,158,178,178,178,178,77,77,89,89,89,115,115,80,109,109,109,109],"floor_reached":33,"playtime":1525,"items_purged":["Strike_R"],"score":332,"play_id":"f09f021b-e45a-47ea-8172-bb80c88c2b56","local_time":"20190129221117","is_ascension_mode":true,"campfire_choices":[{"data":"Flame Barrier","floor":6,"key":"SMITH"},{"data":"Bash","floor":10,"key":"SMITH"},{"data":"Iron Wave","floor":12,"key":"SMITH"},{"floor":15,"key":"REST"},{"data":"Body Slam","floor":23,"key":"SMITH"},{"data":"Double Tap","floor":25,"key":"SMITH"},{"floor":32,"key":"REST"}],"neow_cost":"PERCENT_DAMAGE","seed_source_timestamp":1653455235715298,"circlet_count":0,"master_deck":["Defend_R+1","Defend_R","Defend_R","Bash+1","Thunderclap","Reckless Charge+1","Flame Barrier+1","Iron Wave+1","Reckless Charge","Double Tap+1","Sentinel+1","Warcry+1","Disarm","Feel No Pain","Berserk","Sever Soul","Body Slam+1","Shrug It Off","Sentinel","Fiend Fire","Feel No Pain","Flame Barrier"],"relics":["Burning Blood","StoneCalendar","Kunai","Lantern","Vajra","Odd Mushroom","Regal Pillow","Astrolabe","Juzu Bracelet","Meat on the Bone","Question Card","Orichalcum"],"potions_floor_usage":[30,30,30],"damage_taken":[{"damage":6,"enemies":"Cultist","floor":1,"turns":3},{"damage":0,"enemies":"2 Louse","floor":2,"turns":3},{"damage":9,"enemies":"Jaw Worm","floor":3,"turns":3},{"damage":2,"enemies":"3 Louse","floor":5,"turns":3},{"damage":16,"enemies":"Gremlin Nob","floor":7,"turns":4},{"damage":13,"enemies":"The Mushroom Lair","floor":13,"turns":4},{"damage":27,"enemies":"The Guardian","floor":16,"turns":11},{"damage":0,"enemies":"Chosen","floor":18,"turns":4},{"damage":18,"enemies":"Spheric Guardian","floor":24,"turns":6},{"damage":13,"enemies":"Slavers","floor":27,"turns":7},{"damage":48,"enemies":"Gremlin Leader","floor":30,"turns":6},{"damage":8,"enemies":"Colosseum Slavers","floor":31,"turns":7},{"damage":80,"enemies":"Champ","floor":33,"turns":17}],"seed_played":"1377639655582828289","potions_obtained":[{"floor":1,"key":"EssenceOfSteel"},{"floor":5,"key":"Dexterity Potion"},{"floor":13,"key":"SkillPotion"},{"floor":30,"key":"Poison Potion"}],"is_trial":false,"path_per_floor":["M","M","M","?","M","R","E","?","T","R","$","R","?","T","R","B",null,"M","?","?","?","$","R","M","R","T","E","T","$","E","?","R","B"],"character_chosen":"IRONCLAD","items_purchased":["Vajra","Body Slam","Shrug It Off","Feel No Pain"],"campfire_rested":2,"item_purchase_floors":[11,22,22,29],"current_hp_per_floor":[56,62,59,52,56,56,46,30,30,30,30,30,23,23,62,41,80,80,80,80,80,80,80,68,68,68,61,61,61,31,41,80,0],"gold":109,"neow_bonus":"ONE_RARE_RELIC","is_prod":false,"is_daily":false,"chose_seed":false,"campfire_upgraded":5,"win_rate":0,"timestamp":1548767477,"path_taken":["M","M","M","?","M","R","E","?","T","R","?","R","?","?","R","BOSS","M","?","?","?","$","R","M","R","T","E","?","?","E","?","R","BOSS"],"build_version":"2019-01-23","purchased_purges":1,"victory":false,"max_hp_per_floor":[80,80,80,80,80,80,80,80,80,80,80,80,80,80,80,80,80,80,80,80,80,80,80,80,80,80,80,80,80,80,80,80,80],"card_choices":[{"not_picked":["Rage","Uppercut"],"picked":"Thunderclap","floor":1},{"not_picked":["Infernal Blade","Flex"],"picked":"Reckless Charge","floor":2},{"not_picked":["Thunderclap","Heavy Blade","Headbutt"],"picked":"SKIP","floor":3},{"not_picked":["Battle Trance","Cleave"],"picked":"Flame Barrier","floor":5},{"not_picked":["Warcry","Twin Strike"],"picked":"Iron Wave","floor":7},{"not_picked":["Fiend Fire","Armaments"],"picked":"Reckless Charge","floor":13},{"not_picked":["Bludgeon","Dark Embrace"],"picked":"Double Tap","floor":16},{"not_picked":["Corruption+1","Clash"],"picked":"Disarm","floor":18},{"not_picked":["Intimidate","Shrug It Off"],"picked":"Sentinel","floor":24},{"not_picked":["Perfected Strike","Body Slam"],"picked":"Fiend Fire","floor":27},{"not_picked":["Twin Strike","Cleave","Clothesline+1"],"picked":"Flame Barrier","floor":30}],"player_experience":735365,"relics_obtained":[{"floor":7,"key":"Kunai"},{"floor":9,"key":"Lantern"},{"floor":13,"key":"Odd Mushroom"},{"floor":14,"key":"Regal Pillow"},{"floor":26,"key":"Meat on the Bone"},{"floor":27,"key":"Question Card"},{"floor":30,"key":"Orichalcum"}],"event_choices":[{"cards_removed":["Strike_R"],"damage_healed":0,"gold_gain":0,"player_choice":"Card Removal","damage_taken":7,"max_hp_gain":0,"max_hp_loss":0,"event_name":"Golden Wing","floor":4,"gold_loss":0},{"damage_healed":0,"gold_gain":0,"player_choice":"Entered Light","damage_taken":16,"max_hp_gain":0,"max_hp_loss":0,"event_name":"Shining Light","floor":8,"gold_loss":0,"cards_upgraded":["Defend_R","Reckless Charge"]},{"damage_healed":0,"gold_gain":0,"player_choice":"Fought Mushrooms","damage_taken":0,"max_hp_gain":0,"max_hp_loss":0,"event_name":"Mushrooms","floor":13,"gold_loss":0},{"damage_healed":0,"gold_gain":0,"player_choice":"Read","damage_taken":0,"max_hp_gain":0,"max_hp_loss":0,"event_name":"The Library","floor":19,"gold_loss":0,"cards_obtained":["Feel No Pain"]},{"damage_healed":0,"gold_gain":0,"cards_transformed":["Havoc","Defend_R"],"player_choice":"Became Test Subject","damage_taken":0,"max_hp_gain":0,"max_hp_loss":0,"event_name":"Drug Dealer","floor":20,"gold_loss":0,"cards_obtained":["Berserk","Sever Soul"]},{"damage_healed":0,"gold_gain":0,"player_choice":"Opened","damage_taken":0,"relics_obtained":["Juzu Bracelet"],"max_hp_gain":0,"max_hp_loss":0,"event_name":"The Mausoleum","floor":21,"gold_loss":0},{"damage_healed":0,"gold_gain":0,"player_choice":"Fight","damage_taken":0,"max_hp_gain":0,"max_hp_loss":0,"event_name":"Colosseum","floor":31,"gold_loss":0},{"damage_healed":0,"gold_gain":0,"player_choice":"Fled From Nobs","damage_taken":0,"max_hp_gain":0,"max_hp_loss":0,"event_name":"Colosseum","floor":31,"gold_loss":0}],"is_beta":false,"boss_relics":[{"not_picked":["Snecko Eye","Busted Crown"],"picked":"Astrolabe"}],"items_purged_floors":[11],"is_endless":false,"potions_floor_spawned":[1,5,13,16,30,31],"killed_by":"Champ","ascension_level":4}