{"gold_per_floor":[115,131,206,206,131,131,166,166,219,232,232,407,33,94,94,166,166,178,205,205,205,2,2,16,16,16,30,42,42,442,473,473,544,544,557,320,320,330,430,430,457,473,473,493,508,508,63,76,76,76],"floor_reached":51,"playtime":4556,"items_purged":["Strike_B","Doubt","Shame","Strike_B","Strike_B"],"score":1223,"play_id":"c80b65f2-2405-4297-84b6-f9e0004f6726","local_time":"20181030085329","is_ascension_mode":true,"campfire_choices":[{"data":"Zap","floor":6,"key":"SMITH"},{"data":"Zap","floor":8,"key":"SMITH"},{"data":"Beam Cell","floor":11,"key":"SMITH"},{"data":"White Noise","floor":15,"key":"SMITH"},{"data":"Loop","floor":23,"key":"SMITH"},{"data":"Defragment","floor":29,"key":"SMITH"},{"floor":32,"key":"REST"},{"data":"Capacitor","floor":40,"key":"SMITH"},{"data":"Biased Cognition","floor":46,"key":"SMITH"},{"data":"Creative AI","floor":49,"key":"SMITH"}],"neow_cost":"NONE","seed_source_timestamp":59794873266553,"circlet_count":0,"master_deck":["Defend_B","Defend_B","Defend_B","Zap+1","Dualcast","AscendersBane","Compile Driver","Beam Cell+1","Chill","Zap+1","Compile Driver","Ball Lightning","Defragment+1","White Noise+1","Biased Cognition+1","Go for the Eyes","Compile Driver","Loop+1","Capacitor+1","Seek","Defragment","Electrodynamics","Sweeping Beam+1","Sweeping Beam+1","Stack+1","Creative AI+1","Capacitor","Heatsinks","White Noise"],"relics":["Cracked Core","NeowsBlessing","Mummified Hand","Lantern","ClockworkSouvenir","Tiny Chest","Nuclear Battery","Red Mask","Bird Faced Urn","Pear","Old Coin","The Courier","Nunchaku","Sozu","DataDisk","Torii","Omamori","Darkstone Periapt"],"potions_floor_usage":[14,16,28,50],"damage_taken":[{"damage":0,"enemies":"Jaw Worm","floor":1,"turns":1},{"damage":0,"enemies":"2 Louse","floor":2,"turns":1},{"damage":0,"enemies":"Gremlin Nob","floor":7,"turns":1},{"damage":0,"enemies":"Cultist","floor":10,"turns":3},{"damage":21,"enemies":"Lagavulin","floor":14,"turns":4},{"damage":1,"enemies":"Slime Boss","floor":16,"turns":7},{"damage":6,"enemies":"3 Byrds","floor":18,"turns":4},{"damage":16,"enemies":"Masked Bandits","floor":19,"turns":5},{"damage":0,"enemies":"Chosen","floor":24,"turns":3},{"damage":0,"enemies":"Snecko","floor":27,"turns":4},{"damage":8,"enemies":"Snake Plant","floor":28,"turns":4},{"damage":25,"enemies":"Colosseum Slavers","floor":30,"turns":4},{"damage":0,"enemies":"Colosseum Nobs","floor":30,"turns":4},{"damage":24,"enemies":"Gremlin Leader","floor":31,"turns":5},{"damage":8,"enemies":"Champ","floor":33,"turns":8},{"damage":22,"enemies":"3 Darklings","floor":35,"turns":3},{"damage":7,"enemies":"Orb Walker","floor":38,"turns":2},{"damage":6,"enemies":"Mind Bloom Boss Battle","floor":39,"turns":5},{"damage":1,"enemies":"Reptomancer","floor":41,"turns":5},{"damage":12,"enemies":"Sphere and 2 Shapes","floor":42,"turns":3},{"damage":0,"enemies":"3 Darklings","floor":44,"turns":3},{"damage":27,"enemies":"Jaw Worm Horde","floor":45,"turns":3},{"damage":1,"enemies":"Transient","floor":48,"turns":5},{"damage":0,"enemies":"Donu and Deca","floor":50,"turns":4}],"seed_played":"-8691127347915621455","potions_obtained":[{"floor":7,"key":"SkillPotion"},{"floor":10,"key":"Fire Potion"},{"floor":14,"key":"SkillPotion"},{"floor":28,"key":"Ancient Potion"},{"floor":31,"key":"FocusPotion"}],"is_trial":false,"path_per_floor":["M","M","?","?","$","R","E","R","T","M","R","?","$","E","R","B",null,"M","?","?","?","$","R","M","$","T","M","M","R","?","E","R","B",null,"M","$","?","M","?","R","E","M","T","M","M","R","$","M","R","B"],"character_chosen":"DEFECT","items_purchased":["Defragment","ClockworkSouvenir","Loop","DataDisk","Creative AI","Capacitor","Heatsinks","White Noise"],"campfire_rested":1,"item_purchase_floors":[13,13,22,36,47,47,47,47],"current_hp_per_floor":[68,68,57,57,57,57,57,57,57,57,57,57,57,36,36,35,65,59,43,43,43,43,43,47,47,57,69,71,71,70,56,81,77,83,72,72,72,79,80,80,85,77,77,85,66,66,66,85,85,85],"gold":76,"neow_bonus":"THREE_ENEMY_KILL","is_prod":false,"is_daily":false,"chose_seed":false,"campfire_upgraded":9,"win_rate":0,"timestamp":1540914809,"path_taken":["M","M","?","?","$","R","E","R","T","?","R","?","$","E","R","BOSS","M","?","?","?","$","R","M","?","T","M","?","R","?","E","R","BOSS","M","$","?","M","?","R","E","?","T","M","M","R","$","M","R","BOSS"],"build_version":"2018-10-25v2","purchased_purges":5,"victory":true,"max_hp_per_floor":[75,75,75,75,75,75,75,75,75,75,75,75,75,75,75,75,75,75,75,75,75,75,75,75,75,85,85,85,85,85,85,85,85,85,85,85,85,85,85,85,85,85,85,85,85,85,85,85,85,85],"card_choices":[{"not_picked":["Consume","Storm"],"picked":"Compile Driver","floor":1},{"not_picked":["Fusion","Leap"],"picked":"Beam Cell","floor":2},{"not_picked":["Blizzard","Leap"],"picked":"Compile Driver","floor":7},{"not_picked":["FTL","Leap"],"picked":"Ball Lightning","floor":10},{"not_picked":["All For One","Sweeping Beam"],"picked":"White Noise","floor":14},{"not_picked":["Creative AI","Seek"],"picked":"Biased Cognition","floor":16},{"not_picked":["Hologram","White Noise"],"picked":"Go for the Eyes","floor":18},{"not_picked":["Melter","Steam"],"picked":"Compile Driver","floor":19},{"not_picked":["Chaos","Turbo","Force Field"],"picked":"SKIP","floor":24},{"not_picked":["Double Energy","Leap"],"picked":"Capacitor","floor":27},{"not_picked":["Reprogram","Streamline"],"picked":"Seek","floor":28},{"not_picked":["Rebound","Sunder"],"picked":"Defragment","floor":31},{"not_picked":["Machine Learning","Biased Cognition"],"picked":"Electrodynamics","floor":33},{"not_picked":["Defragment+1","Beam Cell"],"picked":"Sweeping Beam+1","floor":35},{"not_picked":["Gash+1","Go for the Eyes+1","Chaos"],"picked":"SKIP","floor":38},{"not_picked":["Rainbow","Steam"],"picked":"Sweeping Beam+1","floor":39},{"not_picked":["Leap","Scrape","Compile Driver"],"picked":"SKIP","floor":41},{"not_picked":["Multi-Cast","Gash+1"],"picked":"Stack+1","floor":42},{"not_picked":["Compile Driver+1","Stack","Rebound"],"picked":"SKIP","floor":44},{"not_picked":["Leap","Recycle","Streamline"],"picked":"SKIP","floor":45},{"not_picked":["Doom and Gloom+1","Turbo","Tempest"],"picked":"SKIP","floor":48}],"player_experience":1222420,"relics_obtained":[{"floor":7,"key":"Mummified Hand"},{"floor":9,"key":"Lantern"},{"floor":14,"key":"Tiny Chest"},{"floor":19,"key":"Red Mask"},{"floor":26,"key":"Pear"},{"floor":30,"key":"Old Coin"},{"floor":30,"key":"The Courier"},{"floor":31,"key":"Nunchaku"},{"floor":39,"key":"Torii"},{"floor":41,"key":"Omamori"},{"floor":43,"key":"Darkstone Periapt"}],"event_choices":[{"damage_healed":0,"gold_gain":75,"player_choice":"Gather Gold","damage_taken":11,"max_hp_gain":0,"max_hp_loss":0,"event_name":"World of Goop","floor":3,"gold_loss":0},{"damage_healed":0,"gold_gain":0,"player_choice":"2 cards matched","damage_taken":0,"max_hp_gain":0,"max_hp_loss":0,"event_name":"Match and Keep!","floor":4,"gold_loss":0,"cards_obtained":["Chill","Zap"]},{"damage_healed":0,"gold_gain":175,"player_choice":"AGREE","damage_taken":0,"max_hp_gain":0,"max_hp_loss":0,"event_name":"Liars Game","floor":12,"gold_loss":0,"cards_obtained":["Doubt"]},{"damage_healed":0,"gold_gain":0,"player_choice":"Fought Bandits","damage_taken":0,"max_hp_gain":0,"max_hp_loss":0,"event_name":"Masked Bandits","floor":19,"gold_loss":0},{"cards_removed":["Strike_B"],"damage_healed":0,"gold_gain":0,"player_choice":"Elegance","damage_taken":0,"max_hp_gain":0,"max_hp_loss":0,"event_name":"Back to Basics","floor":20,"gold_loss":0},{"damage_healed":0,"gold_gain":0,"player_choice":"Stole Relic","damage_taken":0,"relics_obtained":["Bird Faced Urn"],"max_hp_gain":0,"max_hp_loss":0,"event_name":"Addict","floor":21,"gold_loss":0,"cards_obtained":["Shame"]},{"damage_healed":0,"gold_gain":0,"player_choice":"Fight","damage_taken":0,"max_hp_gain":0,"max_hp_loss":0,"event_name":"Colosseum","floor":30,"gold_loss":0},{"damage_healed":0,"gold_gain":0,"player_choice":"Fought Nobs","damage_taken":0,"max_hp_gain":0,"max_hp_loss":0,"event_name":"Colosseum","floor":30,"gold_loss":0},{"cards_removed":["Defend_B"],"damage_healed":0,"gold_gain":0,"player_choice":"Removed Skill","damage_taken":0,"max_hp_gain":0,"max_hp_loss":0,"event_name":"Falling","floor":37,"gold_loss":0},{"damage_healed":0,"gold_gain":0,"player_choice":"Fight","damage_taken":0,"max_hp_gain":0,"max_hp_loss":0,"event_name":"MindBloom","floor":39,"gold_loss":0}],"is_beta":false,"boss_relics":[{"not_picked":["Tiny House","Velvet Choker"],"picked":"Nuclear Battery"},{"not_picked":["Astrolabe","Orrery"],"picked":"Sozu"}],"items_purged_floors":[5,13,22,36,47],"is_endless":false,"potions_floor_spawned":[7,10,14,28,30,31,33,35,38,44,45,48],"ascension_level":13}