{"gold_per_floor":[119,139,158,99,174,209,209,209,209,209,230,246,48,81,81,174,174,199,64,64,78,78,112,112,112,112,112],"floor_reached":27,"playtime":768,"items_purged":[],"score":478,"play_id":"42365e70-2c16-49e6-85b1-b06637a60c32","local_time":"20181211004116","is_ascension_mode":true,"campfire_choices":[{"floor":8,"key":"REST"},{"data":"Armaments","floor":15,"key":"SMITH"}],"neow_cost":"NONE","seed_source_timestamp":17268801428235,"circlet_count":0,"master_deck":["AscendersBane","Strike_R","Strike_R","Strike_R","Strike_R","Strike_R","Defend_R","Defend_R","Defend_R","Bash","Anger","Whirlwind","Fiend Fire","Armaments+1","Inflame","Uppercut","Clash","Iron Wave","Burning Pact","Dark Embrace","Infernal Blade","Corruption","Shrug It Off","Feel No Pain","Infernal Blade","Reaper","Parasite"],"special_seed":0,"relics":["Burning Blood","NeowsBlessing","Shuriken","Pantograph","Bloody Idol","Regal Pillow","Mummified Hand","Cursed Key","Thread and Needle","Gremlin Horn"],"potions_floor_usage":[12,14,18,21,27],"damage_taken":[{"damage":0.0,"enemies":"2 Louse","floor":1.0,"turns":1.0},{"damage":0.0,"enemies":"Jaw Worm","floor":2.0,"turns":1.0},{"damage":0.0,"enemies":"Small Slimes","floor":3.0,"turns":1.0},{"damage":56,"enemies":"Gremlin Nob","floor":6,"turns":5},{"damage":10,"enemies":"2 Fungi Beasts","floor":11,"turns":3},{"damage":5,"enemies":"Looter","floor":12,"turns":3},{"damage":10,"enemies":"Lagavulin","floor":14,"turns":5},{"damage":49,"enemies":"The Guardian","floor":16,"turns":9},{"damage":9,"enemies":"Chosen","floor":18,"turns":3},{"damage":7,"enemies":"3 Byrds","floor":21,"turns":3},{"damage":39,"enemies":"Slavers","floor":23,"turns":5},{"damage":20,"enemies":"Colosseum Slavers","floor":24,"turns":5},{"damage":9,"enemies":"Centurion and Healer","floor":27,"turns":2}],"seed_played":"7614688822214165886","potions_obtained":[{"floor":6,"key":"Ancient Potion"},{"floor":11,"key":"SkillPotion"},{"floor":12,"key":"Regen Potion"},{"floor":16,"key":"Poison Potion"},{"floor":18,"key":"LiquidBronze"}],"is_trial":false,"path_per_floor":["M","M","M","$","?","E","?","R","T","?","M","M","$","E","R","B",null,"M","$","?","M","?","E","?","?","T","M"],"character_chosen":"IRONCLAD","items_purchased":["Armaments","Regal Pillow","Iron Wave","Corruption","Shrug It Off"],"campfire_rested":1,"item_purchase_floors":[4,13,13,19,19],"current_hp_per_floor":[74,75,75,75,64,14,3,25,25,25,21,22,22,32,32,14,55,52,52,52,51,51,23,9,9,9,0],"gold":112,"neow_bonus":"THREE_ENEMY_KILL","is_prod":false,"is_daily":false,"chose_seed":false,"campfire_upgraded":1,"win_rate":0,"timestamp":1544514076,"path_taken":["M","M","M","$","?","E","?","R","T","?","M","M","$","E","R","BOSS","M","$","?","M","?","E","?","?","T","M"],"build_version":"2018-12-06","purchased_purges":0,"victory":false,"max_hp_per_floor":[75,75,75,75,75,75,75,75,75,68,68,68,68,68,68,68,68,68,68,68,68,68,68,68,68,68,68],"card_choices":[{"not_picked":["Warcry","Perfected Strike"],"picked":"Anger","floor":1.0},{"not_picked":["Havoc","Sword Boomerang"],"picked":"Whirlwind","floor":2.0},{"not_picked":["Body Slam","Sentinel"],"picked":"Fiend Fire","floor":3.0},{"not_picked":["Warcry","Searing Blow"],"picked":"Inflame","floor":6},{"not_picked":["Whirlwind","Ghostly Armor"],"picked":"Uppercut","floor":11},{"not_picked":["Body Slam","Twin Strike"],"picked":"Clash","floor":12},{"not_picked":["Thunderclap","Barricade"],"picked":"Burning Pact","floor":14},{"not_picked":["Brutality","Bludgeon"],"picked":"Dark Embrace","floor":16},{"not_picked":["Clothesline","Disarm"],"picked":"Infernal Blade","floor":18},{"not_picked":["Fire Breathing","Whirlwind","Headbutt"],"picked":"SKIP","floor":21},{"not_picked":["Iron Wave","Shockwave"],"picked":"Infernal Blade","floor":23}],"player_experience":594778,"relics_obtained":[{"floor":6,"key":"Shuriken"},{"floor":9,"key":"Pantograph"},{"floor":14,"key":"Mummified Hand"},{"floor":23,"key":"Thread and Needle"},{"floor":26,"key":"Gremlin Horn"}],"event_choices":[{"damage_healed":0.0,"max_hp_gain":0.0,"max_hp_loss":0.0,"gold_gain":75.0,"event_name":"World of Goop","player_choice":"Gather Gold","floor":5.0,"gold_loss":0.0,"damage_taken":11.0},{"damage_healed":0,"gold_gain":0,"player_choice":"Fled","damage_taken":11,"max_hp_gain":0,"max_hp_loss":0,"event_name":"Scrap Ooze","floor":7,"gold_loss":0},{"damage_healed":0,"gold_gain":0,"player_choice":"Lose Max HP","damage_taken":0,"relics_obtained":["Golden Idol"],"max_hp_gain":0,"max_hp_loss":7,"event_name":"Golden Idol","floor":10,"gold_loss":0},{"damage_healed":0,"gold_gain":0,"player_choice":"Read","damage_taken":0,"max_hp_gain":0,"max_hp_loss":0,"event_name":"The Library","floor":20,"gold_loss":0,"cards_obtained":["Feel No Pain"]},{"damage_healed":0,"gold_gain":0,"player_choice":"Gave Idol","damage_taken":0,"relics_obtained":["Bloody Idol"],"max_hp_gain":0,"max_hp_loss":0,"event_name":"Forgotten Altar","floor":22,"relics_lost":["Golden Idol"],"gold_loss":0},{"damage_healed":0,"gold_gain":0,"player_choice":"Fight","damage_taken":0,"max_hp_gain":0,"max_hp_loss":0,"event_name":"Colosseum","floor":24,"gold_loss":0},{"damage_healed":0,"gold_gain":0,"player_choice":"Fled From Nobs","damage_taken":0,"max_hp_gain":0,"max_hp_loss":0,"event_name":"Colosseum","floor":24,"gold_loss":0},{"damage_healed":0,"gold_gain":0,"cards_transformed":["Defend_R"],"player_choice":"Transformed","damage_taken":0,"max_hp_gain":0,"max_hp_loss":0,"event_name":"Transmorgrifier","floor":25,"gold_loss":0,"cards_obtained":["Reaper"]}],"is_beta":false,"boss_relics":[{"not_picked":["Fusion Hammer","Empty Cage"],"picked":"Cursed Key"}],"items_purged_floors":[],"is_endless":false,"potions_floor_spawned":[6,11,12,16,18,24],"killed_by":"Centurion and Healer","ascension_level":20}