{"gold_per_floor":[109,50,20,38,38,73,73,106,106,131,131,131,131,151,151,224,224,239,254,281,281,281,281,312,312,312,312,23,23,43,56,56,130,130,149,168,168,168],"floor_reached":38,"playtime":971,"items_purged":["Decay"],"score":866,"play_id":"f280981c-1985-417d-ad73-fb03adad7bab","local_time":"20181210145035","is_ascension_mode":true,"campfire_choices":[{"data":"Armaments","floor":7.0,"key":"SMITH"},{"floor":11.0,"key":"REST"},{"floor":15.0,"key":"REST"},{"floor":23.0,"key":"REST"},{"floor":29,"key":"REST"},{"floor":32,"key":"REST"}],"neow_cost":"NONE","seed_source_timestamp":263795666812545,"circlet_count":0,"master_deck":["AscendersBane","Strike_R","Strike_R","Strike_R","Strike_R","Strike_R","Defend_R","Defend_R","Defend_R","Defend_R","Bash","Sword Boomerang","Armaments+1","Seeing Red","Seeing Red+1","Iron Wave","Headbutt+1","Inflame+1","Immolate","Warcry","Infernal Blade","Juggernaut+1","Inflame+1","Shockwave","Feel No Pain+1","Inflame+1","Havoc","Corruption+1","Juggernaut+1","Metallicize+1"],"special_seed":0,"relics":["Burning Blood","NeowsBlessing","Gremlin Horn","Vajra","Sundial","Frozen Egg 2","Dream Catcher","Sozu","Red Mask","Bag of Preparation","Ginger","Regal Pillow","Runic Pyramid","CultistMask"],"potions_floor_usage":[],"damage_taken":[{"damage":0.0,"enemies":"Small Slimes","floor":1.0,"turns":1.0},{"damage":0.0,"enemies":"Cultist","floor":4.0,"turns":1.0},{"damage":0.0,"enemies":"Lagavulin","floor":6.0,"turns":1.0},{"damage":20.0,"enemies":"3 Sentries","floor":8.0,"turns":8.0},{"damage":30.0,"enemies":"Lagavulin","floor":10.0,"turns":6.0},{"damage":7.0,"enemies":"Jaw Worm","floor":14.0,"turns":3.0},{"damage":35.0,"enemies":"The Guardian","floor":16.0,"turns":10.0},{"damage":6.0,"enemies":"Spheric Guardian","floor":18.0,"turns":3.0},{"damage":22.0,"enemies":"2 Thieves","floor":19.0,"turns":2.0},{"damage":0.0,"enemies":"Masked Bandits","floor":20.0,"turns":2.0},{"damage":23.0,"enemies":"Colosseum Slavers","floor":21.0,"turns":3.0},{"damage":54,"enemies":"Slavers","floor":24,"turns":4},{"damage":0,"enemies":"3 Cultists","floor":30,"turns":3},{"damage":30,"enemies":"Snake Plant","floor":31,"turns":3},{"damage":33,"enemies":"Collector","floor":33,"turns":6},{"damage":15,"enemies":"Orb Walker","floor":35,"turns":3},{"damage":31,"enemies":"3 Darklings","floor":36,"turns":3},{"damage":33,"enemies":"Jaw Worm Horde","floor":38,"turns":1}],"seed_played":"4392111141185022393","potions_obtained":[{"floor":3.0,"key":"SneckoOil"},{"floor":3.0,"key":"Poison Potion"},{"floor":4.0,"key":"AttackPotion"},{"floor":10.0,"key":"Energy Potion"}],"is_trial":false,"path_per_floor":["M","$","?","M","?","E","R","E","T","E","R","?","?","M","R","B",null,"M","M","?","?","?","R","E","$","T","?","$","R","M","M","R","B",null,"M","M","?","M"],"character_chosen":"IRONCLAD","items_purchased":["Armaments","Regal Pillow","Feel No Pain+1"],"campfire_rested":5,"item_purchase_floors":[2,28,28],"current_hp_per_floor":[74,74,74,75,57,63,63,49,49,25,47,24,24,23,45,16,60,60,44,50,33,33,55,7,7,7,7,7,44,50,26,63,36,65,56,31,31,0],"gold":168,"neow_bonus":"THREE_ENEMY_KILL","is_prod":false,"is_daily":false,"chose_seed":false,"campfire_upgraded":1,"win_rate":0,"timestamp":1544478635,"path_taken":["M","$","?","?","?","E","R","E","T","E","R","?","?","M","R","BOSS","M","?","?","?","?","R","E","?","T","?","$","R","?","M","R","BOSS","M","M","?","?"],"build_version":"2018-12-06","purchased_purges":1,"victory":false,"max_hp_per_floor":[75,75,75,75,75,75,75,75,75,75,75,75,75,75,75,75,75,75,75,75,75,75,75,75,75,75,75,75,75,75,75,75,75,75,75,75,75,75],"card_choices":[{"not_picked":["Twin Strike","Heavy Blade"],"picked":"Sword Boomerang","floor":1.0},{"not_picked":["Anger","Armaments"],"picked":"Seeing Red","floor":4.0},{"not_picked":["Second Wind","Power Through"],"picked":"Seeing Red","floor":6.0},{"not_picked":["Battle Trance","Rupture"],"picked":"Iron Wave","floor":8.0},{"not_picked":["Rampage","Heavy Blade"],"picked":"Headbutt","floor":10.0},{"not_picked":["Clash","Flex","Fire Breathing+1"],"picked":"SKIP","floor":14.0},{"not_picked":["Flex","Searing Blow"],"picked":"Inflame+1","floor":15.0},{"not_picked":["Brutality+1","Berserk+1"],"picked":"Immolate","floor":16.0},{"not_picked":["Iron Wave","Blood for Blood"],"picked":"Warcry","floor":18.0},{"not_picked":["Twin Strike","Warcry+1"],"picked":"Infernal Blade","floor":19.0},{"not_picked":["Reckless Charge","Thunderclap"],"picked":"Juggernaut+1","floor":20.0},{"not_picked":["Iron Wave","Rupture+1"],"picked":"Inflame+1","floor":23.0},{"not_picked":["Bloodletting","Flex"],"picked":"Shockwave","floor":24},{"not_picked":["Sword Boomerang","Armaments+1"],"picked":"Inflame+1","floor":29},{"not_picked":["Reckless Charge","Whirlwind","Brutality+1"],"picked":"SKIP","floor":30},{"not_picked":["Thunderclap+1","Body Slam"],"picked":"Havoc","floor":31},{"not_picked":["Heavy Blade","Infernal Blade"],"picked":"Corruption+1","floor":32},{"not_picked":["Feed","Double Tap"],"picked":"Juggernaut+1","floor":33},{"not_picked":["Armaments","Sword Boomerang+1"],"picked":"Metallicize+1","floor":35},{"not_picked":["Armaments","Perfected Strike","Iron Wave+1"],"picked":"SKIP","floor":36}],"player_experience":585840,"relics_obtained":[{"floor":6.0,"key":"Vajra"},{"floor":8.0,"key":"Sundial"},{"floor":9.0,"key":"Frozen Egg 2"},{"floor":10.0,"key":"Dream Catcher"},{"floor":20.0,"key":"Red Mask"},{"floor":24,"key":"Bag of Preparation"},{"floor":26,"key":"Ginger"}],"event_choices":[{"damage_healed":0.0,"max_hp_gain":0.0,"max_hp_loss":0.0,"gold_gain":0.0,"event_name":"The Woman in Blue","player_choice":"Bought 2 Potions","floor":3.0,"gold_loss":0.0,"damage_taken":0.0},{"damage_healed":0.0,"max_hp_gain":0.0,"max_hp_loss":0.0,"gold_gain":0.0,"event_name":"Scrap Ooze","player_choice":"Success","floor":5.0,"gold_loss":0.0,"damage_taken":18.0,"relics_obtained":["Gremlin Horn"]},{"damage_healed":0.0,"max_hp_gain":0.0,"max_hp_loss":0.0,"gold_gain":0.0,"event_name":"Shining Light","player_choice":"Entered Light","floor":12.0,"gold_loss":0.0,"damage_taken":23.0,"cards_upgraded":["Headbutt","Seeing Red"]},{"damage_healed":0.0,"max_hp_gain":0.0,"max_hp_loss":0.0,"gold_gain":0.0,"event_name":"Match and Keep!","player_choice":"0 cards matched","floor":13.0,"gold_loss":0.0,"damage_taken":0.0,"cards_obtained":[]},{"damage_healed":0.0,"max_hp_gain":0.0,"max_hp_loss":0.0,"gold_gain":0.0,"event_name":"Masked Bandits","player_choice":"Fought Bandits","floor":20.0,"gold_loss":0.0,"damage_taken":0.0},{"damage_healed":0.0,"max_hp_gain":0.0,"max_hp_loss":0.0,"gold_gain":0.0,"event_name":"Colosseum","player_choice":"Fight","floor":21.0,"gold_loss":0.0,"damage_taken":0.0},{"damage_healed":0.0,"max_hp_gain":0.0,"max_hp_loss":0.0,"gold_gain":0.0,"event_name":"Colosseum","player_choice":"Fled From Nobs","floor":21.0,"gold_loss":0.0,"damage_taken":0.0},{"damage_healed":0.0,"max_hp_gain":0.0,"max_hp_loss":0.0,"gold_gain":0.0,"event_name":"Ghosts","player_choice":"Ignored","floor":22.0,"gold_loss":0.0,"damage_taken":0.0},{"damage_healed":0,"gold_gain":0,"player_choice":"Smashed Altar","damage_taken":0,"max_hp_gain":0,"max_hp_loss":0,"event_name":"Forgotten Altar","floor":27,"gold_loss":0,"cards_obtained":["Decay"]},{"damage_healed":0,"gold_gain":0,"player_choice":"Trade","damage_taken":0,"relics_obtained":["CultistMask"],"max_hp_gain":0,"max_hp_loss":0,"event_name":"FaceTrader","floor":37,"gold_loss":0}],"is_beta":false,"boss_relics":[{"not_picked":["Fusion Hammer","Lizard Tail"],"picked":"Sozu"},{"not_picked":["Mark of Pain","Runic Cube"],"picked":"Runic Pyramid"}],"items_purged_floors":[28],"is_endless":false,"potions_floor_spawned":[4,10,19,21,31,33,36],"killed_by":"Jaw Worm Horde","ascension_level":20}