{"path_per_floor":["M","M","?","M","M","E","R","E","T","?","M","M","?","M","R","B",null,"M","M","$","?","M"],"character_chosen":"DEFECT","items_purchased":["Kunai"],"gold_per_floor":[113,123,123,143,158,184,184,211,211,211,231,245,245,263,263,365,365,384,396,74,74,91,91],"floor_reached":23,"campfire_rested":2,"playtime":1172,"item_purchase_floors":[20],"current_hp_per_floor":[76,76,69,66,41,29,53,39,53,53,52,52,52,44,72,72,96,96,66,66,48,29,0],"items_purged":["Turbo+1"],"gold":91,"score":293,"play_id":"39d8291b-7387-471d-96a5-f84bf95020af","local_time":"20180602194853","is_prod":false,"is_daily":false,"chose_seed":false,"is_ascension_mode":true,"campfire_upgraded":0,"win_rate":0,"timestamp":1527986933,"campfire_choices":[{"floor":7,"key":"REST"},{"floor":15,"key":"REST"}],"path_taken":["M","?","?","M","M","E","R","E","T","?","M","M","?","M","R","BOSS","M","M","$","?","M","E"],"build_version":"2018-05-31","seed_source_timestamp":1294455294420811,"purchased_purges":1,"victory":false,"master_deck":["Strike_B","Defend_B","Defend_B","Zap","Dualcast","Gash","Gash","Ball Lightning","FTL","Coolheaded","Beam Cell","Electrodynamics","Genetic Algorithm","Beam Cell","Echo Form","Hello World+1","White Noise+1","Compile Driver","Sweeping Beam","Ghostly","Ghostly","Ghostly","Ghostly","Ghostly","Sweeping Beam"],"max_hp_per_floor":[82,82,82,82,82,82,82,82,96,96,96,96,96,96,96,96,96,96,96,96,48,48,48],"relics":["Cracked Core","Bronze Scales","Shovel","Mango","Astrolabe","Kunai"],"card_choices":[{"not_picked":["Redo","Coolheaded"],"picked":"Gash","floor":1},{"not_picked":["Barrage","Heatsinks"],"picked":"Gash","floor":2},{"not_picked":["Turbo","Hyperbeam"],"picked":"Ball Lightning","floor":4},{"not_picked":["Undo","Consume"],"picked":"FTL","floor":5},{"not_picked":["Double Energy","Turbo"],"picked":"Coolheaded","floor":6},{"not_picked":["Static Discharge","Melter"],"picked":"Beam Cell","floor":8},{"not_picked":["Capacitor","Leap"],"picked":"Electrodynamics","floor":11},{"not_picked":["Turbo","Stack"],"picked":"Genetic Algorithm","floor":12},{"not_picked":["Sunder","Chill"],"picked":"Beam Cell","floor":14},{"not_picked":["Amplify","Core Surge"],"picked":"Echo Form","floor":16},{"not_picked":["Recycle","Steam"],"picked":"Compile Driver","floor":18},{"not_picked":["Leap","Hello World"],"picked":"Sweeping Beam","floor":19},{"not_picked":["Leap","Stack"],"picked":"Sweeping Beam","floor":22}],"player_experience":221623,"potions_floor_usage":[23],"damage_taken":[{"damage":6,"enemies":"Cultist","floor":1,"turns":3},{"damage":0,"enemies":"Small Slimes","floor":2,"turns":3},{"damage":3,"enemies":"2 Louse","floor":4,"turns":2},{"damage":25,"enemies":"Exordium Thugs","floor":5,"turns":5},{"damage":12,"enemies":"3 Sentries","floor":6,"turns":6},{"damage":14,"enemies":"Gremlin Nob","floor":8,"turns":3},{"damage":1,"enemies":"3 Louse","floor":11,"turns":2},{"damage":0,"enemies":"Gremlin Gang","floor":12,"turns":2},{"damage":8,"enemies":"Looter","floor":14,"turns":2},{"damage":0,"enemies":"Slime Boss","floor":16,"turns":7},{"damage":0,"enemies":"Chosen","floor":18,"turns":5},{"damage":30,"enemies":"Shell Parasite","floor":19,"turns":3},{"damage":19,"enemies":"Centurion and Healer","floor":22,"turns":6},{"damage":33,"enemies":"Gremlin Leader","floor":23,"turns":4}],"relics_obtained":[{"floor":6,"key":"Bronze Scales"},{"floor":8,"key":"Shovel"},{"floor":9,"key":"Mango"}],"event_choices":[{"event_name":"Golden Wing","player_choice":"Card Removal","floor":3,"damage_taken":0},{"event_name":"Bonfire Elementals","player_choice":"BASIC","floor":10,"damage_taken":0},{"event_name":"The Woman in Blue","player_choice":"Bought 0 Potions","floor":13,"damage_taken":0},{"event_name":"Ghosts","player_choice":"Became a Ghost","floor":21,"damage_taken":0}],"boss_relics":[{"not_picked":["Velvet Choker","Ectoplasm"],"picked":"Astrolabe"}],"items_purged_floors":[20],"potions_floor_spawned":[1,5,11,12,16,18,19],"seed_played":"3205082730103515770","killed_by":"Gremlin Leader","ascension_level":1,"potions_obtained":[{"floor":1,"key":"Fire Potion"},{"floor":5,"key":"LiquidBronze"},{"floor":11,"key":"Explosive Potion"}],"is_trial":false}