{"gold_per_floor":[112,212,230,230,305,338,338,378,378,401,401,439,0,14,14,137,137,150,174,174,199,14,14,49,49,72,96,62,62,62,62],"floor_reached":31,"playtime":1280,"items_purged":["Injury"],"score":429,"play_id":"c82da17b-0970-48bb-ae48-0bc2d39c29d6","local_time":"20190111103707","is_ascension_mode":true,"campfire_choices":[{"data":"Zap","floor":7,"key":"SMITH"},{"data":"Stack","floor":11,"key":"SMITH"},{"floor":15,"key":"REST"},{"data":"Machine Learning","floor":23,"key":"SMITH"},{"floor":25,"key":"REST"}],"neow_cost":"NONE","seed_source_timestamp":51605763595439,"circlet_count":0,"master_deck":["Strike_B","Strike_B+1","Defend_B","Defend_B","Defend_B","Defend_B","Zap+1","Dualcast","Gash+1","Stack","Stack+1","Steam","Gash","Tempest","Biased Cognition","Streamline","Machine Learning+1","Rebound+1","Loop","Jack Of All Trades","Electrodynamics","Steam","Glacier","Capacitor","Ball Lightning","Stack+1","Regret","Creative AI","Force Field","BootSequence","Doom and Gloom"],"relics":["Cracked Core","NeowsBlessing","Golden Idol","Ice Cream","Lantern","Gremlin Horn","Whetstone","OrangePellets","Cursed Key","Centennial Puzzle","Bronze Scales"],"potions_floor_usage":[12,12,16,24,24],"damage_taken":[{"damage":0,"enemies":"Jaw Worm","floor":1,"turns":1},{"damage":0,"enemies":"Cultist","floor":3,"turns":1},{"damage":0,"enemies":"Lagavulin","floor":6,"turns":1},{"damage":18,"enemies":"3 Sentries","floor":8,"turns":8},{"damage":1,"enemies":"Small Slimes","floor":10,"turns":3},{"damage":30,"enemies":"Lagavulin","floor":12,"turns":9},{"damage":0,"enemies":"2 Fungi Beasts","floor":14,"turns":2},{"damage":9,"enemies":"Hexaghost","floor":16,"turns":7},{"damage":6,"enemies":"Chosen","floor":18,"turns":5},{"damage":18,"enemies":"Shell Parasite","floor":19,"turns":4},{"damage":5,"enemies":"Snecko","floor":21,"turns":4},{"damage":34,"enemies":"Gremlin Leader","floor":24,"turns":4},{"damage":29,"enemies":"Centurion and Healer","floor":27,"turns":7},{"damage":7,"enemies":"Cultist and Chosen","floor":31,"turns":3}],"seed_played":"3096068042680298554","potions_obtained":[{"floor":6,"key":"Regen Potion"},{"floor":8,"key":"Weak Potion"},{"floor":12,"key":"GamblersBrew"},{"floor":14,"key":"Energy Potion"},{"floor":19,"key":"Regen Potion"},{"floor":24,"key":"Fire Potion"}],"is_trial":false,"path_per_floor":["M","?","M","?","?","E","R","E","T","M","R","E","$","M","R","B",null,"M","M","?","M","$","R","E","R","T","M","$","?","?","M"],"character_chosen":"DEFECT","items_purchased":["OrangePellets","Biased Cognition","Glacier","Capacitor","Ball Lightning","Force Field"],"campfire_rested":2,"item_purchase_floors":[13,13,22,22,22,28],"current_hp_per_floor":[68,68,68,68,57,57,57,39,39,38,38,20,20,20,42,33,65,59,41,41,36,36,36,14,36,36,7,7,7,7,0],"gold":62,"neow_bonus":"THREE_ENEMY_KILL","is_prod":false,"is_daily":false,"chose_seed":false,"campfire_upgraded":3,"win_rate":0,"timestamp":1547224627,"path_taken":["M","?","?","?","?","E","R","E","T","M","R","E","$","M","R","BOSS","M","M","?","M","$","R","E","R","T","?","$","?","?","M"],"build_version":"2019-01-10","purchased_purges":1,"victory":false,"max_hp_per_floor":[75,75,75,75,75,75,75,75,75,75,75,75,75,75,75,75,75,75,75,75,75,75,75,75,75,75,75,75,75,75,75],"card_choices":[{"not_picked":["Rebound","Double Energy"],"picked":"Gash","floor":1},{"not_picked":["Tempest","Melter"],"picked":"Stack","floor":3},{"not_picked":["Fusion","Sweeping Beam"],"picked":"Stack","floor":6},{"not_picked":["Barrage","Multi-Cast"],"picked":"Steam","floor":8},{"not_picked":["Tempest","Hello World"],"picked":"Gash","floor":10},{"not_picked":["Recycle","Reprogram"],"picked":"Tempest","floor":12},{"not_picked":["Hologram","Compile Driver"],"picked":"Streamline","floor":14},{"not_picked":["Rainbow","Hyperbeam"],"picked":"Machine Learning","floor":16},{"not_picked":["Melter","Cold Snap"],"picked":"Rebound+1","floor":18},{"not_picked":["Go for the Eyes+1","Chill"],"picked":"Loop","floor":19},{"not_picked":["Tempest+1","Redo"],"picked":"Steam","floor":21},{"not_picked":["FTL","Tempest"],"picked":"Stack+1","floor":24},{"not_picked":["Sweeping Beam+1","Cold Snap"],"picked":"Creative AI","floor":27}],"player_experience":427210,"relics_obtained":[{"floor":6,"key":"Ice Cream"},{"floor":8,"key":"Lantern"},{"floor":9,"key":"Gremlin Horn"},{"floor":12,"key":"Whetstone"},{"floor":24,"key":"Centennial Puzzle"},{"floor":26,"key":"Bronze Scales"}],"event_choices":[{"damage_healed":0,"gold_gain":100,"player_choice":"Pray","damage_taken":0,"max_hp_gain":0,"max_hp_loss":0,"event_name":"Golden Shrine","floor":2,"gold_loss":0},{"damage_healed":0,"gold_gain":0,"player_choice":"Take Wound","damage_taken":0,"relics_obtained":["Golden Idol"],"max_hp_gain":0,"max_hp_loss":0,"event_name":"Golden Idol","floor":4,"gold_loss":0,"cards_obtained":["Injury"]},{"damage_healed":0,"gold_gain":75,"player_choice":"Gather Gold","damage_taken":11,"max_hp_gain":0,"max_hp_loss":0,"event_name":"World of Goop","floor":5,"gold_loss":0},{"damage_healed":0,"gold_gain":0,"player_choice":"2 cards matched","damage_taken":0,"max_hp_gain":0,"max_hp_loss":0,"event_name":"Match and Keep!","floor":20,"gold_loss":0,"cards_obtained":["Jack Of All Trades","Electrodynamics"]},{"damage_healed":0,"gold_gain":0,"cards_transformed":["Strike_B","Strike_B"],"player_choice":"Became Test Subject","damage_taken":0,"max_hp_gain":0,"max_hp_loss":0,"event_name":"Drug Dealer","floor":29,"gold_loss":0,"cards_obtained":["BootSequence","Doom and Gloom"]},{"damage_healed":0,"gold_gain":0,"player_choice":"Ignored","damage_taken":0,"max_hp_gain":0,"max_hp_loss":0,"event_name":"Vampires","floor":30,"gold_loss":0}],"is_beta":false,"boss_relics":[{"not_picked":["Velvet Choker","Philosopher\u0027s Stone"],"picked":"Cursed Key"}],"items_purged_floors":[13],"is_endless":false,"potions_floor_spawned":[6,8,12,14,19,24],"killed_by":"Cultist and Chosen","ascension_level":9}