{"path_per_floor":["M","?","?","$","M","E","R","E","T","R","?","M","R","M","R","B",null,"M","?","T","M"],"character_chosen":"THE_SILENT","items_purchased":["Caltrops"],"gold_per_floor":[118,118,68,30,55,91,91,125,125,125,300,318,318,336,336,455,455,470,470,470,483,483],"floor_reached":22,"campfire_rested":3,"playtime":1678,"current_hp_per_floor":[68,51,51,51,40,30,30,10,10,31,37,35,57,42,64,56,76,56,56,56,42,0],"items_purged":[],"gold":483,"score":220,"play_id":"6fb5cfa6-d01f-4ab4-ad9e-d01a35d3c01a","local_time":"20180326100416","is_prod":false,"is_daily":false,"is_ascension_mode":true,"campfire_upgraded":1,"timestamp":1522076656,"path_taken":["M","?","?","$","M","E","R","E","T","R","?","M","R","M","R","BOSS","M","?","?","M","M"],"build_version":"2018-03-22v2","purchased_purges":0,"victory":false,"master_deck":["Defend_G","Defend_G","Defend_G","Defend_G","Strike_G","Strike_G","Strike_G","Strike_G","Survivor","Neutralize","Venomology+1","Prepared","Caltrops","Dodge and Roll","Noxious Fumes","Outmaneuver","Calculated Gamble","Malaise","After Image","Underhanded Strike+1","Bane+1"],"max_hp_per_floor":[70,70,70,70,70,70,70,70,70,70,76,76,76,76,76,76,76,76,76,76,76,76],"relics":["Ring of the Snake","Golden Idol","Lantern","Darkstone Periapt","Unceasing Top","Question Card","Spirit Poop","Dream Catcher"],"card_choices":[{"not_picked":["Underhanded Strike","Deflect"],"picked":"Prepared","floor":1},{"not_picked":["Backflip","Eviscerate"],"picked":"Dodge and Roll","floor":5},{"not_picked":["PiercingWail","Quick Slash"],"picked":"Noxious Fumes","floor":6},{"not_picked":["Blade Dance","Blur"],"picked":"Outmaneuver","floor":8},{"not_picked":["Prepared","Poisoned Stab"],"picked":"Calculated Gamble","floor":12},{"not_picked":["Deflect","Quick Slash"],"picked":"Malaise","floor":14},{"not_picked":["Tools of the Trade","Adrenaline"],"picked":"After Image","floor":16},{"not_picked":["Sucker Punch","Dagger Throw","Quick Slash"],"picked":"Underhanded Strike","floor":18},{"not_picked":["Underhanded Strike","Eviscerate","Masterful Stab"],"picked":"Bane","floor":21}],"player_experience":85573,"potions_floor_usage":[6,6,8,8,14,16,16,16,22],"damage_taken":[{"damage":2,"enemies":"2 Louse","floor":1,"turns":4},{"damage":11,"enemies":"Small Slimes","floor":5,"turns":4},{"damage":10,"enemies":"3 Sentries","floor":6,"turns":11},{"damage":20,"enemies":"Gremlin Nob","floor":8,"turns":4},{"damage":2,"enemies":"Jaw Worm","floor":12,"turns":5},{"damage":27,"enemies":"Lots of Slimes","floor":14,"turns":4},{"damage":23,"enemies":"The Guardian","floor":16,"turns":14},{"damage":20,"enemies":"Spheric Guardian","floor":18,"turns":9},{"damage":14,"enemies":"Shell Parasite","floor":21,"turns":8},{"damage":46,"enemies":"Centurion and Healer","floor":22,"turns":7}],"event_choices":[{"event_name":"Golden Idol","player_choice":"Take Damage","floor":2,"damage_taken":0},{"event_name":"The Cleric","player_choice":"Card Removal","floor":3,"damage_taken":0},{"event_name":"Liars Game","player_choice":"agreed","floor":11,"damage_taken":0},{"event_name":"Bonfire Elementals","player_choice":"CURSE","floor":19,"damage_taken":0}],"boss_relics":[{"not_picked":["Snecko Eye","Ectoplasm"],"picked":"Question Card"}],"potions_floor_spawned":[5,6],"seed_played":"-3425397877198989884","killed_by":"Centurion and Healer","ascension_level":3,"is_trial":false}