{"gold_per_floor":[112,14,26,44,57,57,57,57,57,57,89,150,150,168,168,263,263,277,277,277,292,302,302,320,320,320,338,338,253,283,298,298,298],"floor_reached":33,"playtime":3519,"items_purged":[],"score":292,"play_id":"da91e62c-a2c3-4cb9-9104-457f377b81c8","local_time":"20181230144312","is_ascension_mode":false,"campfire_choices":[{"data":"Neutralize","floor":6,"key":"SMITH"},{"floor":10,"key":"REST"},{"floor":13,"key":"REST"},{"data":"Poisoned Stab","floor":15,"key":"SMITH"},{"floor":23,"key":"REST"},{"floor":25,"key":"REST"},{"floor":28,"key":"REST"},{"floor":32,"key":"REST"}],"neow_cost":"NONE","seed_source_timestamp":1015081141939887,"circlet_count":0,"master_deck":["Defend_G","Defend_G","Defend_G","Defend_G","Defend_G","Strike_G","Strike_G","Strike_G","Strike_G","Strike_G+1","Survivor","Neutralize+1","Flying Knee","Finesse+1","Quick Slash","Concentrate","Deflect+1","Escape Plan","Backstab","Poisoned Stab+1","Bullet Time","Backstab","Dagger Spray","Dagger Throw+1","Choke","Dash+1","Noxious Fumes","All Out Attack"],"relics":["Ring of the Snake","Happy Flower","PreservedInsect","Bag of Preparation","Paper Crane","Art of War","Velvet Choker","Question Card","Ornamental Fan","Ancient Tea Set"],"potions_floor_usage":[16],"damage_taken":[{"damage":5,"enemies":"Cultist","floor":1,"turns":4},{"damage":0,"enemies":"Small Slimes","floor":3,"turns":3},{"damage":3,"enemies":"Jaw Worm","floor":4,"turns":4},{"damage":0,"enemies":"Looter","floor":5,"turns":3},{"damage":10,"enemies":"Gremlin Nob","floor":11,"turns":4},{"damage":7,"enemies":"Lagavulin Event","floor":12,"turns":5},{"damage":0,"enemies":"2 Fungi Beasts","floor":14,"turns":2},{"damage":55,"enemies":"The Guardian","floor":16,"turns":11},{"damage":2,"enemies":"Chosen","floor":18,"turns":6},{"damage":4,"enemies":"3 Byrds","floor":21,"turns":5},{"damage":23,"enemies":"Snake Plant","floor":22,"turns":6},{"damage":29,"enemies":"3 Cultists","floor":24,"turns":6},{"damage":18,"enemies":"Centurion and Healer","floor":27,"turns":9},{"damage":0,"enemies":"Book of Stabbing","floor":30,"turns":4},{"damage":24,"enemies":"Cultist and Chosen","floor":31,"turns":6},{"damage":54,"enemies":"Collector","floor":33,"turns":5}],"seed_played":"-8110225575902013744","potions_obtained":[{"floor":3,"key":"Poison Potion"},{"floor":11,"key":"GamblersBrew"},{"floor":12,"key":"Ancient Potion"},{"floor":22,"key":"Energy Potion"},{"floor":27,"key":"SmokeBomb"}],"is_trial":false,"path_per_floor":["M","$","M","M","M","R","?","T","T","R","E","?","R","M","R","B",null,"M","?","?","M","M","R","M","R","T","M","R","?","E","M","R","B"],"character_chosen":"THE_SILENT","items_purchased":["Finesse"],"campfire_rested":6,"item_purchase_floors":[2],"current_hp_per_floor":[65,65,65,62,62,62,48,48,48,69,59,52,70,70,70,15,70,68,68,68,64,41,62,33,54,54,36,57,57,57,33,54,0],"gold":298,"neow_bonus":"RANDOM_COMMON_RELIC","is_prod":false,"is_daily":false,"chose_seed":false,"campfire_upgraded":2,"win_rate":0,"timestamp":1546198992,"path_taken":["M","?","?","M","M","R","?","?","T","R","E","?","R","M","R","BOSS","M","?","?","M","?","R","M","R","T","M","R","?","E","M","R","BOSS"],"build_version":"2018-12-20","purchased_purges":0,"victory":false,"max_hp_per_floor":[70,70,70,70,70,70,70,70,70,70,70,70,70,70,70,70,70,70,70,70,70,70,70,70,70,70,70,70,70,70,70,70,70],"card_choices":[{"not_picked":["Dagger Throw","Slice"],"picked":"Flying Knee","floor":1},{"not_picked":["Blade Dance","Outmaneuver"],"picked":"Quick Slash","floor":3},{"not_picked":["Dagger Throw","Prepared"],"picked":"Concentrate","floor":4},{"not_picked":["Slice","Acrobatics"],"picked":"Deflect","floor":5},{"not_picked":["Acrobatics","Outmaneuver"],"picked":"Escape Plan","floor":11},{"not_picked":["Well Laid Plans","Burst"],"picked":"Backstab","floor":12},{"not_picked":["Backflip","Slice"],"picked":"Poisoned Stab","floor":14},{"not_picked":["Tools of the Trade","Burst"],"picked":"Bullet Time","floor":16},{"not_picked":["Dodge and Roll","Well Laid Plans"],"picked":"Backstab","floor":18},{"not_picked":["Distraction","Poisoned Stab"],"picked":"Dagger Spray","floor":21},{"not_picked":["Riddle With Holes","Poisoned Stab"],"picked":"Dagger Throw+1","floor":22},{"not_picked":["Cloak And Dagger+1","Poisoned Stab"],"picked":"Choke","floor":24},{"not_picked":["Catalyst","Cloak And Dagger","Footwork"],"picked":"Dash+1","floor":27},{"not_picked":["Deflect","Dash","Bane"],"picked":"Noxious Fumes","floor":30},{"not_picked":["Backstab","Quick Slash","Infinite Blades"],"picked":"All Out Attack","floor":31}],"player_experience":298450,"relics_obtained":[{"floor":8,"key":"PreservedInsect"},{"floor":9,"key":"Bag of Preparation"},{"floor":11,"key":"Paper Crane"},{"floor":12,"key":"Art of War"},{"floor":26,"key":"Question Card"},{"floor":30,"key":"Ancient Tea Set"}],"event_choices":[{"damage_healed":0,"gold_gain":0,"player_choice":"Entered Light","damage_taken":14,"max_hp_gain":0,"max_hp_loss":0,"event_name":"Shining Light","floor":7,"gold_loss":0,"cards_upgraded":["Deflect","Strike_G"]},{"damage_healed":0,"gold_gain":0,"player_choice":"Searched \u00271\u0027 times","damage_taken":0,"max_hp_gain":0,"max_hp_loss":0,"event_name":"Dead Adventurer","floor":12,"gold_loss":0},{"damage_healed":0,"gold_gain":0,"player_choice":"Ignored","damage_taken":0,"max_hp_gain":0,"max_hp_loss":0,"event_name":"Vampires","floor":19,"gold_loss":0},{"damage_healed":0,"gold_gain":0,"player_choice":"Forge","damage_taken":0,"max_hp_gain":0,"max_hp_loss":0,"event_name":"Accursed Blacksmith","floor":20,"gold_loss":0,"cards_upgraded":["Finesse"]},{"damage_healed":0,"gold_gain":0,"player_choice":"Obtained Relic","damage_taken":0,"relics_obtained":["Ornamental Fan"],"max_hp_gain":0,"max_hp_loss":0,"event_name":"Addict","floor":29,"gold_loss":85}],"is_beta":false,"boss_relics":[{"not_picked":["Coffee Dripper","Cursed Key"],"picked":"Velvet Choker"}],"items_purged_floors":[],"is_endless":false,"potions_floor_spawned":[3,11,12,22,27],"killed_by":"Collector","ascension_level":0}