{"gold_per_floor":[116,116,116,134,134,134,150,178,178,194,244,258,258,289,289,364,364,377,60,73,83,83,83,103,103,103,53,53,87,37,51,51,51],"floor_reached":33,"playtime":969,"items_purged":["Strike_R","Defend_R","Strike_R"],"score":575,"play_id":"cebb4435-9871-4c04-abbd-cd855c8fc840","local_time":"20181110013827","is_ascension_mode":true,"campfire_choices":[{"data":"True Grit","floor":6,"key":"SMITH"},{"data":"Rampage","floor":13,"key":"SMITH"},{"floor":15,"key":"REST"},{"data":"Clothesline","floor":23,"key":"SMITH"},{"data":"Juggernaut","floor":28,"key":"SMITH"},{"data":"Barricade","floor":32,"key":"SMITH"}],"neow_cost":"NONE","seed_source_timestamp":689251082944417,"circlet_count":0,"master_deck":["AscendersBane","Strike_R+1","Strike_R+1","Defend_R","Defend_R","Defend_R","Bash","Rampage+1","True Grit+1","Headbutt","Clothesline+1","Shrug It Off","Shrug It Off","Pommel Strike","Juggernaut+1","Intimidate+1","Flame Barrier","Shrug It Off","Battle Trance","Feel No Pain","Barricade+1","Shrug It Off"],"relics":["Burning Blood","NeowsBlessing","Ginger","StoneCalendar","Smiling Mask","Cursed Key","ClockworkSouvenir","Torii"],"potions_floor_usage":[8,12,16,29,29,31,33],"damage_taken":[{"damage":0,"enemies":"Jaw Worm","floor":1,"turns":1},{"damage":0,"enemies":"Small Slimes","floor":4,"turns":1},{"damage":0,"enemies":"Cultist","floor":7,"turns":1},{"damage":8,"enemies":"Gremlin Nob","floor":8,"turns":3},{"damage":11,"enemies":"Looter","floor":10,"turns":3},{"damage":13,"enemies":"Exordium Wildlife","floor":12,"turns":5},{"damage":25,"enemies":"Lagavulin","floor":14,"turns":7},{"damage":40,"enemies":"Slime Boss","floor":16,"turns":7},{"damage":12,"enemies":"Spheric Guardian","floor":18,"turns":4},{"damage":9,"enemies":"Chosen","floor":20,"turns":5},{"damage":3,"enemies":"Centurion and Healer","floor":21,"turns":7},{"damage":14,"enemies":"Cultist and Chosen","floor":24,"turns":7},{"damage":15,"enemies":"Book of Stabbing","floor":29,"turns":5},{"damage":9,"enemies":"3 Cultists","floor":31,"turns":5},{"damage":54,"enemies":"Automaton","floor":33,"turns":6}],"seed_played":"-5615539869167713075","potions_obtained":[{"floor":1,"key":"Swift Potion"},{"floor":8,"key":"LiquidBronze"},{"floor":10,"key":"AttackPotion"},{"floor":14,"key":"Fire Potion"},{"floor":24,"key":"GamblersBrew"},{"floor":29,"key":"SteroidPotion"},{"floor":31,"key":"AttackPotion"}],"is_trial":false,"path_per_floor":["M","?","?","M","?","R","M","E","T","M","?","M","R","E","R","B",null,"M","$","M","M","T","R","M","?","T","$","R","E","$","M","R","B"],"character_chosen":"IRONCLAD","items_purchased":["Flame Barrier","ClockworkSouvenir"],"campfire_rested":1,"item_purchase_floors":[19,19],"current_hp_per_floor":[74,51,51,57,50,50,56,54,54,49,49,42,42,23,45,11,59,53,53,50,53,53,53,45,45,45,45,45,36,36,33,33,0],"gold":51,"neow_bonus":"THREE_ENEMY_KILL","is_prod":false,"is_daily":false,"chose_seed":false,"campfire_upgraded":5,"win_rate":0,"timestamp":1541842707,"path_taken":["M","?","?","M","?","R","?","E","T","M","?","M","R","E","R","BOSS","M","$","M","M","?","R","M","?","T","?","R","E","$","M","R","BOSS"],"build_version":"2018-11-08","purchased_purges":3,"victory":false,"max_hp_per_floor":[75,75,75,75,75,75,75,75,75,75,75,75,75,75,75,75,75,75,75,75,75,75,75,75,75,75,75,75,75,75,75,75,75],"card_choices":[{"not_picked":["Flame Barrier","Wild Strike"],"picked":"Rampage","floor":1},{"not_picked":["Bloodletting","Perfected Strike"],"picked":"True Grit","floor":4},{"not_picked":["Perfected Strike","True Grit"],"picked":"Headbutt","floor":7},{"not_picked":["Whirlwind","Wild Strike"],"picked":"Clothesline","floor":8},{"not_picked":["Corruption","Dropkick"],"picked":"Shrug It Off","floor":10},{"not_picked":["True Grit","Burning Pact"],"picked":"Shrug It Off","floor":12},{"not_picked":["Havoc","Clash"],"picked":"Pommel Strike","floor":14},{"not_picked":["Reaper","Impervious"],"picked":"Juggernaut","floor":16},{"not_picked":["Heavy Blade","Body Slam"],"picked":"Intimidate+1","floor":18},{"not_picked":["Iron Wave","Wild Strike"],"picked":"Shrug It Off","floor":20},{"not_picked":["Iron Wave","Thunderclap","Clash"],"picked":"SKIP","floor":21},{"not_picked":["Reckless Charge+1","Ghostly Armor"],"picked":"Battle Trance","floor":24},{"not_picked":["Wild Strike+1","Fire Breathing"],"picked":"Barricade","floor":29},{"not_picked":["Dual Wield","Thunderclap"],"picked":"Shrug It Off","floor":31}],"player_experience":930784,"relics_obtained":[{"floor":8,"key":"Ginger"},{"floor":9,"key":"StoneCalendar"},{"floor":14,"key":"Smiling Mask"},{"floor":29,"key":"Torii"}],"event_choices":[{"damage_healed":0,"gold_gain":0,"player_choice":"Entered Light","damage_taken":23,"max_hp_gain":0,"max_hp_loss":0,"event_name":"Shining Light","floor":2,"gold_loss":0,"cards_upgraded":["Strike_R","Strike_R"]},{"damage_healed":0,"gold_gain":0,"player_choice":"Ignored","damage_taken":0,"max_hp_gain":0,"max_hp_loss":0,"event_name":"Liars Game","floor":3,"gold_loss":0},{"cards_removed":["Strike_R"],"damage_healed":0,"gold_gain":0,"player_choice":"Card Removal","damage_taken":7,"max_hp_gain":0,"max_hp_loss":0,"event_name":"Golden Wing","floor":5,"gold_loss":0},{"damage_healed":0,"gold_gain":50,"player_choice":"Pray","damage_taken":0,"max_hp_gain":0,"max_hp_loss":0,"event_name":"Golden Shrine","floor":11,"gold_loss":0},{"damage_healed":0,"gold_gain":0,"player_choice":"Read","damage_taken":0,"max_hp_gain":0,"max_hp_loss":0,"event_name":"The Library","floor":25,"gold_loss":0,"cards_obtained":["Feel No Pain"]}],"is_beta":true,"boss_relics":[{"not_picked":["Snecko Eye","Pandora\u0027s Box"],"picked":"Cursed Key"}],"items_purged_floors":[19,27,30],"is_endless":false,"potions_floor_spawned":[1,8,10,14,24,29,31],"killed_by":"Automaton","ascension_level":20}