{"gold_per_floor":[15,26,38,52,66,66,76,76,76,141,167,185,185,185,185,282,282,294,314,314,275,286,286,286,305,332,352,352,365,376,396,396,491,491,510,199,0,10,10,10,43,43,43,75,75,85,85,119,119,119],"floor_reached":51,"playtime":6737,"items_purged":["Strike_B"],"score":992,"play_id":"6149dffe-37da-456f-b5be-20a00ef3c824","local_time":"20180913160941","is_ascension_mode":true,"campfire_choices":[{"data":"Zap","floor":6.0,"key":"SMITH"},{"data":"Go for the Eyes","floor":8.0,"key":"SMITH"},{"data":"Coolheaded","floor":13.0,"key":"SMITH"},{"data":"Defragment","floor":15.0,"key":"SMITH"},{"data":"Blizzard","floor":23.0,"key":"SMITH"},{"floor":32.0,"key":"REST"},{"data":"Barrage","floor":40.0,"key":"SMITH"},{"data":"Conserve Battery","floor":42.0,"key":"SMITH"},{"data":"Loop","floor":45.0,"key":"SMITH"},{"data":"Glass Knife","floor":49,"key":"SMITH"}],"neow_cost":"NO_GOLD","seed_source_timestamp":0,"circlet_count":0,"master_deck":["Defend_B","Defend_B","Defend_B","Zap+1","Dualcast","Go for the Eyes+1","BootSequence+1","Coolheaded+1","Self Repair","Compile Driver","FTL","Cold Snap","Defragment+1","Reprogram","Multi-Cast","Conserve Battery","Cold Snap","Ball Lightning","Undo+1","Chill","Conserve Battery+1","Barrage+1","Blizzard+1","Chill+1","Cold Snap+1","Chill","Cold Snap","Electrodynamics","Coolheaded+1","Loop+1","Echo Form+1","Pommel Strike+1","Glass Knife+1"],"special_seed":0,"relics":["Cracked Core","Art of War","Happy Flower","Orrery","Enchiridion","Nloth\u0027s Gift","War Paint","MutagenicStrength","Cursed Key","PrismaticShard","Red Mask","Frozen Egg 2","Lantern","Incense Burner","Letter Opener"],"potions_floor_usage":[50,50,50],"damage_taken":[{"damage":2.0,"enemies":"2 Louse","floor":1.0,"turns":4.0},{"damage":2.0,"enemies":"Jaw Worm","floor":2.0,"turns":3.0},{"damage":0.0,"enemies":"Cultist","floor":3.0,"turns":4.0},{"damage":1.0,"enemies":"Blue Slaver","floor":4.0,"turns":3.0},{"damage":0.0,"enemies":"Looter","floor":5.0,"turns":4.0},{"damage":1.0,"enemies":"Red Slaver","floor":7.0,"turns":4.0},{"damage":15.0,"enemies":"3 Sentries","floor":10.0,"turns":8.0},{"damage":4.0,"enemies":"Lagavulin","floor":11.0,"turns":6.0},{"damage":0.0,"enemies":"Gremlin Gang","floor":12.0,"turns":4.0},{"damage":6.0,"enemies":"Slime Boss","floor":16.0,"turns":9.0},{"damage":3.0,"enemies":"Chosen","floor":18.0,"turns":5.0},{"damage":0.0,"enemies":"3 Byrds","floor":19.0,"turns":6.0},{"damage":23.0,"enemies":"3 Cultists","floor":22.0,"turns":6.0},{"damage":4.0,"enemies":"Chosen and Byrds","floor":25.0,"turns":7.0},{"damage":5.0,"enemies":"Snake Plant","floor":27.0,"turns":6.0},{"damage":6.0,"enemies":"3 Cultists","floor":29.0,"turns":6.0},{"damage":6.0,"enemies":"Shelled Parasite and Fungi","floor":30.0,"turns":6.0},{"damage":11.0,"enemies":"Centurion and Healer","floor":31.0,"turns":7.0},{"damage":57.0,"enemies":"Champ","floor":33.0,"turns":13.0},{"damage":0.0,"enemies":"Orb Walker","floor":35.0,"turns":5.0},{"damage":7.0,"enemies":"3 Darklings","floor":38.0,"turns":4.0},{"damage":14.0,"enemies":"Nemesis","floor":41.0,"turns":9.0},{"damage":16.0,"enemies":"Giant Head","floor":44.0,"turns":9.0},{"damage":0.0,"enemies":"4 Shapes","floor":46.0,"turns":3.0},{"damage":0,"enemies":"Mind Bloom Boss Battle","floor":47,"turns":8},{"damage":14,"enemies":"2 Orb Walkers","floor":48,"turns":8},{"damage":1,"enemies":"Donu and Deca","floor":50,"turns":9}],"seed_played":"-3516903846178006440","potions_obtained":[{"floor":2.0,"key":"Energy Potion"},{"floor":3.0,"key":"Block Potion"},{"floor":5.0,"key":"Strength Potion"},{"floor":10.0,"key":"Block Potion"},{"floor":12.0,"key":"Explosive Potion"},{"floor":16.0,"key":"Swift Potion"},{"floor":19.0,"key":"Strength Potion"},{"floor":22.0,"key":"Explosive Potion"},{"floor":29.0,"key":"Energy Potion"},{"floor":33.0,"key":"Ancient Potion"},{"floor":48,"key":"Energy Potion"}],"is_trial":false,"path_per_floor":["M","M","M","M","M","R","M","R","T","?","E","M","R","?","R","B",null,"M","M","?","$","M","R","?","M","T","M","?","M","M","M","R","B",null,"M","$","?","M","?","R","E","R","T","E","R","M","?","E","R","B"],"character_chosen":"DEFECT","items_purchased":["Blizzard","PrismaticShard","Loop"],"campfire_rested":1,"item_purchase_floors":[21,36,36],"current_hp_per_floor":[66,64,64,63,70,70,75,75,75,74,77,82,82,82,82,82,82,82,82,66,66,50,50,50,53,53,55,55,56,57,53,77,27,68,82,82,82,82,82,82,75,75,75,66,66,66,80,73,73,72],"gold":119,"neow_bonus":"REMOVE_TWO","is_prod":false,"is_daily":false,"chose_seed":false,"campfire_upgraded":9,"win_rate":0,"timestamp":1536880181,"path_taken":["M","M","M","M","M","R","M","R","T","?","E","M","R","?","R","BOSS","M","?","?","$","M","R","?","M","T","?","?","M","M","M","R","BOSS","M","$","?","M","?","R","E","R","T","E","R","M","?","E","R","BOSS"],"build_version":"2018-09-06","purchased_purges":1,"victory":true,"max_hp_per_floor":[75,75,75,75,75,75,75,75,75,82,82,82,82,82,82,82,82,82,82,82,82,82,82,82,82,82,82,82,82,82,82,82,82,82,82,82,82,82,82,82,82,82,82,82,82,82,82,82,82,82],"card_choices":[{"not_picked":["Rebound","Barrage"],"picked":"Go for the Eyes","floor":1.0},{"not_picked":["Redo","Turbo"],"picked":"BootSequence","floor":2.0},{"not_picked":["Static Discharge","Blizzard"],"picked":"Coolheaded","floor":3.0},{"not_picked":["Go for the Eyes","Steam"],"picked":"Self Repair","floor":4.0},{"not_picked":["Scrape","Tempest"],"picked":"Compile Driver","floor":5.0},{"not_picked":["Chaos","Streamline"],"picked":"FTL","floor":7.0},{"not_picked":["White Noise","Steam Power"],"picked":"Cold Snap","floor":10.0},{"not_picked":["Beam Cell","Go for the Eyes"],"picked":"Defragment","floor":11.0},{"not_picked":["Streamline","Coolheaded","Go for the Eyes"],"picked":"SKIP","floor":12.0},{"not_picked":["Rainbow","Thunder Strike"],"picked":"Multi-Cast","floor":16.0},{"not_picked":["Chaos","Static Discharge"],"picked":"Conserve Battery","floor":17.0},{"not_picked":["Stack","Darkness"],"picked":"Cold Snap","floor":17.0},{"not_picked":["Compile Driver","Darkness"],"picked":"Ball Lightning","floor":17.0},{"not_picked":["Coolheaded","Multi-Cast"],"picked":"Undo","floor":17.0},{"not_picked":["Gash","Conserve Battery"],"picked":"Chill","floor":17.0},{"not_picked":["Compile Driver","Hologram"],"picked":"Conserve Battery","floor":18.0},{"not_picked":["Rebound","Beam Cell"],"picked":"Barrage","floor":19.0},{"not_picked":["Steam","Hologram"],"picked":"Chill+1","floor":22.0},{"not_picked":["Redo+1","Sweeping Beam+1"],"picked":"Cold Snap+1","floor":25.0},{"not_picked":["Rip and Tear","Conserve Battery+1","Compile Driver"],"picked":"SKIP","floor":27.0},{"not_picked":["Genetic Algorithm+1","Core Surge"],"picked":"Chill","floor":29.0},{"not_picked":["Sweeping Beam","Conserve Battery","Redo"],"picked":"SKIP","floor":30.0},{"not_picked":["Reprogram","Go for the Eyes"],"picked":"Cold Snap","floor":31.0},{"not_picked":["Thunder Strike","Amplify"],"picked":"Electrodynamics","floor":33.0},{"not_picked":["Cold Snap+1","Aggregate"],"picked":"Coolheaded+1","floor":35.0},{"not_picked":["Prepared","Perfected Strike","Reinforced Body"],"picked":"SKIP","floor":38.0},{"not_picked":["PiercingWail","Melter"],"picked":"Echo Form","floor":41.0},{"not_picked":["Sunder","Heel Hook"],"picked":"Pommel Strike+1","floor":44.0},{"not_picked":["Endless Agony+1","Clash","Pommel Strike+1"],"picked":"SKIP","floor":46},{"not_picked":["Sword Boomerang","Exhume"],"picked":"Glass Knife","floor":48}],"player_experience":1033730,"relics_obtained":[{"floor":9.0,"key":"Art of War"},{"floor":10.0,"key":"Strawberry"},{"floor":11.0,"key":"Happy Flower"},{"floor":20.0,"key":"Enchiridion"},{"floor":26.0,"key":"War Paint"},{"floor":41.0,"key":"Frozen Egg 2"},{"floor":44.0,"key":"Lantern"},{"floor":47,"key":"Incense Burner"},{"floor":48,"key":"Letter Opener"}],"event_choices":[{"event_name":"Dead Adventurer","player_choice":"Searched \u00272\u0027 times","floor":10.0,"damage_taken":0.0},{"event_name":"Transmorgrifier","player_choice":"Transform","floor":14.0,"damage_taken":0.0},{"event_name":"Cursed Tome","player_choice":"Obtained Book","floor":20.0,"damage_taken":0.0},{"event_name":"N\u0027loth","player_choice":"Traded a Strawberry","floor":24.0,"damage_taken":0.0},{"event_name":"Drug Dealer","player_choice":"Inject Mutagens","floor":28.0,"damage_taken":0.0},{"event_name":"Tomb of Lord Red Mask","player_choice":"Paid","floor":37.0,"damage_taken":0.0},{"event_name":"Falling","player_choice":"Removed Attack","floor":39.0,"damage_taken":0.0},{"event_name":"MindBloom","player_choice":"Fight","floor":47,"damage_taken":0}],"is_beta":false,"boss_relics":[{"not_picked":["Ectoplasm","White Beast Statue"],"picked":"Orrery"},{"not_picked":["Runic Dome","Philosopher\u0027s Stone"],"picked":"Cursed Key"}],"items_purged_floors":[36],"is_endless":false,"potions_floor_spawned":[2,3,5,10,12,16,19,22,29,30,33,41,48],"ascension_level":7}