{"gold_per_floor":[110,13,13,32,44,44,73,18,18,70,70,87,145,163,163,237,237,256,256,267,267,267],"floor_reached":22,"playtime":697,"items_purged":[],"score":368,"play_id":"078241c4-cf14-4db5-95ce-a5247039c674","local_time":"20181210012130","is_ascension_mode":true,"campfire_choices":[{"data":"Pommel Strike","floor":6,"key":"SMITH"},{"data":"Armaments","floor":11,"key":"SMITH"},{"floor":15,"key":"RECALL"}],"neow_cost":"NONE","seed_source_timestamp":215656269082411,"circlet_count":0,"master_deck":["AscendersBane","Strike_R","Strike_R","Strike_R","Strike_R","Strike_R","Defend_R","Defend_R","Defend_R","Defend_R","Bash","Pommel Strike+1","Inflame+1","Heavy Blade","Sword Boomerang","Headbutt","Evolve","Armaments+1","Iron Wave","True Grit","Havoc","Dark Embrace","Inflame"],"relics":["Burning Blood","Blood Vial","Mango","Mercury Hourglass","Regal Pillow","Blue Candle","Snecko Eye"],"potions_floor_usage":[13,21],"damage_taken":[{"damage":12,"enemies":"Cultist","floor":1,"turns":4},{"damage":8,"enemies":"2 Louse","floor":4,"turns":2},{"damage":1,"enemies":"Small Slimes","floor":5,"turns":3},{"damage":20,"enemies":"3 Sentries","floor":7,"turns":5},{"damage":8,"enemies":"2 Fungi Beasts","floor":12,"turns":4},{"damage":8,"enemies":"Gremlin Nob","floor":13,"turns":3},{"damage":0,"enemies":"Large Slime","floor":14,"turns":5},{"damage":49,"enemies":"The Guardian","floor":16,"turns":14},{"damage":27,"enemies":"Shell Parasite","floor":18,"turns":3},{"damage":22,"enemies":"Spheric Guardian","floor":20,"turns":4},{"damage":51,"enemies":"Colosseum Slavers","floor":21,"turns":5},{"damage":20,"enemies":"Chosen and Byrds","floor":22,"turns":3}],"seed_played":"5712617772798034793","potions_obtained":[{"floor":1,"key":"FearPotion"},{"floor":12,"key":"Regen Potion"},{"floor":13,"key":"GamblersBrew"},{"floor":18,"key":"Swift Potion"}],"is_trial":false,"path_per_floor":["M","$","?","M","M","R","E","$","T","T","R","M","?","M","R","B",null,"M","?","M","?","M"],"character_chosen":"IRONCLAD","items_purchased":["Inflame","Heavy Blade","Armaments"],"campfire_rested":0,"item_purchase_floors":[2,2,8],"current_hp_per_floor":[64,64,64,64,71,71,73,73,73,73,73,73,73,81,81,40,77,58,58,44,15,0],"gold":267,"neow_bonus":"RANDOM_COMMON_RELIC","is_prod":false,"is_daily":false,"chose_seed":false,"campfire_upgraded":2,"win_rate":0,"timestamp":1544430090,"path_taken":["M","?","?","?","M","R","E","$","T","?","R","M","?","M","R","BOSS","M","?","?","?","M"],"build_version":"2018-12-06","purchased_purges":0,"victory":false,"max_hp_per_floor":[75,75,75,75,75,75,89,89,89,89,89,89,89,89,89,89,89,89,89,89,89,89],"card_choices":[{"not_picked":["Disarm","Seeing Red"],"picked":"Pommel Strike","floor":1},{"not_picked":["Heavy Blade","Flex"],"picked":"Sword Boomerang","floor":4},{"not_picked":["Cleave","Second Wind"],"picked":"Headbutt","floor":5},{"not_picked":["Anger","Perfected Strike"],"picked":"Evolve","floor":7},{"not_picked":["Thunderclap","Entrench"],"picked":"Iron Wave","floor":12},{"not_picked":["Clash","Fire Breathing"],"picked":"True Grit","floor":13},{"not_picked":["Shrug It Off","Sword Boomerang"],"picked":"Havoc","floor":14},{"not_picked":["Offering","Double Tap"],"picked":"Dark Embrace","floor":16},{"not_picked":["True Grit+1","Wild Strike"],"picked":"Inflame","floor":18},{"not_picked":["Anger","Spot Weakness","Havoc"],"picked":"SKIP","floor":20}],"player_experience":579594,"relics_obtained":[{"floor":7,"key":"Mango"},{"floor":9,"key":"Mercury Hourglass"},{"floor":10,"key":"Regal Pillow"},{"floor":13,"key":"Blue Candle"}],"event_choices":[{"damage_healed":0,"gold_gain":0,"player_choice":"Upgraded","damage_taken":0,"max_hp_gain":0,"max_hp_loss":0,"event_name":"Upgrade Shrine","floor":3,"gold_loss":0,"cards_upgraded":["Inflame"]},{"damage_healed":0,"gold_gain":0,"player_choice":"Searched \u00271\u0027 times","damage_taken":0,"max_hp_gain":0,"max_hp_loss":0,"event_name":"Dead Adventurer","floor":13,"gold_loss":0},{"damage_healed":0,"gold_gain":0,"player_choice":"Got Potions","damage_taken":0,"max_hp_gain":0,"max_hp_loss":0,"event_name":"Lab","floor":19,"gold_loss":0},{"damage_healed":0,"gold_gain":0,"player_choice":"Fight","damage_taken":0,"max_hp_gain":0,"max_hp_loss":0,"event_name":"Colosseum","floor":21,"gold_loss":0},{"damage_healed":0,"gold_gain":0,"player_choice":"Fled From Nobs","damage_taken":0,"max_hp_gain":0,"max_hp_loss":0,"event_name":"Colosseum","floor":21,"gold_loss":0}],"is_beta":false,"boss_relics":[{"not_picked":["Tiny House","Orrery"],"picked":"Snecko Eye"}],"items_purged_floors":[],"is_endless":false,"potions_floor_spawned":[1,12,13,18],"killed_by":"Chosen and Byrds","ascension_level":20}