{"gold_per_floor":[111,111,111,126,141,141,171,182,264,264,284,69,69,81,81,186,186,200,200,32,42,142,142,142,6,79,98,109,119,119,148,148,251,251,264,264,264,264,277,309,309,309,309,93,107,132,150,203,203,203],"floor_reached":51,"playtime":2099,"items_purged":[],"score":1028,"play_id":"c15e3f39-62ef-4861-8c68-9d8eab91067e","local_time":"20190205210316","is_ascension_mode":true,"campfire_choices":[{"data":"Infernal Blade","floor":6,"key":"SMITH"},{"data":"Thunderclap","floor":13,"key":"SMITH"},{"data":"Thunderclap","floor":15,"key":"SMITH"},{"data":"Seeing Red","floor":23,"key":"SMITH"},{"data":"Feed","floor":32,"key":"SMITH"},{"floor":41,"key":"REST"},{"floor":49,"key":"REST"}],"neow_cost":"NONE","seed_source_timestamp":25987746001299,"circlet_count":0,"master_deck":["Strike_R+1","Strike_R+1","Strike_R+1","Strike_R+1","Strike_R+1","Defend_R+1","Defend_R+1","Bash+1","Inflame","Infernal Blade+1","Thunderclap+1","Anger","Seeing Red+1","Battle Trance","Shrug It Off+1","Thunderclap+1","Feed+1","Cleave","Clash","Sword Boomerang+1","Spot Weakness+1","Flash of Steel","Inflame+1","Clash+1","Anger","Rage+1","Exhume+1","Sword Boomerang+1","Impatience+1","Secret Weapon+1","Deep Breath+1","Armaments+1","Iron Wave+1","Clash","Intimidate+1","Immolate","Heavy Blade+1","Shockwave+1","Rampage+1"],"relics":["Black Blood","Boot","Du-Vu Doll","The Courier","Anchor","Toxic Egg 2","Lee\u0027s Waffle","Thread and Needle","Pear","Mercury Hourglass","Regal Pillow","Runic Pyramid","Paper Frog","Girya","Frozen Egg 2","Dream Catcher","Calipers"],"potions_floor_usage":[7,22,29,29,29,45,46,50,50],"damage_taken":[{"damage":1,"enemies":"Cultist","floor":1,"turns":3},{"damage":0,"enemies":"Small Slimes","floor":4,"turns":2},{"damage":0,"enemies":"Jaw Worm","floor":5,"turns":1},{"damage":24,"enemies":"3 Sentries","floor":7,"turns":5},{"damage":10,"enemies":"Lots of Slimes","floor":8,"turns":3},{"damage":0,"enemies":"3 Louse","floor":11,"turns":2},{"damage":0,"enemies":"Exordium Wildlife","floor":14,"turns":3},{"damage":46,"enemies":"Hexaghost","floor":16,"turns":9},{"damage":39,"enemies":"3 Byrds","floor":18,"turns":4},{"damage":1,"enemies":"2 Thieves","floor":21,"turns":2},{"damage":6,"enemies":"Colosseum Slavers","floor":22,"turns":2},{"damage":12,"enemies":"Colosseum Nobs","floor":22,"turns":3},{"damage":10,"enemies":"Centurion and Healer","floor":27,"turns":3},{"damage":0,"enemies":"Snake Plant","floor":28,"turns":2},{"damage":4,"enemies":"Shelled Parasite and Fungi","floor":29,"turns":3},{"damage":35,"enemies":"Gremlin Leader","floor":31,"turns":4},{"damage":20,"enemies":"Champ","floor":33,"turns":8},{"damage":44,"enemies":"3 Shapes","floor":35,"turns":3},{"damage":23,"enemies":"3 Darklings","floor":39,"turns":3},{"damage":13,"enemies":"Reptomancer","floor":40,"turns":5},{"damage":40,"enemies":"Jaw Worm Horde","floor":45,"turns":3},{"damage":9,"enemies":"Nemesis","floor":46,"turns":5},{"damage":0,"enemies":"4 Shapes","floor":47,"turns":1},{"damage":23,"enemies":"2 Orb Walkers","floor":48,"turns":3},{"damage":80,"enemies":"Donu and Deca","floor":50,"turns":8}],"seed_played":"-5396960827202238660","potions_obtained":[{"floor":1,"key":"Weak Potion"},{"floor":4,"key":"SmokeBomb"},{"floor":14,"key":"Dexterity Potion"},{"floor":18,"key":"Fire Potion"},{"floor":27,"key":"SpeedPotion"},{"floor":28,"key":"SpeedPotion"},{"floor":40,"key":"LiquidBronze"},{"floor":45,"key":"SpeedPotion"},{"floor":46,"key":"SkillPotion"},{"floor":47,"key":"EssenceOfSteel"}],"is_trial":false,"path_per_floor":["M","?","?","M","M","R","E","M","T","T","M","$","R","M","R","B",null,"M","?","$","M","?","R","?","$","T","M","M","M","?","E","R","B",null,"M","?","?","?","M","E","R","?","T","$","M","E","M","?","R","B",null],"character_chosen":"IRONCLAD","items_purchased":["Toxic Egg 2","Shrug It Off+1","Lee\u0027s Waffle","Spot Weakness+1","Flash of Steel","Frozen Egg 2","Clash"],"campfire_rested":2,"item_purchase_floors":[12,12,20,25,25,44,44],"current_hp_per_floor":[77,77,77,80,80,80,62,58,58,58,64,64,64,70,70,30,68,42,42,90,93,104,104,104,104,104,107,109,109,109,87,87,77,103,69,69,69,59,46,43,89,89,89,89,59,60,70,57,103,37],"gold":203,"neow_bonus":"RANDOM_COMMON_RELIC","is_prod":false,"is_daily":false,"chose_seed":false,"campfire_upgraded":5,"win_rate":0,"timestamp":1549371796,"path_taken":["M","?","?","?","M","R","E","M","T","?","?","$","R","M","R","BOSS","M","?","$","M","?","R","?","$","T","M","M","M","?","E","R","BOSS","M","?","?","?","M","E","R","?","T","?","M","E","?","?","R","BOSS"],"build_version":"2019-01-23","purchased_purges":0,"victory":true,"max_hp_per_floor":[80,80,80,80,80,80,80,80,80,80,80,80,80,80,80,80,80,83,83,90,93,106,106,106,106,106,109,109,109,109,112,112,112,112,112,106,106,106,106,106,106,106,106,106,106,106,106,106,106,110],"card_choices":[{"not_picked":["Sword Boomerang","Perfected Strike"],"picked":"Inflame","floor":1},{"not_picked":["Body Slam","Flex"],"picked":"Infernal Blade","floor":4},{"not_picked":["Wild Strike","Cleave"],"picked":"Thunderclap","floor":5},{"not_picked":["Dual Wield","Uppercut"],"picked":"Anger","floor":7},{"not_picked":["True Grit","Warcry"],"picked":"Seeing Red","floor":8},{"not_picked":["Body Slam","Havoc"],"picked":"Battle Trance","floor":11},{"not_picked":["Fiend Fire","Headbutt"],"picked":"Thunderclap","floor":14},{"not_picked":["Berserk","Reaper"],"picked":"Feed","floor":16},{"not_picked":["Shrug It Off+1","Clothesline"],"picked":"Cleave","floor":18},{"not_picked":["Dual Wield+1","Carnage+1"],"picked":"Clash","floor":21},{"not_picked":["Sever Soul","Battle Trance+1"],"picked":"Sword Boomerang+1","floor":22},{"not_picked":["Pummel","Seeing Red+1"],"picked":"Inflame+1","floor":27},{"not_picked":["Feel No Pain+1","Pummel"],"picked":"Clash+1","floor":28},{"not_picked":["Pommel Strike","Searing Blow"],"picked":"Anger","floor":29},{"not_picked":["Battle Trance+1","Twin Strike"],"picked":"Rage+1","floor":31},{"not_picked":["Demon Form","Offering+1"],"picked":"Exhume+1","floor":33},{"not_picked":["Thunderclap","Wild Strike"],"picked":"Sword Boomerang+1","floor":35},{"not_picked":["Sadistic Nature","Discovery+1"],"picked":"Impatience+1","floor":38},{"not_picked":["Violence+1","Finesse+1"],"picked":"Secret Weapon+1","floor":38},{"not_picked":["The Bomb+1","Apotheosis+1"],"picked":"Deep Breath+1","floor":38},{"not_picked":["Blood for Blood+1","True Grit+1"],"picked":"Armaments+1","floor":39},{"not_picked":["True Grit+1","Havoc+1"],"picked":"Iron Wave+1","floor":40},{"not_picked":["Havoc+1","Wild Strike+1"],"picked":"Intimidate+1","floor":45},{"not_picked":["True Grit+1","Wild Strike+1"],"picked":"Immolate","floor":46},{"not_picked":["Warcry+1","Sentinel+1"],"picked":"Heavy Blade+1","floor":47},{"not_picked":["Combust+1","Twin Strike+1"],"picked":"Shockwave+1","floor":48},{"not_picked":["Reaper","Armaments+1"],"picked":"Rampage+1","floor":49}],"player_experience":79142,"relics_obtained":[{"floor":7,"key":"Du-Vu Doll"},{"floor":9,"key":"The Courier"},{"floor":10,"key":"Anchor"},{"floor":22,"key":"Thread and Needle"},{"floor":22,"key":"Pear"},{"floor":26,"key":"Mercury Hourglass"},{"floor":31,"key":"Regal Pillow"},{"floor":40,"key":"Paper Frog"},{"floor":43,"key":"Girya"},{"floor":46,"key":"Dream Catcher"},{"floor":48,"key":"Calipers"}],"event_choices":[{"damage_healed":0,"gold_gain":0,"player_choice":"Grow","damage_taken":0,"max_hp_gain":0,"max_hp_loss":0,"event_name":"Living Wall","floor":2,"gold_loss":0,"cards_upgraded":["Bash"]},{"cards_removed":["Defend_R"],"damage_healed":0,"gold_gain":0,"player_choice":"Offered Basic","damage_taken":0,"max_hp_gain":0,"max_hp_loss":0,"event_name":"Bonfire Elementals","floor":3,"gold_loss":0},{"damage_healed":0,"gold_gain":0,"player_choice":"Simplicity","damage_taken":0,"max_hp_gain":0,"max_hp_loss":0,"event_name":"Back to Basics","floor":19,"gold_loss":0,"cards_upgraded":["Strike_R","Strike_R","Strike_R","Strike_R","Strike_R","Defend_R","Defend_R","Defend_R"]},{"damage_healed":0,"gold_gain":0,"player_choice":"Fight","damage_taken":0,"max_hp_gain":0,"max_hp_loss":0,"event_name":"Colosseum","floor":22,"gold_loss":0},{"damage_healed":0,"gold_gain":0,"player_choice":"Fought Nobs","damage_taken":0,"max_hp_gain":0,"max_hp_loss":0,"event_name":"Colosseum","floor":22,"gold_loss":0},{"damage_healed":0,"gold_gain":0,"player_choice":"Ignored","damage_taken":0,"max_hp_gain":0,"max_hp_loss":0,"event_name":"Vampires","floor":24,"gold_loss":0},{"damage_healed":0,"gold_gain":0,"player_choice":"Ignored","damage_taken":0,"max_hp_gain":0,"max_hp_loss":0,"event_name":"Ghosts","floor":30,"gold_loss":0},{"damage_healed":0,"gold_gain":0,"player_choice":"Max HP","damage_taken":0,"max_hp_gain":0,"max_hp_loss":6,"event_name":"Winding Halls","floor":36,"gold_loss":0},{"cards_removed":["Defend_R"],"damage_healed":0,"gold_gain":0,"player_choice":"Removed Skill","damage_taken":0,"max_hp_gain":0,"max_hp_loss":0,"event_name":"Falling","floor":37,"gold_loss":0},{"damage_healed":0,"gold_gain":0,"player_choice":"Memory 3","damage_taken":10,"max_hp_gain":0,"max_hp_loss":0,"event_name":"SensoryStone","floor":38,"gold_loss":0},{"damage_healed":0,"gold_gain":0,"player_choice":"Ignored","damage_taken":0,"max_hp_gain":0,"max_hp_loss":0,"event_name":"Tomb of Lord Red Mask","floor":42,"gold_loss":0},{"damage_healed":0,"gold_gain":0,"player_choice":"Fight","damage_taken":0,"max_hp_gain":0,"max_hp_loss":0,"event_name":"Mysterious Sphere","floor":48,"gold_loss":0}],"is_beta":false,"boss_relics":[{"not_picked":["Tiny House","Ectoplasm"],"picked":"Black Blood"},{"not_picked":["Snecko Eye","Busted Crown"],"picked":"Runic Pyramid"}],"items_purged_floors":[],"is_endless":false,"potions_floor_spawned":[1,4,14,18,22,27,28,40,45,46,47],"ascension_level":6}