{"path_per_floor":["M","M","M","?","M","R","$","M","T","$","M","M","M","E","R","B",null,"M","M"],"character_chosen":"DEFECT","items_purchased":["Ball Lightning","Skim"],"gold_per_floor":[109,126,139,89,108,108,56,69,151,114,125,145,163,188,188,289,289,308,248,248],"floor_reached":20,"campfire_rested":1,"playtime":605,"item_purchase_floors":[7,10],"current_hp_per_floor":[66,60,60,60,53,53,53,36,36,36,16,15,10,4,26,11,75,52,28,0],"items_purged":[],"gold":248,"score":178,"play_id":"fd193443-f68b-4454-85ed-571446cdb38e","local_time":"20180603195350","is_prod":false,"is_daily":false,"chose_seed":false,"is_ascension_mode":false,"campfire_upgraded":1,"win_rate":0.0,"timestamp":1528019630,"campfire_choices":[{"data":"Static Discharge","floor":6,"key":"SMITH"},{"floor":15,"key":"REST"}],"path_taken":["M","M","M","?","M","R","$","?","T","$","M","M","M","E","R","BOSS","M","M","?"],"build_version":"2018-05-31","seed_source_timestamp":28253931683726,"purchased_purges":0,"victory":false,"master_deck":["Strike_B","Strike_B","Strike_B","Defend_B","Defend_B","Defend_B","Defend_B","Zap","Dualcast","Capacitor","Steam","Defragment","Static Discharge+1","Tempest","Ball Lightning","Steam","Skim","Darkness","Defragment","Amplify"],"max_hp_per_floor":[75,75,75,75,75,75,75,75,75,75,75,75,75,75,75,75,75,75,75,75],"relics":["Cracked Core","Darkstone Periapt","Unceasing Top","Inserter"],"card_choices":[{"not_picked":["Force Field","Steam"],"picked":"Capacitor","floor":0},{"not_picked":["Rip and Tear","Compile Driver"],"picked":"Steam","floor":1},{"not_picked":["Conserve Battery","Sweeping Beam"],"picked":"Defragment","floor":2},{"not_picked":["Biased Cognition","Streamline"],"picked":"Static Discharge","floor":3},{"not_picked":["Leap","Barrage"],"picked":"Tempest","floor":5},{"not_picked":["Coolheaded","Lockon"],"picked":"Steam","floor":8},{"not_picked":["Go for the Eyes","Aggregate","Biased Cognition"],"picked":"SKIP","floor":11},{"not_picked":["Ball Lightning","Lockon"],"picked":"Darkness","floor":12},{"not_picked":["Blizzard","Leap"],"picked":"Defragment","floor":13},{"not_picked":["White Noise","Cold Snap","Steam Power"],"picked":"SKIP","floor":14},{"not_picked":["All For One","Reboot"],"picked":"Amplify","floor":16},{"not_picked":["Heatsinks+1","Gash+1","Ball Lightning"],"picked":"SKIP","floor":18},{"not_picked":["Leap","Streamline","Barrage"],"picked":"SKIP","floor":19}],"player_experience":294546,"potions_floor_usage":[11,11,14],"damage_taken":[{"damage":9,"enemies":"2 Louse","floor":1,"turns":2},{"damage":6,"enemies":"Cultist","floor":2,"turns":4},{"damage":0,"enemies":"Small Slimes","floor":3,"turns":3},{"damage":7,"enemies":"2 Fungi Beasts","floor":5,"turns":3},{"damage":17,"enemies":"Large Slime","floor":8,"turns":4},{"damage":20,"enemies":"Gremlin Gang","floor":11,"turns":4},{"damage":1,"enemies":"Blue Slaver","floor":12,"turns":2},{"damage":5,"enemies":"3 Louse","floor":13,"turns":3},{"damage":6,"enemies":"Gremlin Nob","floor":14,"turns":3},{"damage":15,"enemies":"Hexaghost","floor":16,"turns":7},{"damage":23,"enemies":"Chosen","floor":18,"turns":4},{"damage":24,"enemies":"2 Thieves","floor":19,"turns":4},{"damage":30,"enemies":"Chosen and Byrds","floor":20,"turns":4}],"relics_obtained":[{"floor":9,"key":"Darkstone Periapt"},{"floor":14,"key":"Unceasing Top"}],"event_choices":[{"event_name":"The Cleric","player_choice":"Card Removal","floor":4,"damage_taken":0}],"boss_relics":[{"not_picked":["Pandora\u0027s Box","Cursed Key"],"picked":"Inserter"}],"items_purged_floors":[],"potions_floor_spawned":[3,8,13],"seed_played":"7073034414894958224","killed_by":"Chosen and Byrds","ascension_level":0,"potions_obtained":[{"floor":3,"key":"Fire Potion"},{"floor":8,"key":"AttackPotion"},{"floor":13,"key":"Block Potion"}],"is_trial":false}