{"path_per_floor":["M","?","$","?","?","E","?","R","T","E","M","$","E","M","R","B",null,"M","M","$","M","?","$","E","?","T","?","$","?","M","M","R","B",null,"M","?","$","?","?","R"],"character_chosen":"THE_SILENT","items_purchased":["Lee\u0027s Waffle","Bandage Up","Noxious Fumes","Underhanded Strike"],"gold_per_floor":[118,118,43,118,118,149,449,449,449,474,491,239,274,290,290,389,389,409,427,207,217,217,167,193,193,193,193,143,143,160,174,174,269,269,288,288,214,214,214,214,214],"floor_reached":41,"campfire_rested":1,"playtime":2462,"current_hp_per_floor":[67,67,67,56,49,18,11,32,32,19,19,77,44,37,37,31,77,73,56,56,42,28,28,2,2,2,2,2,11,4,15,15,18,28,28,24,24,24,24,24,0],"items_purged":["Defend_G","Defend_G","Strike_G","Strike_G","Defend_G","Defend_G"],"gold":214,"score":513,"play_id":"fd285725-5b96-4d35-8147-27c1b5104a98","local_time":"20180330235022","is_prod":false,"is_daily":false,"is_ascension_mode":true,"campfire_upgraded":3,"timestamp":1522471822,"path_taken":["M","?","$","?","?","E","?","R","T","E","M","$","E","M","R","BOSS","M","M","$","M","?","$","E","?","T","?","$","?","M","M","R","BOSS","M","?","$","?","?","R","E"],"build_version":"2018-03-29v2","purchased_purges":6,"victory":false,"master_deck":["Defend_G","Survivor","Neutralize+1","Terror+1","Blur+1","Setup+1","Dodge and Roll","Bouncing Flask","Bullet Time","Flying Knee+1","Bandage Up","Noxious Fumes+1","Crippling Poison+1","PiercingWail","Bite","Bite","Bite","Bite","Bite","Ghostly","Ghostly","Ghostly","Ghostly","Ghostly","Catalyst","Malaise+1","Phantasmal Killer","Bane+1","Madness","Madness","Underhanded Strike","Panache"],"max_hp_per_floor":[70,70,70,70,70,70,70,70,70,70,70,77,77,77,77,77,77,77,77,77,77,82,82,82,57,57,28,28,28,28,28,28,28,28,28,28,28,28,28,28,28],"relics":["Ring of the Snake","Smiling Mask","Old Coin","Tingsha","Centennial Puzzle","Lee\u0027s Waffle","Pen Nib","Lizard Tail","Tough Bandages","Omamori","Sozu"],"card_choices":[{"not_picked":["Finisher","PiercingWail"],"picked":"Terror","floor":1},{"not_picked":["Bouncing Flask","Flying Knee"],"picked":"Blur","floor":6},{"not_picked":["Deadly Poison","Slice"],"picked":"Setup","floor":11},{"not_picked":["Poisoned Stab","Tools of the Trade"],"picked":"Dodge and Roll","floor":13},{"not_picked":["Acrobatics","Sucker Punch"],"picked":"Bouncing Flask","floor":14},{"not_picked":["Die Die Die","Glass Knife"],"picked":"Bullet Time","floor":16},{"not_picked":["Dagger Throw","Poisoned Stab"],"picked":"Predator","floor":18},{"not_picked":["Infinite Blades","Dagger Throw"],"picked":"Flying Knee","floor":19},{"not_picked":["Acrobatics","A Thousand Cuts"],"picked":"Crippling Poison","floor":21},{"not_picked":["Dagger Spray","Predator"],"picked":"PiercingWail","floor":24},{"not_picked":["Dagger Spray","Leg Sweep"],"picked":"Catalyst","floor":30},{"not_picked":["PiercingWail","Cloak And Dagger"],"picked":"Malaise","floor":31},{"not_picked":["Envenom","Burst"],"picked":"Phantasmal Killer","floor":33},{"not_picked":["Outmaneuver","Dodge and Roll"],"picked":"Bane","floor":35},{"not_picked":["Trip","Dramatic Entrance"],"picked":"Panache","floor":39}],"player_experience":102156,"potions_floor_usage":[10,24,24],"damage_taken":[{"damage":3,"enemies":"2 Louse","floor":1,"turns":4},{"damage":31,"enemies":"Lagavulin","floor":6,"turns":7},{"damage":25,"enemies":"Gremlin Nob","floor":10,"turns":5},{"damage":0,"enemies":"Cultist","floor":11,"turns":3},{"damage":33,"enemies":"3 Sentries","floor":13,"turns":16},{"damage":7,"enemies":"Small Slimes","floor":14,"turns":3},{"damage":6,"enemies":"Hexaghost","floor":16,"turns":9},{"damage":4,"enemies":"Chosen","floor":18,"turns":5},{"damage":17,"enemies":"3 Byrds","floor":19,"turns":6},{"damage":18,"enemies":"Snake Plant","floor":21,"turns":4},{"damage":30,"enemies":"Slavers","floor":24,"turns":6},{"damage":23,"enemies":"Cultist and Chosen","floor":30,"turns":8},{"damage":5,"enemies":"Slaver and Parasite","floor":31,"turns":7},{"damage":42,"enemies":"Collector","floor":33,"turns":12},{"damage":19,"enemies":"3 Darklings","floor":35,"turns":13},{"damage":63,"enemies":"Giant Head","floor":41,"turns":9}],"event_choices":[{"event_name":"Accursed Blacksmith","player_choice":"Forge","floor":2,"damage_taken":0},{"event_name":"World of Goop","player_choice":"Gather Gold","floor":4,"damage_taken":0},{"event_name":"Golden Wing","player_choice":"Card Removal","floor":5,"damage_taken":0},{"event_name":"Scrap Ooze","player_choice":"success","floor":7,"damage_taken":7},{"event_name":"Forgotten Altar","player_choice":"Shed Blood","floor":22,"damage_taken":0},{"event_name":"Vampires","player_choice":"Became a vampire","floor":25,"damage_taken":0},{"event_name":"Ghosts","player_choice":"Became a Ghost","floor":27,"damage_taken":0},{"event_name":"The Library","player_choice":"Heal","floor":29,"damage_taken":0},{"event_name":"Winding Halls","player_choice":"Embrace Madness","floor":36,"damage_taken":0},{"event_name":"SensoryStone","player_choice":"Memory 1","floor":39,"damage_taken":0}],"boss_relics":[{"not_picked":["Velvet Choker","Runic Dome"],"picked":"Lizard Tail"},{"not_picked":["Eternal Feather","Pandora\u0027s Box"],"picked":"Sozu"}],"potions_floor_spawned":[1,13,19,33,35],"seed_played":"-7595971586158840420","killed_by":"Giant Head","ascension_level":3,"is_trial":false}