{"gold_per_floor":[110,110,124,134,11,38,50,50,119,144,10,38,53,78,78,180,180,180,34,34,0,0,0,0,0,0,0,0,0,0,0,0,0,0,0,0,0,0,0,0,0,0],"floor_reached":42,"playtime":1811,"items_purged":[],"score":575,"play_id":"b06b3184-be40-4fed-875a-e1e0150e9b33","local_time":"20180816215913","is_ascension_mode":false,"campfire_choices":[{"floor":15,"key":"REST"},{"floor":27,"key":"REST"},{"data":"Choke","floor":30,"key":"SMITH"},{"floor":32,"key":"REST"}],"neow_cost":"NONE","seed_source_timestamp":5038701858158,"circlet_count":0,"master_deck":["Defend_G","Defend_G","Defend_G","Defend_G","Strike_G","Strike_G","Strike_G","Strike_G","Strike_G","Survivor","Neutralize","Crippling Poison","Sucker Punch","Finisher","Infinite Blades","Blade Dance","Deflect","Slice","Footwork","Dagger Spray","Dagger Throw","Skewer","Masterful Stab","Unload","Slice+1","Backstab","Slice","Necronomicurse","Choke","Choke+1","Distraction","Glass Knife","Masterful Stab+1","Flying Knee+1","Flash of Steel","Thinking Ahead","Discovery"],"relics":["Busted Crown","Sundial","GremlinMask","Mercury Hourglass","Bronze Scales","Happy Flower","Blood Vial","Ectoplasm","Boot","Mango","Necronomicon","Paper Crane","Oddly Smooth Stone","WristBlade","Incense Burner","Gambling Chip"],"potions_floor_usage":[3,6,6,10,10,12,25,25,28,31,33,33,39,41],"damage_taken":[{"damage":6,"enemies":"2 Louse","floor":1,"turns":2},{"damage":0,"enemies":"Small Slimes","floor":3,"turns":3},{"damage":0,"enemies":"Cultist","floor":4,"turns":4},{"damage":1,"enemies":"Gremlin Nob","floor":6,"turns":4},{"damage":13,"enemies":"Exordium Thugs","floor":7,"turns":4},{"damage":0,"enemies":"3 Sentries","floor":10,"turns":5},{"damage":11,"enemies":"Gremlin Nob","floor":12,"turns":4},{"damage":9,"enemies":"Red Slaver","floor":13,"turns":3},{"damage":6,"enemies":"Lagavulin","floor":14,"turns":5},{"damage":10,"enemies":"Slime Boss","floor":16,"turns":7},{"damage":0,"enemies":"Chosen","floor":18,"turns":3},{"damage":15,"enemies":"2 Thieves","floor":21,"turns":3},{"damage":6,"enemies":"Cultist and Chosen","floor":22,"turns":4},{"damage":30,"enemies":"Book of Stabbing","floor":23,"turns":4},{"damage":0,"enemies":"Snecko","floor":25,"turns":3},{"damage":0,"enemies":"Sentry and Sphere","floor":28,"turns":2},{"damage":2,"enemies":"Gremlin Leader","floor":29,"turns":5},{"damage":6,"enemies":"Cultist and Chosen","floor":31,"turns":3},{"damage":56,"enemies":"Automaton","floor":33,"turns":7},{"damage":3,"enemies":"Orb Walker","floor":35,"turns":3},{"damage":0,"enemies":"3 Shapes","floor":36,"turns":3},{"damage":17,"floor":37,"turns":5},{"damage":19,"enemies":"Spire Growth","floor":38,"turns":3},{"damage":21,"enemies":"3 Darklings","floor":39,"turns":5},{"damage":27,"enemies":"Nemesis","floor":41,"turns":6},{"damage":14,"enemies":"Maw","floor":42,"turns":5}],"seed_played":"1677474893036790999","potions_obtained":[{"floor":1,"key":"EntropicBrew"},{"floor":6,"key":"GamblersBrew"},{"floor":7,"key":"Energy Potion"},{"floor":10,"key":"Fruit Juice"},{"floor":18,"key":"GamblersBrew"},{"floor":23,"key":"Dexterity Potion"},{"floor":28,"key":"Explosive Potion"},{"floor":29,"key":"Poison Potion"},{"floor":31,"key":"Poison Potion"},{"floor":35,"key":"Dexterity Potion"},{"floor":37,"key":"EssenceOfSteel"},{"floor":41,"key":"Fruit Juice"}],"is_trial":false,"path_per_floor":["M","?","M","M","$","E","M","?","T","E","$","E","M","E","R","B",null,"M","$","?","M","M","E","?","M","T","R","M","E","R","M","R","B",null,"M","M","?","M","M","?","E"],"character_chosen":"THE_SILENT","items_purchased":["Infinite Blades","Blade Dance","Footwork","Dagger Spray","Dagger Throw","Boot"],"campfire_rested":3,"item_purchase_floors":[5,5,11,11,11,19],"current_hp_per_floor":[64,69,69,69,69,68,55,55,55,60,60,49,40,34,58,50,80,80,80,80,65,61,47,31,33,33,61,63,63,63,59,87,33,94,91,93,77,60,41,31,11,0],"gold":0,"neow_bonus":"BOSS_RELIC","is_prod":false,"is_daily":false,"chose_seed":false,"campfire_upgraded":1,"win_rate":0.0,"timestamp":1534449553,"path_taken":["M","?","M","M","$","E","M","?","T","E","$","E","?","E","R","BOSS","M","?","?","M","M","E","?","?","T","R","M","E","R","?","R","BOSS","M","M","?","M","M","?","E","?"],"build_version":"2018-08-15","purchased_purges":0,"victory":false,"max_hp_per_floor":[70,75,75,75,75,75,75,75,75,80,80,80,80,80,80,80,80,80,80,80,80,80,94,94,94,94,94,94,94,94,94,94,94,94,94,94,94,94,94,94,99,99],"card_choices":[{"not_picked":[],"picked":"Crippling Poison","floor":1},{"not_picked":[],"picked":"Sucker Punch","floor":3},{"not_picked":[],"picked":"Finisher","floor":4},{"not_picked":[],"picked":"Deflect","floor":6},{"not_picked":["Underhanded Strike"],"picked":"SKIP","floor":7},{"not_picked":[],"picked":"Slice","floor":10},{"not_picked":["Crippling Poison"],"picked":"SKIP","floor":12},{"not_picked":[],"picked":"Skewer","floor":13},{"not_picked":[],"picked":"Masterful Stab","floor":14},{"not_picked":[],"picked":"Unload","floor":16},{"not_picked":[],"picked":"Slice+1","floor":18},{"not_picked":[],"picked":"Backstab","floor":21},{"not_picked":[],"picked":"Slice","floor":22},{"not_picked":["Tactician"],"picked":"SKIP","floor":23},{"not_picked":["Bouncing Flask"],"picked":"SKIP","floor":25},{"not_picked":[],"picked":"Choke","floor":28},{"not_picked":[],"picked":"Choke","floor":29},{"not_picked":[],"picked":"Distraction","floor":31},{"not_picked":[],"picked":"Glass Knife","floor":33},{"not_picked":[],"picked":"Masterful Stab+1","floor":35},{"not_picked":["Caltrops"],"picked":"SKIP","floor":36},{"not_picked":["Predator+1"],"picked":"SKIP","floor":38},{"not_picked":[],"picked":"Flying Knee+1","floor":39},{"not_picked":[],"picked":"Flash of Steel","floor":40},{"not_picked":[],"picked":"Thinking Ahead","floor":40},{"not_picked":[],"picked":"Discovery","floor":40},{"not_picked":["Underhanded Strike+1"],"picked":"SKIP","floor":41}],"player_experience":5240,"relics_obtained":[{"floor":6,"key":"Sundial"},{"floor":9,"key":"Mercury Hourglass"},{"floor":10,"key":"Bronze Scales"},{"floor":12,"key":"Happy Flower"},{"floor":14,"key":"Blood Vial"},{"floor":23,"key":"Mango"},{"floor":24,"key":"Necronomicon"},{"floor":26,"key":"Paper Crane"},{"floor":29,"key":"Oddly Smooth Stone"},{"floor":37,"key":"Incense Burner"},{"floor":41,"key":"Gambling Chip"}],"event_choices":[{"event_name":"Big Fish","player_choice":"Donut","floor":2,"damage_taken":0},{"event_name":"FaceTrader","player_choice":"Trade","floor":8,"damage_taken":0},{"event_name":"Purifier","player_choice":"One Purge","floor":20,"damage_taken":0},{"event_name":"Cursed Tome","player_choice":"Obtained Book","floor":24,"damage_taken":0},{"event_name":"Mysterious Sphere","player_choice":"Fight","floor":37,"damage_taken":0},{"event_name":"SensoryStone","player_choice":"Memory 3","floor":40,"damage_taken":0}],"is_beta":true,"boss_relics":[{"not_picked":["Runic Dome","Lizard Tail"],"picked":"Ectoplasm"},{"not_picked":["Empty Cage","Snecko Eye"],"picked":"WristBlade"}],"items_purged_floors":[],"is_endless":false,"potions_floor_spawned":[1,6,7,10,18,23,28,29,31,35,37,41],"killed_by":"Maw","ascension_level":0}