{"gold_per_floor":[144,144,189,189,234,324,324,414,414,414,459,504,549,594,594,894,894,939,37,37,82,107,197,197,197,197,47,47,146,191,236,236,536,536,581,6,6,51,51,51,141,186,211,256,346,346,409,454,454,454],"floor_reached":51,"playtime":2566,"items_purged":["Writhe"],"score":1037,"play_id":"32d2137d-6aeb-4655-adcc-6f4ec0298313","local_time":"20181011084922","daily_mods":["Cursed Run","ControlledChaos","Midas"],"is_ascension_mode":false,"campfire_choices":[{"floor":7,"key":"REST"},{"floor":15,"key":"REST"},{"floor":24,"key":"REST"},{"floor":28,"key":"REST"},{"floor":32,"key":"REST"},{"floor":40,"key":"REST"},{"data":"1","floor":49,"key":"LIFT"}],"neow_cost":"","seed_source_timestamp":0,"circlet_count":0,"master_deck":["Strike_B+1","Strike_B+1","Defend_B","Defend_B","Zap","Dualcast","White Noise+1","White Noise","FTL","Conserve Battery","Seek","Defragment","Undo","Self Repair","Skim","Coolheaded+1","Panacea+1","Stack+1","Regret","Darkness+1","Regret","Double Energy+1","BootSequence+1","Decay","Creative AI","Multi-Cast+1","Double Energy+1","Storm+1","Aggregate+1","Pain","Capacitor+1","Coolheaded+1","Glacier+1","Chill+1","Doubt","Capacitor+1","Ball Lightning+1","Apotheosis+1","Finesse+1","Coolheaded+1","Doubt"],"special_seed":17815,"relics":["Cursed Key","Darkstone Periapt","Du-Vu Doll","Frozen Eye","Kunai","Omamori","Vajra","Fusion Hammer","Toxic Egg 2","Sling","Matryoshka","PreservedInsect","Bag of Preparation","Potion Belt","Mummified Hand","Enchiridion","Question Card","Meat on the Bone","Ancient Tea Set","Astrolabe","Lee\u0027s Waffle","Molten Egg 2","WarpedTongs","Bird Faced Urn","Art of War","Juzu Bracelet","Dream Catcher","Girya"],"potions_floor_usage":[6,16,16,18,21,21,38,41,41,47,50],"damage_taken":[{"damage":0,"enemies":"Small Slimes","floor":1,"turns":4},{"damage":0,"enemies":"2 Louse","floor":3,"turns":2},{"damage":0,"enemies":"Cultist","floor":5,"turns":3},{"damage":31,"enemies":"3 Sentries","floor":6,"turns":4},{"damage":18,"enemies":"Lagavulin","floor":8,"turns":5},{"damage":19,"enemies":"Large Slime","floor":11,"turns":3},{"damage":5,"enemies":"Blue Slaver","floor":12,"turns":3},{"damage":0,"enemies":"Red Slaver","floor":13,"turns":3},{"damage":0,"enemies":"2 Fungi Beasts","floor":14,"turns":3},{"damage":14,"enemies":"The Guardian","floor":16,"turns":9},{"damage":24,"enemies":"2 Thieves","floor":18,"turns":4},{"damage":25,"enemies":"3 Byrds","floor":21,"turns":4},{"damage":12,"enemies":"Book of Stabbing","floor":23,"turns":5},{"damage":5,"enemies":"3 Cultists","floor":30,"turns":4},{"damage":4,"enemies":"Chosen and Byrds","floor":31,"turns":4},{"damage":23,"enemies":"Collector","floor":33,"turns":6},{"damage":3,"enemies":"Orb Walker","floor":35,"turns":2},{"damage":0,"enemies":"3 Darklings","floor":38,"turns":1},{"damage":18,"enemies":"Mind Bloom Boss Battle","floor":39,"turns":4},{"damage":10,"enemies":"2 Orb Walkers","floor":41,"turns":3},{"damage":14,"enemies":"Jaw Worm Horde","floor":42,"turns":2},{"damage":21,"enemies":"Maw","floor":44,"turns":5},{"damage":17,"enemies":"Giant Head","floor":45,"turns":3},{"damage":10,"enemies":"Mysterious Sphere","floor":47,"turns":4},{"damage":18,"enemies":"4 Shapes","floor":48,"turns":4},{"damage":72,"enemies":"Time Eater","floor":50,"turns":6}],"seed_played":"-6142696012314150549","potions_obtained":[{"floor":1,"key":"PowerPotion"},{"floor":8,"key":"Energy Potion"},{"floor":13,"key":"Swift Potion"},{"floor":14,"key":"FearPotion"},{"floor":18,"key":"PowerPotion"},{"floor":30,"key":"FearPotion"},{"floor":33,"key":"Poison Potion"},{"floor":39,"key":"AttackPotion"},{"floor":41,"key":"AttackPotion"},{"floor":44,"key":"FearPotion"}],"is_trial":false,"path_per_floor":["M","?","M","?","M","E","R","E","T","?","M","M","M","M","R","B",null,"M","$","?","M","T","E","R","?","T","$","R","?","M","M","R","B",null,"M","$","?","M","?","R","E","M","T","M","E","?","?","M","R","B"],"character_chosen":"DEFECT","items_purchased":["Toxic Egg 2","Sling","Matryoshka","Coolheaded+1","Panacea+1","AttackPotion","Ancient Tea Set","Lee\u0027s Waffle","Molten Egg 2","PowerPotion"],"campfire_rested":6,"item_purchase_floors":[19,19,19,19,19,19,27,36,36,36],"current_hp_per_floor":[75,60,60,60,60,29,51,33,33,33,14,9,9,9,31,24,75,58,58,64,46,52,47,73,57,63,63,90,90,92,93,93,83,99,99,106,112,112,101,112,112,106,112,118,118,108,118,113,113,74],"gold":454,"neow_bonus":"","is_prod":false,"is_daily":true,"chose_seed":false,"campfire_upgraded":0,"win_rate":0,"timestamp":1539240562,"path_taken":["M","?","M","?","M","E","R","E","T","?","?","M","M","M","R","BOSS","M","$","?","M","?","E","R","?","T","$","R","?","M","M","R","BOSS","M","$","?","M","?","R","E","M","T","M","E","?","?","M","R","BOSS"],"build_version":"2018-10-10","purchased_purges":1,"victory":true,"max_hp_per_floor":[75,75,75,75,75,75,75,75,75,75,75,75,75,75,75,75,75,75,75,81,81,87,87,87,87,93,93,93,93,93,93,93,99,99,99,106,112,112,112,112,112,112,118,118,118,118,118,118,118,124],"card_choices":[{"not_picked":["Storm","Ball Lightning"],"picked":"White Noise","floor":1},{"not_picked":["Rebound","Glacier"],"picked":"White Noise","floor":3},{"not_picked":["Rebound","Cold Snap"],"picked":"FTL","floor":5},{"not_picked":["Cold Snap","Force Field"],"picked":"Conserve Battery","floor":6},{"not_picked":["Hologram","Gash","Go for the Eyes"],"picked":"SKIP","floor":8},{"not_picked":["Cold Snap","Heatsinks"],"picked":"Seek","floor":11},{"not_picked":["Turbo","Capacitor"],"picked":"Defragment","floor":12},{"not_picked":["Sunder","Barrage"],"picked":"Undo","floor":13},{"not_picked":["Streamline","Turbo"],"picked":"Self Repair","floor":14},{"not_picked":["Gash+1","Redo"],"picked":"Skim","floor":18},{"not_picked":["Go for the Eyes","Cold Snap"],"picked":"Stack+1","floor":21},{"not_picked":["Beam Cell","Genetic Algorithm+1"],"picked":"Darkness+1","floor":23},{"not_picked":["Beam Cell+1","Go for the Eyes","Gash+1"],"picked":"Double Energy+1","floor":30},{"not_picked":["Beam Cell","Redo+1","Scrape"],"picked":"BootSequence+1","floor":31},{"not_picked":["Meteor Strike","Thunder Strike","Amplify+1"],"picked":"Creative AI","floor":33},{"not_picked":["Sweeping Beam","Steam+1","Genetic Algorithm+1"],"picked":"Aggregate+1","floor":35},{"not_picked":["Blizzard+1","Conserve Battery+1","Tempest+1"],"picked":"Capacitor+1","floor":38},{"not_picked":["Rebound+1","Leap+1","Doom and Gloom+1"],"picked":"Coolheaded+1","floor":39},{"not_picked":["Multi-Cast+1","Coolheaded+1","Cold Snap+1"],"picked":"Glacier+1","floor":41},{"not_picked":["Lockon+1","Capacitor+1","Melter+1"],"picked":"Chill+1","floor":42},{"not_picked":["Reinforced Body+1","Static Discharge+1","Ball Lightning+1"],"picked":"Capacitor+1","floor":44},{"not_picked":["Reinforced Body+1","Amplify+1","Steam Power+1"],"picked":"Ball Lightning+1","floor":45},{"not_picked":["Bandage Up+1","Transmutation+1","Trip+1"],"picked":"Apotheosis+1","floor":46},{"not_picked":["Bandage Up+1","Trip+1","HandOfGreed+1"],"picked":"Finesse+1","floor":46},{"not_picked":["Redo+1","Hologram+1","Rebound+1"],"picked":"Coolheaded+1","floor":48}],"player_experience":148322,"relics_obtained":[{"floor":6,"key":"Kunai"},{"floor":8,"key":"Omamori"},{"floor":9,"key":"Vajra"},{"floor":22,"key":"Bag of Preparation"},{"floor":22,"key":"Potion Belt"},{"floor":23,"key":"Mummified Hand"},{"floor":25,"key":"Enchiridion"},{"floor":26,"key":"Question Card"},{"floor":26,"key":"Meat on the Bone"},{"floor":39,"key":"Bird Faced Urn"},{"floor":41,"key":"Art of War"},{"floor":43,"key":"Juzu Bracelet"},{"floor":45,"key":"Dream Catcher"},{"floor":47,"key":"Girya"}],"event_choices":[{"event_name":"Shining Light","player_choice":"Entered Light","floor":2,"damage_taken":0},{"event_name":"Purifier","player_choice":"One Purge","floor":4,"damage_taken":0},{"event_name":"Living Wall","player_choice":"Grow","floor":10,"damage_taken":0},{"event_name":"The Mausoleum","player_choice":"Yes","floor":20,"damage_taken":0},{"event_name":"Cursed Tome","player_choice":"Obtained Book","floor":25,"damage_taken":0},{"event_name":"Nest","player_choice":"Stole From Cult","floor":29,"damage_taken":0},{"event_name":"Accursed Blacksmith","player_choice":"Rummage","floor":37,"damage_taken":0},{"event_name":"MindBloom","player_choice":"Fight","floor":39,"damage_taken":0},{"event_name":"SensoryStone","player_choice":"Memory 3","floor":46,"damage_taken":0},{"event_name":"Mysterious Sphere","player_choice":"Fight","floor":47,"damage_taken":0}],"is_beta":true,"boss_relics":[{"not_picked":["Coffee Dripper","Empty Cage"],"picked":"Fusion Hammer"},{"not_picked":["White Beast Statue","Philosopher\u0027s Stone"],"picked":"Astrolabe"}],"items_purged_floors":[36],"is_endless":false,"potions_floor_spawned":[1,8,13,14,18,30,33,39,41,44],"ascension_level":0}