{"gold_per_floor":[118,118,38,116,133,133,158,178,254,267,267,294,311,311,311,383,383,393,393,409,63,78,106,106,106,106,21,40,40,40],"floor_reached":30,"playtime":1240,"items_purged":["Strike_B"],"score":633,"play_id":"c12239ff-0eee-4c59-91b5-b52ba53b9dec","local_time":"20181217112444","is_ascension_mode":true,"campfire_choices":[{"data":"Zap","floor":6.0,"key":"SMITH"},{"data":"Streamline","floor":11.0,"key":"SMITH"},{"data":"Creative AI","floor":15.0,"key":"SMITH"},{"floor":25,"key":"REST"},{"floor":29,"key":"REST"}],"neow_cost":"NONE","seed_source_timestamp":0,"circlet_count":0,"master_deck":["AscendersBane","Strike_B+1","Strike_B+1","Strike_B+1","Defend_B","Defend_B+1","Defend_B","Defend_B","Zap+1","Dualcast","FTL","Streamline+1","Conserve Battery","Coolheaded","Sweeping Beam","Loop","Creative AI+1","Self Repair","Electrodynamics","Ball Lightning","Darkness+1","Meteor Strike","Meteor Strike","Steam+1"],"special_seed":0,"relics":["Cracked Core","NeowsBlessing","Whetstone","Pear","Calipers","Snecko Eye","Membership Card","Lantern","Nilry\u0027s Codex","Toxic Egg 2","Kunai"],"potions_floor_usage":[23],"damage_taken":[{"damage":0.0,"enemies":"Jaw Worm","floor":1.0,"turns":1.0},{"damage":0.0,"enemies":"2 Louse","floor":5.0,"turns":1.0},{"damage":0.0,"enemies":"Lagavulin","floor":7.0,"turns":1.0},{"damage":0.0,"enemies":"Cultist","floor":8.0,"turns":2.0},{"damage":8.0,"enemies":"3 Louse","floor":10.0,"turns":3.0},{"damage":18.0,"enemies":"3 Sentries","floor":12.0,"turns":7.0},{"damage":11.0,"enemies":"2 Fungi Beasts","floor":13.0,"turns":4.0},{"damage":0.0,"enemies":"Slime Boss","floor":16.0,"turns":8.0},{"damage":16.0,"enemies":"Chosen","floor":18.0,"turns":4.0},{"damage":26.0,"enemies":"Spheric Guardian","floor":20.0,"turns":4.0},{"damage":6.0,"enemies":"3 Cultists","floor":22.0,"turns":4.0},{"damage":31,"enemies":"Gremlin Leader","floor":23,"turns":8},{"damage":21,"enemies":"Snake Plant","floor":28,"turns":3},{"damage":37,"enemies":"Slavers","floor":30,"turns":3}],"seed_played":"7480445178535597981","potions_obtained":[{"floor":1.0,"key":"Weak Potion"},{"floor":10.0,"key":"PowerPotion"},{"floor":23,"key":"Ancient Potion"}],"is_trial":false,"path_per_floor":["M","?","$","?","M","R","E","M","T","M","R","E","M","?","R","B",null,"M","$","M","$","M","E","?","R","T","?","M","R","E"],"character_chosen":"DEFECT","items_purchased":["Streamline","Conserve Battery","Membership Card","Meteor Strike"],"campfire_rested":2,"item_purchase_floors":[3,3,21,21],"current_hp_per_floor":[64,43,43,43,43,43,43,43,53,45,45,27,16,81,81,81,81,72,72,53,53,54,30,9,33,33,33,12,36,0],"gold":40,"neow_bonus":"THREE_ENEMY_KILL","is_prod":false,"is_daily":false,"chose_seed":false,"campfire_upgraded":3,"win_rate":0,"timestamp":1545074684,"path_taken":["M","?","$","?","M","R","E","M","T","M","R","E","M","?","R","BOSS","M","$","M","$","M","E","?","R","T","?","M","R","E"],"build_version":"2018-12-13","purchased_purges":1,"victory":false,"max_hp_per_floor":[71,71,71,71,71,71,71,71,81,81,81,81,81,81,81,81,81,81,81,81,81,81,81,81,81,81,81,81,81,81],"card_choices":[{"not_picked":["Barrage","Compile Driver"],"picked":"FTL","floor":1.0},{"not_picked":["Chaos","Redo"],"picked":"Coolheaded","floor":5.0},{"not_picked":["Streamline","Sweeping Beam"],"picked":"Undo","floor":7.0},{"not_picked":["Redo","Stack"],"picked":"Sweeping Beam","floor":8.0},{"not_picked":["Sunder","Stack"],"picked":"Loop","floor":10.0},{"not_picked":["Capacitor","Stack"],"picked":"Creative AI","floor":12.0},{"not_picked":["Stack","Redo"],"picked":"Self Repair","floor":13.0},{"not_picked":["Thunder Strike","Hyperbeam"],"picked":"Electrodynamics","floor":16.0},{"not_picked":["Turbo","Hologram"],"picked":"Ball Lightning","floor":18.0},{"not_picked":["Streamline","Rebound+1"],"picked":"Darkness+1","floor":20.0},{"not_picked":["Beam Cell","Compile Driver","Static Discharge"],"picked":"SKIP","floor":22.0},{"not_picked":["Streamline","Chaos"],"picked":"Meteor Strike","floor":23},{"not_picked":["Genetic Algorithm+1","Gash+1"],"picked":"Steam+1","floor":28}],"player_experience":1579145,"relics_obtained":[{"floor":7.0,"key":"Whetstone"},{"floor":9.0,"key":"Pear"},{"floor":12.0,"key":"Calipers"},{"floor":23,"key":"Lantern"},{"floor":24,"key":"Nilry\u0027s Codex"},{"floor":26,"key":"Toxic Egg 2"}],"event_choices":[{"damage_healed":0.0,"max_hp_gain":0.0,"max_hp_loss":0.0,"gold_gain":0.0,"event_name":"Shining Light","player_choice":"Entered Light","floor":2.0,"gold_loss":0.0,"damage_taken":21.0,"cards_upgraded":["Defend_B","Strike_B"]},{"damage_healed":0.0,"max_hp_gain":0.0,"max_hp_loss":0.0,"gold_gain":78.0,"event_name":"Golden Wing","player_choice":"Gained Gold","floor":4.0,"gold_loss":0.0,"damage_taken":0.0},{"cards_removed":["Undo"],"damage_healed":65.0,"max_hp_gain":0.0,"max_hp_loss":0.0,"gold_gain":0.0,"event_name":"Bonfire Elementals","player_choice":"Offered Uncommon","floor":14.0,"gold_loss":0.0,"damage_taken":0.0},{"damage_healed":0,"gold_gain":0,"player_choice":"Obtained Book","damage_taken":21,"max_hp_gain":0,"max_hp_loss":0,"event_name":"Cursed Tome","floor":24,"gold_loss":0},{"damage_healed":0,"gold_gain":0,"player_choice":"Obtained Relic","damage_taken":0,"relics_obtained":["Kunai"],"max_hp_gain":0,"max_hp_loss":0,"event_name":"Addict","floor":27,"gold_loss":85}],"is_beta":false,"boss_relics":[{"not_picked":["Lizard Tail","Tiny House"],"picked":"Snecko Eye"}],"items_purged_floors":[21],"is_endless":false,"potions_floor_spawned":[1,10,12,23],"killed_by":"Slavers","ascension_level":18}