{"gold_per_floor":[111,20,20,34,46,46,74,84,84,98,113,113],"floor_reached":12,"playtime":853,"items_purged":[],"score":144,"play_id":"c38af124-2c78-4297-9d37-c001b2457111","local_time":"20181119173223","is_ascension_mode":true,"campfire_choices":[{"floor":6,"key":"REST"}],"neow_cost":"NONE","seed_source_timestamp":78343122378837,"circlet_count":0,"master_deck":["AscendersBane","Strike_B","Strike_B","Strike_B","Defend_B","Defend_B","Defend_B","Defend_B","Zap","Dualcast","Thunder Strike","Capacitor","Ball Lightning","Consume","Biased Cognition","Coolheaded","Conserve Battery","Loop"],"relics":["Cracked Core","Du-Vu Doll","Bottled Tornado"],"potions_floor_usage":[],"damage_taken":[{"damage":5,"enemies":"Small Slimes","floor":1,"turns":4},{"damage":0,"enemies":"Cultist","floor":4,"turns":3},{"damage":12,"enemies":"Jaw Worm","floor":5,"turns":3},{"damage":20,"enemies":"3 Sentries","floor":7,"turns":7},{"damage":13,"enemies":"3 Louse","floor":8,"turns":3},{"damage":6,"enemies":"Exordium Thugs","floor":10,"turns":5},{"damage":18,"enemies":"Exordium Wildlife","floor":11,"turns":5},{"damage":11,"enemies":"Lots of Slimes","floor":12,"turns":2}],"seed_played":"4653465688750366804","potions_obtained":[{"floor":1,"key":"Poison Potion"},{"floor":4,"key":"Poison Potion"},{"floor":11,"key":"SteroidPotion"}],"is_trial":false,"path_per_floor":["M","$","?","M","M","R","E","M","T","M","M","M"],"character_chosen":"DEFECT","items_purchased":["Ball Lightning","Consume"],"campfire_rested":1,"item_purchase_floors":[2,2],"current_hp_per_floor":[59,59,59,59,47,68,48,35,35,29,11,0],"gold":113,"neow_bonus":"ONE_RANDOM_RARE_CARD","is_prod":false,"is_daily":false,"chose_seed":false,"campfire_upgraded":0,"win_rate":0,"timestamp":1542609143,"path_taken":["M","$","?","?","?","R","E","M","T","M","M","M"],"build_version":"2018-11-15","purchased_purges":0,"victory":false,"max_hp_per_floor":[71,71,71,71,71,71,71,71,71,71,71,71],"card_choices":[{"not_picked":["Sweeping Beam","Redo"],"picked":"Capacitor","floor":1},{"not_picked":["Compile Driver","Sweeping Beam"],"picked":"Coolheaded","floor":4},{"not_picked":["Double Energy","Cold Snap"],"picked":"Conserve Battery","floor":5},{"not_picked":["Sunder","Gash","Leap"],"picked":"SKIP","floor":7},{"not_picked":["Doom and Gloom","Recycle","Steam"],"picked":"SKIP","floor":8},{"not_picked":["White Noise","Beam Cell","Meteor Strike"],"picked":"SKIP","floor":10},{"not_picked":["Force Field","Stack"],"picked":"Loop","floor":11}],"player_experience":865611,"relics_obtained":[{"floor":7,"key":"Du-Vu Doll"},{"floor":9,"key":"Bottled Tornado"}],"event_choices":[{"damage_healed":0,"gold_gain":0,"cards_transformed":["Strike_B"],"player_choice":"Transformed","damage_taken":0,"max_hp_gain":0,"max_hp_loss":0,"event_name":"Transmorgrifier","floor":3,"gold_loss":0,"cards_obtained":["Biased Cognition"]}],"is_beta":true,"boss_relics":[],"items_purged_floors":[],"is_endless":false,"potions_floor_spawned":[1,4,11],"killed_by":"Lots of Slimes","ascension_level":15}