{"gold_per_floor":[111,111,127,139,59,87,100,3,80,80],"floor_reached":10,"playtime":307,"items_purged":[],"score":75,"play_id":"734af3b6-bb03-439d-98b6-60e751e5f4e0","local_time":"20190108210721","is_ascension_mode":true,"campfire_choices":[],"neow_cost":"NONE","seed_source_timestamp":2561725168492,"circlet_count":0,"master_deck":["Strike_B","Strike_B","Strike_B","Strike_B","Defend_B","Defend_B","Defend_B","Defend_B","Zap+1","Dualcast","Beam Cell","Steam Power","Steam Power","Beam Cell","Defragment","White Noise","Gash","Go for the Eyes","Turbo"],"relics":["Cracked Core","NeowsBlessing","FossilizedHelix","Question Card"],"potions_floor_usage":[7],"damage_taken":[{"damage":0,"enemies":"2 Louse","floor":1,"turns":1},{"damage":0,"enemies":"Cultist","floor":3,"turns":1},{"damage":0,"enemies":"Jaw Worm","floor":4,"turns":1},{"damage":22,"enemies":"Gremlin Nob","floor":6,"turns":4},{"damage":25,"enemies":"Gremlin Gang","floor":7,"turns":5},{"damage":35,"enemies":"3 Sentries","floor":10,"turns":5}],"seed_played":"1031027913583162750","potions_obtained":[{"floor":6,"key":"SkillPotion"},{"floor":7,"key":"SpeedPotion"}],"is_trial":false,"path_per_floor":["M","?","M","M","$","E","M","$","T","E"],"character_chosen":"DEFECT","items_purchased":["Beam Cell","Defragment","Go for the Eyes","Turbo"],"campfire_rested":0,"item_purchase_floors":[5,5,8,8],"current_hp_per_floor":[75,75,75,75,75,53,28,28,28,0],"gold":80,"neow_bonus":"THREE_ENEMY_KILL","is_prod":false,"is_daily":false,"chose_seed":false,"campfire_upgraded":0,"win_rate":0,"timestamp":1546978041,"path_taken":["M","?","M","?","$","E","M","?","T","E"],"build_version":"2019-01-07","purchased_purges":0,"victory":false,"max_hp_per_floor":[75,75,75,75,75,75,75,75,75,75],"card_choices":[{"not_picked":["Compile Driver","Static Discharge"],"picked":"Beam Cell","floor":1},{"not_picked":["Tempest","Leap"],"picked":"Steam Power","floor":3},{"not_picked":["Self Repair","Streamline"],"picked":"Steam Power","floor":4},{"not_picked":["Steam","Rebound"],"picked":"White Noise","floor":6},{"not_picked":["Compile Driver","Chill"],"picked":"Gash","floor":7}],"player_experience":169008,"relics_obtained":[{"floor":6,"key":"FossilizedHelix"},{"floor":9,"key":"Question Card"}],"event_choices":[{"damage_healed":0,"gold_gain":0,"player_choice":"Upgraded","damage_taken":0,"max_hp_gain":0,"max_hp_loss":0,"event_name":"Upgrade Shrine","floor":2,"gold_loss":0,"cards_upgraded":["Zap"]}],"is_beta":true,"boss_relics":[],"items_purged_floors":[],"is_endless":false,"potions_floor_spawned":[6,7],"killed_by":"3 Sentries","ascension_level":2}