{"path_per_floor":["M","?","M","?","M","R","M","E","T","M","M","T","M","E","R","B",null,"M","?","M","?","?","R","M","R","T","E","?"],"character_chosen":"IRONCLAD","items_purchased":[],"gold_per_floor":[99,274,293,293,313,313,324,357,357,377,397,423,442,469,469,565,565,580,580,597,597,597,597,615,615,690,721,721,721],"floor_reached":29,"campfire_rested":1,"playtime":1398,"item_purchase_floors":[],"current_hp_per_floor":[80,80,76,69,73,73,79,48,48,54,54,54,46,32,56,15,80,74,74,80,80,65,65,66,66,66,36,36,0],"items_purged":[],"gold":721,"score":306,"play_id":"27882736-a3b0-4c52-b8a7-4093fd218215","local_time":"20180520223936","is_prod":false,"is_daily":false,"chose_seed":false,"is_ascension_mode":true,"campfire_upgraded":3,"timestamp":1526848776,"campfire_choices":[{"data":"Iron Wave","floor":6.0,"key":"SMITH"},{"floor":15.0,"key":"REST"},{"data":"Iron Wave","floor":23.0,"key":"SMITH"},{"data":"Body Slam","floor":25.0,"key":"SMITH"}],"path_taken":["M","?","M","?","M","R","M","E","T","?","M","?","M","E","R","BOSS","M","?","?","?","?","R","M","R","T","E","?","E"],"build_version":"2018-05-18","seed_source_timestamp":0,"purchased_purges":0,"victory":false,"master_deck":["Strike_R","Strike_R","Strike_R","Strike_R","Strike_R","Defend_R+1","Defend_R","Defend_R","Defend_R+1","Bash","Headbutt","Iron Wave+1","Iron Wave+1","Inflame","Clash","Iron Wave+1","Headbutt","Warcry+1","Impervious+1","Body Slam+1","Ghostly Armor+1","Iron Wave","Iron Wave","Entrench+1"],"max_hp_per_floor":[80,80,80,80,80,80,80,80,80,80,80,80,80,80,80,80,80,80,80,80,80,85,85,85,85,85,85,85,85],"relics":["Burning Blood","Question Card","Centennial Puzzle","War Paint","Toxic Egg 2","Velvet Choker","Matryoshka","Bag of Preparation","Mummified Hand","Bag of Marbles"],"card_choices":[{"not_picked":["Body Slam","Thunderclap"],"picked":"Headbutt","floor":3.0},{"not_picked":["Fire Breathing","Armaments"],"picked":"Iron Wave","floor":5.0},{"not_picked":["Shrug It Off","Barricade"],"picked":"Iron Wave","floor":7.0},{"not_picked":["Havoc","Thunderclap"],"picked":"Inflame","floor":8.0},{"not_picked":["Combust","Thunderclap","True Grit"],"picked":"Clash","floor":10.0},{"not_picked":["Sever Soul","Clash","Anger"],"picked":"Iron Wave","floor":11.0},{"not_picked":["Power Through","Hemokinesis","Perfected Strike"],"picked":"Headbutt","floor":13.0},{"not_picked":["Immolate","Wild Strike","Barricade"],"picked":"Warcry","floor":14.0},{"not_picked":["Exhume+1","Demon Form","Juggernaut"],"picked":"Impervious+1","floor":16.0},{"not_picked":["Combust","Entrench+1","Clash"],"picked":"Body Slam","floor":18.0},{"not_picked":["True Grit+1","Pummel","Wild Strike"],"picked":"Iron Wave","floor":20.0},{"not_picked":["Pommel Strike","Thunderclap+1","Seeing Red+1"],"picked":"Iron Wave","floor":24.0},{"not_picked":["Combust","Headbutt","Evolve"],"picked":"Entrench+1","floor":27}],"player_experience":121032,"potions_floor_usage":[],"damage_taken":[{"damage":0.0,"enemies":"Jaw Worm","floor":1.0,"turns":1.0},{"damage":10.0,"enemies":"Small Slimes","floor":3.0,"turns":4.0},{"damage":2.0,"enemies":"2 Louse","floor":5.0,"turns":4.0},{"damage":0.0,"enemies":"Large Slime","floor":7.0,"turns":4.0},{"damage":37.0,"enemies":"Lagavulin","floor":8.0,"turns":7.0},{"damage":0.0,"enemies":"2 Fungi Beasts","floor":10.0,"turns":4.0},{"damage":6.0,"enemies":"Gremlin Gang","floor":11.0,"turns":4.0},{"damage":14.0,"enemies":"Exordium Wildlife","floor":13.0,"turns":4.0},{"damage":20.0,"enemies":"3 Sentries","floor":14.0,"turns":7.0},{"damage":47.0,"enemies":"Slime Boss","floor":16.0,"turns":11.0},{"damage":12.0,"enemies":"3 Byrds","floor":18.0,"turns":6.0},{"damage":0.0,"enemies":"Chosen","floor":20.0,"turns":4.0},{"damage":5.0,"enemies":"Snake Plant","floor":24.0,"turns":4.0},{"damage":36.0,"enemies":"Book of Stabbing","floor":27.0,"turns":6.0},{"damage":42,"enemies":"Gremlin Leader","floor":29,"turns":10}],"relics_obtained":[{"floor":8.0,"key":"Question Card"},{"floor":9.0,"key":"Centennial Puzzle"},{"floor":12.0,"key":"War Paint"},{"floor":14.0,"key":"Toxic Egg 2"},{"floor":26.0,"key":"Bag of Preparation"},{"floor":26.0,"key":"Mummified Hand"},{"floor":27,"key":"Bag of Marbles"}],"event_choices":[{"event_name":"Liars Game","player_choice":"agreed","floor":2.0,"damage_taken":0.0},{"event_name":"Golden Wing","player_choice":"Card Removal","floor":4.0,"damage_taken":0.0},{"event_name":"The Library","player_choice":"Read","floor":19.0,"damage_taken":0.0},{"event_name":"The Mausoleum","player_choice":"Yes","floor":21.0,"damage_taken":0.0},{"event_name":"Forgotten Altar","player_choice":"Shed Blood","floor":22.0,"damage_taken":0.0},{"event_name":"Upgrade Shrine","player_choice":"Upgraded","floor":28,"damage_taken":0}],"boss_relics":[],"items_purged_floors":[],"potions_floor_spawned":[3,7,10,11],"seed_played":"-8582189017968908933","killed_by":"Gremlin Leader","ascension_level":2,"potions_obtained":[{"floor":3.0,"key":"EntropicBrew"},{"floor":7.0,"key":"Poison Potion"},{"floor":10.0,"key":"Dexterity Potion"},{"floor":11.0,"key":"Ancient Potion"}],"is_trial":false}