{"gold_per_floor":[110,30,30,97,110,110,148,148,148,8,39,73,73,117,117,117],"floor_reached":16,"playtime":561,"items_purged":[],"score":125,"play_id":"766a9a03-a984-4686-ad28-e92fbeba3a94","local_time":"20190206173529","is_ascension_mode":true,"campfire_choices":[{"data":"Doom and Gloom","floor":6,"key":"SMITH"},{"floor":8,"key":"REST"},{"floor":15,"key":"REST"}],"neow_cost":"NONE","seed_source_timestamp":447401488808,"circlet_count":0,"master_deck":["Strike_B","Strike_B","Strike_B","Strike_B","Defend_B","Defend_B","Defend_B","Defend_B","Zap","Dualcast","Cold Snap","Melter","Injury","Doom and Gloom+1","Sweeping Beam","Seek","Compile Driver","Sunder","Genetic Algorithm"],"relics":["Cracked Core","Potion Belt","Golden Idol","Ancient Tea Set","PreservedInsect","Odd Mushroom","Happy Flower","Boot"],"potions_floor_usage":[7,11,12],"damage_taken":[{"damage":0,"enemies":"Small Slimes","floor":1,"turns":3},{"damage":2,"enemies":"Jaw Worm","floor":5,"turns":4},{"damage":32,"enemies":"Lagavulin","floor":7,"turns":5},{"damage":13,"enemies":"The Mushroom Lair","floor":11,"turns":3},{"damage":18,"enemies":"Gremlin Nob","floor":12,"turns":4},{"damage":16,"enemies":"3 Sentries","floor":14,"turns":3},{"damage":57,"enemies":"Hexaghost","floor":16,"turns":11}],"seed_played":"3844699769714840416","potions_obtained":[{"floor":5,"key":"GamblersBrew"},{"floor":7,"key":"Fruit Juice"},{"floor":11,"key":"Fruit Juice"}],"is_trial":false,"path_per_floor":["M","$","?","?","M","R","E","R","T","$","?","E","$","E","R","B"],"character_chosen":"DEFECT","items_purchased":["Melter","Seek"],"campfire_rested":2,"item_purchase_floors":[2,10],"current_hp_per_floor":[75,75,75,75,73,73,41,63,63,63,55,42,42,26,51,0],"gold":117,"neow_bonus":"RANDOM_COMMON_RELIC","is_prod":false,"is_daily":false,"chose_seed":false,"campfire_upgraded":1,"win_rate":0,"timestamp":1549445729,"path_taken":["M","$","?","?","?","R","E","R","T","?","?","E","?","E","R","BOSS"],"build_version":"2019-01-23","purchased_purges":0,"victory":false,"max_hp_per_floor":[75,75,75,75,75,75,75,75,75,75,80,85,85,85,85,85],"card_choices":[{"not_picked":["Defragment","Steam"],"picked":"Cold Snap","floor":1},{"not_picked":["Scrape","Auto Shields"],"picked":"Doom and Gloom","floor":5},{"not_picked":["Scrape","Streamline"],"picked":"Sweeping Beam","floor":7},{"not_picked":["Skim","Darkness"],"picked":"Compile Driver","floor":11},{"not_picked":["Defragment","Cold Snap"],"picked":"Sunder","floor":12},{"not_picked":["Sunder","Rebound"],"picked":"Genetic Algorithm","floor":14}],"player_experience":89475,"relics_obtained":[{"floor":7,"key":"Ancient Tea Set"},{"floor":9,"key":"PreservedInsect"},{"floor":11,"key":"Odd Mushroom"},{"floor":12,"key":"Happy Flower"},{"floor":14,"key":"Boot"}],"event_choices":[{"damage_healed":0,"gold_gain":0,"player_choice":"Take Wound","damage_taken":0,"relics_obtained":["Golden Idol"],"max_hp_gain":0,"max_hp_loss":0,"event_name":"Golden Idol","floor":3,"gold_loss":0,"cards_obtained":["Injury"]},{"damage_healed":0,"gold_gain":67,"player_choice":"Gained Gold","damage_taken":0,"max_hp_gain":0,"max_hp_loss":0,"event_name":"Golden Wing","floor":4,"gold_loss":0},{"damage_healed":0,"gold_gain":0,"player_choice":"Fought Mushrooms","damage_taken":0,"max_hp_gain":0,"max_hp_loss":0,"event_name":"Mushrooms","floor":11,"gold_loss":0}],"is_beta":false,"boss_relics":[],"items_purged_floors":[],"is_endless":false,"potions_floor_spawned":[5,7,11],"killed_by":"Hexaghost","ascension_level":2}