{"gold_per_floor":[115,115,115,131,148,179,179,189,213,246,258,258,533,564,564,667,667,683,17,30,48,48,48,75,93,93,8,36,48,48,48,48,48],"floor_reached":33,"playtime":1906,"items_purged":["Strike_G"],"score":406,"play_id":"77d027af-271d-486b-9b65-71fc3d4dd9da","local_time":"20190205203323","is_ascension_mode":true,"campfire_choices":[{"floor":7,"key":"REST"},{"floor":12,"key":"REST"},{"data":"Leg Sweep","floor":15,"key":"SMITH"},{"floor":23,"key":"REST"},{"floor":30,"key":"REST"},{"floor":32,"key":"REST"}],"neow_cost":"NONE","seed_source_timestamp":2179715192765736,"circlet_count":0,"master_deck":["Defend_G","Defend_G","Defend_G","Defend_G","Defend_G","Strike_G","Strike_G","Strike_G","Survivor","Neutralize","Cloak And Dagger","Heel Hook","Blade Dance","Blade Dance","Sucker Punch","Footwork","Dagger Spray","Leg Sweep+1","Regret","Terror","Malaise","Backflip+1","Accuracy","Phantasmal Killer","Blade Dance+1","Blade Dance+1","PiercingWail+1","PiercingWail","Madness+1","Prepared+1","Outmaneuver+1"],"relics":["Ring of the Snake","Juzu Bracelet","Boot","Blood Vial","Meat on the Bone","Ginger","Sozu","ClockworkSouvenir","Mercury Hourglass","Question Card","Toxic Egg 2","Singing Bowl"],"potions_floor_usage":[14,21],"damage_taken":[{"damage":0,"enemies":"Cultist","floor":1,"turns":4},{"damage":0,"enemies":"2 Louse","floor":4,"turns":3},{"damage":0,"enemies":"Small Slimes","floor":5,"turns":4},{"damage":41,"enemies":"3 Sentries","floor":6,"turns":14},{"damage":0,"enemies":"Exordium Wildlife","floor":8,"turns":3},{"damage":20,"enemies":"Lagavulin","floor":10,"turns":9},{"damage":0,"enemies":"Exordium Thugs","floor":11,"turns":4},{"damage":16,"enemies":"3 Sentries","floor":14,"turns":9},{"damage":35,"enemies":"The Guardian","floor":16,"turns":18},{"damage":0,"enemies":"Chosen","floor":18,"turns":6},{"damage":16,"enemies":"3 Byrds","floor":20,"turns":4},{"damage":32,"enemies":"Shelled Parasite and Fungi","floor":21,"turns":5},{"damage":39,"enemies":"Slavers","floor":24,"turns":4},{"damage":0,"enemies":"Snecko","floor":25,"turns":3},{"damage":9,"enemies":"Gremlin Leader","floor":28,"turns":8},{"damage":23,"enemies":"Centurion and Healer","floor":29,"turns":5},{"damage":75,"enemies":"Collector","floor":33,"turns":12}],"seed_played":"3778697894459971113","potions_obtained":[{"floor":1,"key":"SmokeBomb"},{"floor":6,"key":"Explosive Potion"},{"floor":16,"key":"Regen Potion"}],"is_trial":false,"path_per_floor":["M","?","?","M","M","E","R","M","T","E","M","R","?","E","R","B",null,"M","$","M","M","$","R","E","M","T","$","E","M","R","?","R","B"],"character_chosen":"THE_SILENT","items_purchased":["Accuracy","Phantasmal Killer","ClockworkSouvenir","Mercury Hourglass","Madness+1"],"campfire_rested":5,"item_purchase_floors":[19,19,19,19,27],"current_hp_per_floor":[70,70,58,58,58,17,38,38,38,20,34,55,55,41,41,20,58,60,60,46,37,37,58,33,47,47,47,40,31,52,39,61,0],"gold":48,"neow_bonus":"THREE_CARDS","is_prod":false,"is_daily":false,"chose_seed":false,"campfire_upgraded":1,"win_rate":0,"timestamp":1549359203,"path_taken":["M","?","?","M","M","E","R","M","T","E","M","R","?","E","R","BOSS","M","$","M","M","$","R","E","M","T","?","E","M","R","?","R","BOSS"],"build_version":"2019-01-23","purchased_purges":1,"victory":false,"max_hp_per_floor":[70,70,70,70,70,70,70,70,70,70,70,70,70,70,70,70,70,70,70,70,70,70,70,70,70,70,70,70,70,70,75,75,75],"card_choices":[{"not_picked":["Outmaneuver","Setup"],"picked":"Cloak And Dagger","floor":0},{"not_picked":["Acrobatics","Poisoned Stab"],"picked":"Heel Hook","floor":1},{"not_picked":["Cloak And Dagger","Escape Plan"],"picked":"Blade Dance","floor":4},{"not_picked":["Bouncing Flask","Outmaneuver"],"picked":"Blade Dance","floor":5},{"not_picked":["Grand Finale","Backflip"],"picked":"Sucker Punch","floor":6},{"not_picked":["Caltrops","Acrobatics"],"picked":"Footwork","floor":8},{"not_picked":["Well Laid Plans","Sucker Punch"],"picked":"Dagger Spray","floor":10},{"not_picked":["Dodge and Roll","Underhanded Strike"],"picked":"Leg Sweep","floor":11},{"not_picked":["Sucker Punch","Bane"],"picked":"Terror","floor":14},{"not_picked":["A Thousand Cuts","Envenom"],"picked":"Malaise","floor":16},{"not_picked":["Masterful Stab+1","Blade Dance"],"picked":"Backflip+1","floor":18},{"not_picked":["Skewer","Deflect"],"picked":"Blade Dance+1","floor":20},{"not_picked":["Leg Sweep","Underhanded Strike"],"picked":"Blade Dance+1","floor":21},{"not_picked":["Deadly Poison","Glass Knife"],"picked":"PiercingWail+1","floor":24},{"not_picked":["Poisoned Stab","Catalyst+1","Sucker Punch"],"picked":"PiercingWail","floor":25},{"not_picked":["Deflect+1","Riddle With Holes","Storm of Steel+1"],"picked":"Prepared+1","floor":28},{"not_picked":["Quick Slash","Deadly Poison+1","Slice"],"picked":"Outmaneuver+1","floor":29}],"player_experience":265519,"relics_obtained":[{"floor":6,"key":"Boot"},{"floor":9,"key":"Blood Vial"},{"floor":10,"key":"Meat on the Bone"},{"floor":14,"key":"Ginger"},{"floor":24,"key":"Question Card"},{"floor":26,"key":"Toxic Egg 2"},{"floor":28,"key":"Singing Bowl"}],"event_choices":[{"cards_removed":["Strike_G"],"damage_healed":0,"gold_gain":0,"player_choice":"Forget","damage_taken":0,"max_hp_gain":0,"max_hp_loss":0,"event_name":"Living Wall","floor":2,"gold_loss":0},{"damage_healed":0,"gold_gain":0,"player_choice":"Success","damage_taken":12,"relics_obtained":["Juzu Bracelet"],"max_hp_gain":0,"max_hp_loss":0,"event_name":"Scrap Ooze","floor":3,"gold_loss":0},{"damage_healed":0,"gold_gain":275,"player_choice":"Desecrate","damage_taken":0,"max_hp_gain":0,"max_hp_loss":0,"event_name":"Golden Shrine","floor":13,"gold_loss":0,"cards_obtained":["Regret"]},{"damage_healed":0,"gold_gain":0,"player_choice":"Shed Blood","damage_taken":18,"max_hp_gain":5,"max_hp_loss":0,"event_name":"Forgotten Altar","floor":31,"gold_loss":0}],"is_beta":false,"boss_relics":[{"not_picked":["Black Star","Lizard Tail"],"picked":"Sozu"}],"items_purged_floors":[19],"is_endless":false,"potions_floor_spawned":[1,6,16,18,20,24,29],"killed_by":"Collector","ascension_level":5}