{"gold_per_floor":[112,112,77,77,92,121,39,72,72,92,92,117,117,132,132,203,203,220,319,339,339,356,356,11,27,27,41,41,0,0,15,15,15],"floor_reached":33,"playtime":1329,"items_purged":["Regret"],"score":462,"play_id":"2dacf070-6991-4b92-bd7a-0e0ef782a290","local_time":"20181218213447","is_ascension_mode":true,"campfire_choices":[{"floor":11,"key":"REST"},{"data":"Zap","floor":13,"key":"SMITH"},{"data":"Fission","floor":15,"key":"SMITH"},{"floor":23,"key":"REST"},{"floor":32,"key":"REST"}],"neow_cost":"NONE","seed_source_timestamp":339117430859890,"circlet_count":0,"master_deck":["AscendersBane","Strike_B","Strike_B","Defend_B","Defend_B","Defend_B","Defend_B","Zap+1","Dualcast","Dramatic Entrance","Cold Snap","Chill","Fission+1","Sunder","Conserve Battery+1","Steam+1","Biased Cognition+1","Go for the Eyes","Rainbow+1","Shame","Shame","Blizzard","Ball Lightning","Electrodynamics+1","Leap+1","Cold Snap","Hologram+1"],"relics":["Cracked Core","Darkstone Periapt","Toxic Egg 2","Meat on the Bone","Frozen Egg 2","Calling Bell","Happy Flower","The Courier","Shovel","Runic Capacitor","Regal Pillow","Bronze Scales"],"potions_floor_usage":[6,6,12,16,20,33],"damage_taken":[{"damage":12,"enemies":"Small Slimes","floor":1,"turns":4},{"damage":0,"enemies":"2 Louse","floor":5,"turns":2},{"damage":13,"enemies":"3 Sentries","floor":6,"turns":6},{"damage":43,"enemies":"Gremlin Nob","floor":8,"turns":5},{"damage":0,"enemies":"Cultist","floor":10,"turns":4},{"damage":24,"enemies":"Lagavulin","floor":12,"turns":5},{"damage":6,"enemies":"Looter","floor":14,"turns":2},{"damage":34,"enemies":"Hexaghost","floor":16,"turns":13},{"damage":9,"enemies":"3 Byrds","floor":18,"turns":5},{"damage":18,"enemies":"2 Thieves","floor":20,"turns":5},{"damage":23,"enemies":"3 Cultists","floor":22,"turns":6},{"damage":11,"enemies":"Cultist and Chosen","floor":25,"turns":6},{"damage":29,"enemies":"Sentry and Sphere","floor":27,"turns":5},{"damage":26,"enemies":"Colosseum Slavers","floor":28,"turns":4},{"damage":7,"enemies":"Chosen and Byrds","floor":31,"turns":5},{"damage":94,"enemies":"Champ","floor":33,"turns":17}],"seed_played":"3063413554793085581","potions_obtained":[{"floor":1,"key":"Fire Potion"},{"floor":4,"key":"PowerPotion"},{"floor":10,"key":"Fire Potion"},{"floor":14,"key":"Poison Potion"},{"floor":18,"key":"SkillPotion"},{"floor":31,"key":"Weak Potion"}],"is_trial":false,"path_per_floor":["M","?","?","?","M","E","$","E","T","M","R","E","R","M","R","B",null,"M","?","M","?","M","R","$","M","T","M","?","?","?","M","R","B"],"character_chosen":"DEFECT","items_purchased":["Sunder","Runic Capacitor","Regal Pillow"],"campfire_rested":3,"item_purchase_floors":[7,24,24],"current_hp_per_floor":[56,49,67,67,67,54,54,11,11,23,45,33,33,39,39,17,79,70,70,52,52,41,68,68,57,57,40,26,26,26,31,73,0],"gold":15,"neow_bonus":"RANDOM_COLORLESS","is_prod":false,"is_daily":false,"chose_seed":false,"campfire_upgraded":2,"win_rate":0,"timestamp":1545194087,"path_taken":["M","?","?","?","M","E","$","E","T","?","R","E","R","M","R","BOSS","M","?","M","?","?","R","$","M","T","?","?","?","?","M","R","BOSS"],"build_version":"2018-12-13","purchased_purges":1,"victory":false,"max_hp_per_floor":[75,75,75,75,75,75,75,75,75,75,75,75,75,75,75,75,93,93,93,93,93,93,93,93,93,93,93,93,93,93,93,93,93],"card_choices":[{"not_picked":["Hello World","Blizzard"],"picked":"Cold Snap","floor":1},{"not_picked":["Auto Shields","Sweeping Beam"],"picked":"Chill","floor":5},{"not_picked":["White Noise","Leap"],"picked":"Fission","floor":6},{"not_picked":["Sweeping Beam","Darkness"],"picked":"Conserve Battery","floor":8},{"not_picked":["Heatsinks","Ball Lightning"],"picked":"Steam+1","floor":10},{"not_picked":["Barrage","Consume+1"],"picked":"Biased Cognition","floor":12},{"not_picked":["Beam Cell","Ball Lightning"],"picked":"Go for the Eyes","floor":14},{"not_picked":["Multi-Cast+1","Core Surge"],"picked":"Rainbow+1","floor":16},{"not_picked":["Beam Cell","Doom and Gloom"],"picked":"Blizzard","floor":18},{"not_picked":["Gash","Redo+1","Compile Driver"],"picked":"SKIP","floor":20},{"not_picked":["Fusion+1","Go for the Eyes"],"picked":"Electrodynamics+1","floor":22},{"not_picked":["Scrape","Rebound"],"picked":"Leap+1","floor":25},{"not_picked":["Reprogram+1","Stack+1","Force Field+1"],"picked":"SKIP","floor":27},{"not_picked":["Gash","Rebound"],"picked":"Hologram+1","floor":31}],"player_experience":710321,"relics_obtained":[{"floor":6,"key":"Darkstone Periapt"},{"floor":8,"key":"Toxic Egg 2"},{"floor":9,"key":"Meat on the Bone"},{"floor":12,"key":"Frozen Egg 2"},{"floor":17,"key":"Happy Flower"},{"floor":17,"key":"The Courier"},{"floor":17,"key":"Shovel"},{"floor":26,"key":"Bronze Scales"}],"event_choices":[{"cards_removed":["Strike_B"],"damage_healed":0,"gold_gain":0,"player_choice":"Card Removal","damage_taken":7,"max_hp_gain":0,"max_hp_loss":0,"event_name":"Golden Wing","floor":2,"gold_loss":0},{"damage_healed":18,"gold_gain":0,"player_choice":"Healed","damage_taken":0,"max_hp_gain":0,"max_hp_loss":0,"event_name":"The Cleric","floor":3,"gold_loss":35},{"damage_healed":0,"gold_gain":0,"player_choice":"Got Potions","damage_taken":0,"max_hp_gain":0,"max_hp_loss":0,"event_name":"Lab","floor":4,"gold_loss":0},{"damage_healed":0,"gold_gain":99,"player_choice":"Stole From Cult","damage_taken":0,"max_hp_gain":0,"max_hp_loss":0,"event_name":"Nest","floor":19,"gold_loss":0},{"damage_healed":0,"gold_gain":0,"cards_transformed":["Strike_B"],"player_choice":"Transformed","damage_taken":0,"max_hp_gain":0,"max_hp_loss":0,"event_name":"Transmorgrifier","floor":21,"gold_loss":0,"cards_obtained":["Ball Lightning"]},{"damage_healed":0,"gold_gain":0,"player_choice":"Fight","damage_taken":0,"max_hp_gain":0,"max_hp_loss":0,"event_name":"Colosseum","floor":28,"gold_loss":0},{"damage_healed":0,"gold_gain":0,"player_choice":"Fled From Nobs","damage_taken":0,"max_hp_gain":0,"max_hp_loss":0,"event_name":"Colosseum","floor":28,"gold_loss":0},{"damage_healed":0,"gold_gain":0,"player_choice":"Paid Fearfully","damage_taken":0,"max_hp_gain":0,"max_hp_loss":0,"event_name":"Masked Bandits","floor":29,"gold_loss":41},{"damage_healed":0,"gold_gain":0,"player_choice":"Copied","damage_taken":0,"max_hp_gain":0,"max_hp_loss":0,"event_name":"Duplicator","floor":30,"gold_loss":0,"cards_obtained":["Cold Snap"]}],"is_beta":false,"boss_relics":[{"not_picked":["Philosopher\u0027s Stone","Runic Dome"],"picked":"Calling Bell"}],"items_purged_floors":[24],"is_endless":false,"potions_floor_spawned":[1,10,14,18,28,31],"killed_by":"Champ","ascension_level":13}