{"gold_per_floor":[118,136,136,150,166,166,198,198,244,258,258,277,292,292],"floor_reached":14,"playtime":537,"items_purged":[],"score":183,"play_id":"0d7e11b4-16fd-46d2-98cb-3e0042c3ea09","local_time":"20190122091407","is_ascension_mode":true,"campfire_choices":[{"data":"Go for the Eyes","floor":6,"key":"SMITH"},{"data":"Zap","floor":8,"key":"SMITH"},{"floor":11,"key":"REST"}],"neow_cost":"NONE","seed_source_timestamp":493210142619184,"circlet_count":0,"master_deck":["AscendersBane","Strike_B","Strike_B","Strike_B","Defend_B","Defend_B","Defend_B+1","Defend_B+1","Zap+1","Dualcast","Loop+1","Cold Snap","BootSequence","Go for the Eyes+1","Compile Driver","Glacier","Self Repair","Conserve Battery"],"relics":["Cracked Core","Question Card","War Paint"],"potions_floor_usage":[],"damage_taken":[{"damage":6,"enemies":"2 Louse","floor":1,"turns":3},{"damage":0,"enemies":"Cultist","floor":2,"turns":4},{"damage":2,"enemies":"Jaw Worm","floor":4,"turns":2},{"damage":5,"enemies":"Exordium Wildlife","floor":5,"turns":3},{"damage":11,"enemies":"Lagavulin","floor":7,"turns":7},{"damage":11,"enemies":"Lots of Slimes","floor":10,"turns":5},{"damage":17,"enemies":"Exordium Thugs","floor":12,"turns":7},{"damage":11,"enemies":"Large Slime","floor":13,"turns":6},{"damage":34,"enemies":"Gremlin Nob","floor":14,"turns":4}],"seed_played":"7243937192372932504","potions_obtained":[{"floor":4,"key":"Ancient Potion"},{"floor":5,"key":"SteroidPotion"}],"is_trial":false,"path_per_floor":["M","M","?","M","M","R","E","R","T","M","R","M","M","E"],"character_chosen":"DEFECT","items_purchased":[],"campfire_rested":1,"item_purchase_floors":[],"current_hp_per_floor":[58,58,58,56,51,51,40,40,40,29,50,33,29,0],"gold":292,"neow_bonus":"TRANSFORM_CARD","is_prod":false,"is_daily":false,"chose_seed":false,"campfire_upgraded":2,"win_rate":0,"timestamp":1548177247,"path_taken":["M","M","?","?","M","R","E","R","T","M","R","M","M","E"],"build_version":"2019-01-17v2","purchased_purges":0,"victory":false,"max_hp_per_floor":[71,71,71,71,71,71,71,71,71,71,71,71,71,71],"card_choices":[{"not_picked":["Conserve Battery","Rebound"],"picked":"Cold Snap","floor":1},{"not_picked":["Leap","Redo"],"picked":"BootSequence","floor":2},{"not_picked":["Melter","Barrage"],"picked":"Go for the Eyes","floor":4},{"not_picked":["Coolheaded","Stack"],"picked":"Compile Driver","floor":5},{"not_picked":["Redo","Rebound","Consume"],"picked":"SKIP","floor":7},{"not_picked":["Sweeping Beam","Scrape","Steam"],"picked":"Glacier","floor":10},{"not_picked":["Cold Snap","Chaos","Beam Cell"],"picked":"Self Repair","floor":12},{"not_picked":["Turbo","Steam","Lockon"],"picked":"Conserve Battery","floor":13}],"player_experience":1710640,"relics_obtained":[{"floor":7,"key":"Question Card"},{"floor":9,"key":"War Paint"}],"event_choices":[{"damage_healed":0,"gold_gain":0,"player_choice":"Forge","damage_taken":0,"max_hp_gain":0,"max_hp_loss":0,"event_name":"Accursed Blacksmith","floor":3,"gold_loss":0,"cards_upgraded":["Loop"]}],"is_beta":false,"boss_relics":[],"items_purged_floors":[],"is_endless":false,"potions_floor_spawned":[4,5,10,12],"killed_by":"Gremlin Nob","ascension_level":19}