{"path_per_floor":["M","$","?","M","M","E","?","R","T","E","T","M","T","M","R","B",null,"M","?","$","?","T","E","M","R","T","E","R"],"character_chosen":"THE_SILENT","items_purchased":["Terror","Paper Crane"],"gold_per_floor":[113,79,154,166,181,210,210,210,234,291,315,328,328,341,341,441,441,452,377,131,131,212,244,262,262,262,287,287,287],"floor_reached":29,"campfire_rested":3,"playtime":1427,"current_hp_per_floor":[56,56,45,47,49,38,38,38,38,19,19,18,18,13,34,34,70,53,53,53,40,40,18,20,42,42,26,52,0],"items_purged":[],"gold":287,"score":334,"play_id":"91d427f6-6e2e-452d-b6e2-beff2802a426","local_time":"20180409222752","is_prod":false,"is_daily":false,"is_ascension_mode":true,"campfire_upgraded":0,"timestamp":1523330872,"path_taken":["M","$","?","?","M","E","?","R","T","E","?","?","?","?","R","BOSS","M","?","$","?","?","E","M","R","T","E","R","E"],"build_version":"2018-04-05v2","purchased_purges":1,"victory":false,"master_deck":["Defend_G","Defend_G","Defend_G","Defend_G","Defend_G","Strike_G","Strike_G","Strike_G","Strike_G","Survivor","Neutralize","Flying Knee","Terror","Quick Slash","Malaise","Flying Knee","Envenom","PiercingWail","Cloak And Dagger","Burst","Poisoned Stab","Decay","Noxious Fumes","Bane","Decay","Footwork+1"],"max_hp_per_floor":[70,70,70,70,70,70,70,70,70,70,70,70,70,70,70,70,70,70,70,70,75,75,75,75,75,75,89,89,89],"relics":["Ring of the Snake","Blood Vial","Shovel","Unceasing Top","Lantern","Tiny Chest","Orichalcum","Calipers","Cursed Key","Paper Crane","Ninja Scroll","Gambling Chip","Ginger","Mango"],"card_choices":[{"not_picked":["Concentrate","Underhanded Strike"],"picked":"Flying Knee","floor":1},{"not_picked":["Dagger Spray","Underhanded Strike"],"picked":"Quick Slash","floor":4},{"not_picked":["Outmaneuver","Blur"],"picked":"Malaise","floor":5},{"not_picked":["Blur","Poisoned Stab"],"picked":"Flying Knee","floor":6},{"not_picked":["Die Die Die","Unload"],"picked":"Envenom","floor":10},{"not_picked":["All Out Attack","Endless Agony"],"picked":"PiercingWail","floor":12},{"not_picked":["Dash","Underhanded Strike"],"picked":"Cloak And Dagger","floor":14},{"not_picked":["Unload","Die Die Die"],"picked":"Burst","floor":16},{"not_picked":["Slice","Dodge and Roll"],"picked":"Poisoned Stab","floor":18},{"not_picked":["Poisoned Stab","Blur"],"picked":"Noxious Fumes","floor":23},{"not_picked":["Riddle With Holes","Deflect"],"picked":"Bane","floor":24},{"not_picked":["Dagger Spray","Bane"],"picked":"Footwork","floor":27}],"player_experience":151739,"potions_floor_usage":[10,16,23,24,27,29],"damage_taken":[{"damage":14,"enemies":"Jaw Worm","floor":1,"turns":6},{"damage":0,"enemies":"Cultist","floor":4,"turns":3},{"damage":0,"enemies":"Small Slimes","floor":5,"turns":3},{"damage":13,"enemies":"Lagavulin","floor":6,"turns":7},{"damage":21,"enemies":"3 Sentries","floor":10,"turns":9},{"damage":3,"enemies":"Blue Slaver","floor":12,"turns":3},{"damage":7,"enemies":"Gremlin Gang","floor":14,"turns":6},{"damage":2,"enemies":"Hexaghost","floor":16,"turns":9},{"damage":17,"enemies":"Spheric Guardian","floor":18,"turns":5},{"damage":24,"enemies":"Gremlin Leader","floor":23,"turns":7},{"damage":0,"enemies":"3 Byrds","floor":24,"turns":5},{"damage":32,"enemies":"Slavers","floor":27,"turns":6},{"damage":64,"enemies":"Gremlin Leader","floor":29,"turns":4}],"event_choices":[{"event_name":"World of Goop","player_choice":"Gather Gold","floor":3,"damage_taken":0},{"event_name":"The Lab","player_choice":"Got Potions","floor":7,"damage_taken":0},{"event_name":"Beggar","player_choice":"Gave Gold","floor":19,"damage_taken":0},{"event_name":"Forgotten Altar","player_choice":"Shed Blood","floor":21,"damage_taken":0}],"boss_relics":[{"not_picked":["Philosopher\u0027s Stone","Sozu"],"picked":"Cursed Key"}],"potions_floor_spawned":[1,6,12,14,16,27],"seed_played":"-1471205615695788535","killed_by":"Gremlin Leader","ascension_level":3,"is_trial":false}