{"gold_per_floor":[112,112,112,131,142,175,28,44,44,72,72,128,128,205,205,307,307,320,27,47,146,165,165,165],"floor_reached":24,"playtime":1016,"items_purged":[],"score":271,"play_id":"c3ee6ab0-571c-4ce1-ba06-85d7bd9ddc72","local_time":"20190204155256","is_ascension_mode":true,"campfire_choices":[{"data":"Pommel Strike","floor":11,"key":"SMITH"},{"floor":13,"key":"REST"},{"data":"Pommel Strike","floor":15,"key":"SMITH"},{"data":"Clash","floor":23,"key":"SMITH"}],"neow_cost":"NONE","seed_source_timestamp":13593735563328,"circlet_count":0,"master_deck":["Strike_R","Strike_R","Strike_R","Strike_R","Strike_R","Defend_R","Defend_R","Defend_R","Defend_R","Bash","Rage+1","Pummel","Pommel Strike+1","Pommel Strike+1","Clash+1","Dual Wield+1","Feed","Exhume+1","Warcry+1","Intimidate+1","Pummel"],"relics":["Burning Blood","Blood Vial","Calipers","Orichalcum","Toxic Egg 2","Shuriken","Tiny Chest","Black Star","Mango"],"potions_floor_usage":[6,10,12],"damage_taken":[{"damage":10,"enemies":"Small Slimes","floor":1,"turns":3},{"damage":3,"enemies":"Jaw Worm","floor":4,"turns":4},{"damage":0,"enemies":"2 Louse","floor":5,"turns":3},{"damage":5,"enemies":"Lagavulin","floor":6,"turns":3},{"damage":13,"enemies":"Large Slime","floor":8,"turns":7},{"damage":22,"enemies":"3 Sentries","floor":10,"turns":7},{"damage":26,"enemies":"Gremlin Nob","floor":12,"turns":4},{"damage":56,"enemies":"Hexaghost","floor":16,"turns":10},{"damage":21,"enemies":"Spheric Guardian","floor":18,"turns":4},{"damage":2,"enemies":"Chosen","floor":20,"turns":4},{"damage":26,"enemies":"Centurion and Healer","floor":22,"turns":6},{"damage":87,"enemies":"Gremlin Leader","floor":24,"turns":6}],"seed_played":"3665951128311171328","potions_obtained":[{"floor":1,"key":"AttackPotion"},{"floor":4,"key":"PowerPotion"},{"floor":5,"key":"Dexterity Potion"},{"floor":6,"key":"Fire Potion"}],"is_trial":false,"path_per_floor":["M","?","?","M","M","E","$","M","T","E","R","E","R","?","R","B",null,"M","$","M","?","M","R","E"],"character_chosen":"IRONCLAD","items_purchased":["Orichalcum","Mango"],"campfire_rested":1,"item_purchase_floors":[7,19],"current_hp_per_floor":[84,84,77,82,88,88,88,81,81,67,67,49,75,75,75,27,88,73,87,93,93,75,75,0],"gold":165,"neow_bonus":"TEN_PERCENT_HP_BONUS","is_prod":false,"is_daily":false,"chose_seed":false,"campfire_upgraded":3,"win_rate":0,"timestamp":1549266776,"path_taken":["M","?","?","M","M","E","$","M","T","E","R","E","R","?","R","BOSS","M","$","M","?","M","R","E"],"build_version":"2019-01-23","purchased_purges":0,"victory":false,"max_hp_per_floor":[88,88,88,88,88,88,88,88,88,88,88,88,88,88,88,88,88,88,102,102,102,102,102,102],"card_choices":[{"not_picked":["Rampage","Infernal Blade"],"picked":"Rage","floor":1},{"not_picked":["Hemokinesis","Power Through"],"picked":"Pummel","floor":4},{"not_picked":["Twin Strike","Sword Boomerang"],"picked":"Pommel Strike","floor":5},{"not_picked":["Juggernaut","Heavy Blade"],"picked":"Pommel Strike","floor":6},{"not_picked":["Whirlwind","Rampage"],"picked":"Clash","floor":8},{"not_picked":["Sever Soul","Twin Strike"],"picked":"Dual Wield+1","floor":10},{"not_picked":["Clothesline","Burning Pact+1"],"picked":"Feed","floor":12},{"not_picked":["Impervious+1","Juggernaut"],"picked":"Exhume+1","floor":16},{"not_picked":["Rupture","Shrug It Off+1"],"picked":"Warcry+1","floor":18},{"not_picked":["Armaments+1","True Grit+1"],"picked":"Intimidate+1","floor":20},{"not_picked":["Feel No Pain+1","Perfected Strike+1"],"picked":"Pummel","floor":22}],"player_experience":59435,"relics_obtained":[{"floor":6,"key":"Calipers"},{"floor":9,"key":"Toxic Egg 2"},{"floor":10,"key":"Shuriken"},{"floor":12,"key":"Tiny Chest"}],"event_choices":[{"damage_healed":0,"gold_gain":0,"player_choice":"Grow","damage_taken":0,"max_hp_gain":0,"max_hp_loss":0,"event_name":"Living Wall","floor":2,"gold_loss":0,"cards_upgraded":["Rage"]},{"damage_healed":0,"gold_gain":0,"player_choice":"Success","damage_taken":7,"relics_obtained":["Blood Vial"],"max_hp_gain":0,"max_hp_loss":0,"event_name":"Scrap Ooze","floor":3,"gold_loss":0},{"damage_healed":0,"gold_gain":77,"player_choice":"Gained Gold","damage_taken":0,"max_hp_gain":0,"max_hp_loss":0,"event_name":"Golden Wing","floor":14,"gold_loss":0},{"damage_healed":0,"gold_gain":99,"player_choice":"Stole From Cult","damage_taken":0,"max_hp_gain":0,"max_hp_loss":0,"event_name":"Nest","floor":21,"gold_loss":0}],"is_beta":false,"boss_relics":[{"not_picked":["Ectoplasm","Empty Cage"],"picked":"Black Star"}],"items_purged_floors":[],"is_endless":false,"potions_floor_spawned":[1,4,5,6],"killed_by":"Gremlin Leader","ascension_level":3}