{"path_per_floor":["M","M","M","?","$","R","?","E","T","R","E","$","M","M","R","B",null,"M","M"],"character_chosen":"THE_SILENT","items_purchased":["Well Laid Plans","Prepared","Quick Slash","Snake Skull","Slice"],"gold_per_floor":[114,125,135,210,56,56,231,264,264,264,294,38,53,72,72,168,168,186,201,201],"floor_reached":20,"campfire_rested":2,"playtime":1182,"item_purchase_floors":[5,5,5,12,12],"current_hp_per_floor":[70,70,70,59,59,59,59,30,30,51,24,24,24,22,43,38,70,55,12,0],"items_purged":["Doubt"],"gold":201,"score":184,"play_id":"57a1eb58-4546-45da-bdf2-ee235ed306ac","local_time":"20180620090235","is_prod":false,"is_daily":false,"chose_seed":false,"is_ascension_mode":false,"campfire_upgraded":1,"win_rate":0,"timestamp":1529478155,"campfire_choices":[{"data":"Dodge and Roll","floor":6,"key":"SMITH"},{"floor":10,"key":"REST"},{"floor":15,"key":"REST"}],"path_taken":["M","M","M","?","?","R","?","E","T","R","E","?","M","M","R","BOSS","M","M","M"],"build_version":"2018-06-19","seed_source_timestamp":3748438952802,"purchased_purges":1,"circlet_count":0,"victory":false,"master_deck":["Defend_G","Defend_G","Defend_G","Defend_G","Defend_G","Strike_G","Strike_G","Strike_G","Strike_G","Strike_G","Survivor","Neutralize","Dodge and Roll+1","Terror","Dodge and Roll","Well Laid Plans","Prepared","Quick Slash","Deflect","Riddle With Holes","Slice","Flying Knee","Leg Sweep","Bullet Time","Underhanded Strike","PiercingWail"],"max_hp_per_floor":[70,70,70,70,70,70,70,70,70,70,70,70,70,70,70,70,70,70,70,70],"relics":["Philosopher\u0027s Stone","Gremlin Horn","Bottled Lightning","Bag of Marbles","Snake Skull","Runic Pyramid"],"card_choices":[{"not_picked":["Deflect","Finisher"],"picked":"Dodge and Roll","floor":1},{"not_picked":["Catalyst","Bouncing Flask"],"picked":"Terror","floor":2},{"not_picked":["Quick Slash","Blade Dance"],"picked":"Dodge and Roll","floor":3},{"not_picked":["Flechettes","Heel Hook"],"picked":"Deflect","floor":8},{"not_picked":["Prepared","Deadly Poison"],"picked":"Riddle With Holes","floor":11},{"not_picked":["Heel Hook","Skewer"],"picked":"Flying Knee","floor":13},{"not_picked":["Blur","Underhanded Strike"],"picked":"Leg Sweep","floor":14},{"not_picked":["Grand Finale","Doppelganger"],"picked":"Bullet Time","floor":16},{"not_picked":["Prepared","Deadly Poison"],"picked":"Underhanded Strike","floor":18},{"not_picked":["Eviscerate","Deadly Poison"],"picked":"PiercingWail","floor":19}],"player_experience":266389,"potions_floor_usage":[8,13,14],"damage_taken":[{"damage":0,"enemies":"Small Slimes","floor":1,"turns":3},{"damage":0,"enemies":"2 Louse","floor":2,"turns":3},{"damage":0,"enemies":"Cultist","floor":3,"turns":4},{"damage":29,"enemies":"Gremlin Nob","floor":8,"turns":5},{"damage":27,"enemies":"Lagavulin","floor":11,"turns":8},{"damage":0,"enemies":"Exordium Thugs","floor":13,"turns":3},{"damage":2,"enemies":"2 Fungi Beasts","floor":14,"turns":4},{"damage":5,"enemies":"The Guardian","floor":16,"turns":15},{"damage":15,"enemies":"Shell Parasite","floor":18,"turns":5},{"damage":43,"enemies":"3 Byrds","floor":19,"turns":7},{"damage":21,"enemies":"Cultist and Chosen","floor":20,"turns":4}],"relics_obtained":[{"floor":8,"key":"Gremlin Horn"},{"floor":9,"key":"Bottled Lightning"},{"floor":11,"key":"Bag of Marbles"}],"event_choices":[{"event_name":"World of Goop","player_choice":"Gather Gold","floor":4,"damage_taken":0},{"event_name":"Liars Game","player_choice":"agreed","floor":7,"damage_taken":0}],"boss_relics":[{"not_picked":["Runic Dome","Ectoplasm"],"picked":"Runic Pyramid"}],"items_purged_floors":[12],"is_endless":true,"potions_floor_spawned":[3,8,11],"seed_played":"5792218800529143304","killed_by":"Cultist and Chosen","ascension_level":0,"potions_obtained":[{"floor":3,"key":"FearPotion"},{"floor":8,"key":"Explosive Potion"},{"floor":11,"key":"GamblersBrew"}],"is_trial":false}