{"gold_per_floor":[114,289,304,304,319,319,349,349,349,379,394,43,73,73,73,173,173,188,41,41,56,2,32,32,62,62,77,107,122,122,152,152,252,252,267,267,282,282,5,35,35,65,65,65,95,110,140,10,10,10],"floor_reached":51,"playtime":3328,"items_purged":["Multi-Cast"],"score":1182,"play_id":"fff09ed2-d937-4890-85c5-28d88488cb2e","local_time":"20180916080948","daily_mods":["Shiny","Elite Swarm","Vintage"],"is_ascension_mode":false,"campfire_choices":[{"data":"Fission","floor":6,"key":"SMITH"},{"data":"Buffer","floor":8,"key":"SMITH"},{"floor":15,"key":"REST"},{"data":"Seek","floor":24,"key":"SMITH"},{"data":"Thinking Ahead","floor":30,"key":"SMITH"},{"data":"Machine Learning","floor":32,"key":"SMITH"},{"data":"Fission","floor":41,"key":"SMITH"},{"data":"Echo Form","floor":49,"key":"SMITH"}],"neow_cost":"","seed_source_timestamp":0,"circlet_count":0,"master_deck":["Hyperbeam","Thunder Strike","Machine Learning+1","Electrodynamics","Buffer+1","Rainbow","Seek+1","Echo Form+1","All For One","Reboot","Amplify","Creative AI","Fission+1","Core Surge","Thinking Ahead+1","Turbo","Cold Snap+1","Static Discharge+1","RitualDagger+1","Cold Snap+1","Creative AI+1","Buffer+1","Electrodynamics+1","Buffer+1","Glacier","Fission+1","Storm+1"],"special_seed":17790,"relics":["Cracked Core","Shuriken","Molten Egg 2","Omamori","Singing Bowl","Ice Cream","Bottled Flame","Kunai","Bottled Tornado","Anchor","Frozen Egg 2","Bronze Scales","Calling Bell","Juzu Bracelet","Meat on the Bone","Incense Burner","DataDisk","Bird Faced Urn","Matryoshka","Mercury Hourglass","Pen Nib","Bottled Lightning","Pear","Sundial","Symbiotic Virus","Boot","Calipers","Empty Cage","Letter Opener","Bag of Preparation","Prayer Wheel","Runic Capacitor","Dream Catcher","Peace Pipe","Smiling Mask","Gremlin Horn","Centennial Puzzle","Girya","StoneCalendar"],"potions_floor_usage":[13,16,28,29,33,33,38,38,40,45,50,50,50],"damage_taken":[{"damage":11,"enemies":"Jaw Worm","floor":1,"turns":3},{"damage":0,"enemies":"Small Slimes","floor":3,"turns":2},{"damage":0,"enemies":"2 Louse","floor":5,"turns":1},{"damage":18,"enemies":"Lagavulin","floor":7,"turns":7},{"damage":0,"enemies":"Gremlin Nob","floor":10,"turns":4},{"damage":16,"enemies":"Lots of Slimes","floor":11,"turns":2},{"damage":0,"enemies":"3 Sentries","floor":13,"turns":2},{"damage":48,"enemies":"Hexaghost","floor":16,"turns":10},{"damage":10,"enemies":"2 Thieves","floor":18,"turns":2},{"damage":0,"enemies":"Chosen","floor":21,"turns":3},{"damage":0,"enemies":"Gremlin Leader","floor":23,"turns":6},{"damage":0,"enemies":"Slavers","floor":25,"turns":3},{"damage":0,"enemies":"3 Cultists","floor":27,"turns":2},{"damage":0,"enemies":"Gremlin Leader","floor":28,"turns":6},{"damage":0,"enemies":"Chosen and Byrds","floor":29,"turns":2},{"damage":22,"enemies":"Slavers","floor":31,"turns":2},{"damage":21,"enemies":"Automaton","floor":33,"turns":7},{"damage":0,"enemies":"3 Darklings","floor":35,"turns":1},{"damage":0,"enemies":"Orb Walker","floor":37,"turns":2},{"damage":0,"enemies":"Mind Bloom Boss Battle","floor":38,"turns":4},{"damage":0,"enemies":"Giant Head","floor":40,"turns":9},{"damage":0,"enemies":"Nemesis","floor":42,"turns":7},{"damage":0,"enemies":"Giant Head","floor":45,"turns":6},{"damage":0,"enemies":"Transient","floor":46,"turns":5},{"damage":0,"enemies":"2 Orb Walkers","floor":47,"turns":1},{"damage":0,"enemies":"Awakened One","floor":50,"turns":8}],"seed_played":"-2272757281198237477","potions_obtained":[{"floor":1,"key":"Ancient Potion"},{"floor":7,"key":"FocusPotion"},{"floor":13,"key":"Poison Potion"},{"floor":21,"key":"Fire Potion"},{"floor":27,"key":"EssenceOfSteel"},{"floor":28,"key":"Swift Potion"},{"floor":31,"key":"Poison Potion"},{"floor":35,"key":"EntropicBrew"},{"floor":42,"key":"EssenceOfSteel"},{"floor":46,"key":"LiquidBronze"},{"floor":47,"key":"Block Potion"}],"is_trial":false,"path_per_floor":["M","?","M","?","M","R","E","R","T","E","M","$","E","?","R","B",null,"M","$","?","M","$","E","R","E","T","M","E","M","R","E","R","B",null,"M","?","M","?","$","E","R","E","T","?","E","M","E","$","R","B"],"character_chosen":"DEFECT","items_purchased":["Anchor","Thinking Ahead","Turbo","Cold Snap+1","Static Discharge+1","Cold Snap+1","Runic Capacitor","Glacier","Storm+1"],"campfire_rested":1,"item_purchase_floors":[12,12,19,19,19,22,39,39,48],"current_hp_per_floor":[64,64,64,57,57,57,41,41,41,43,27,27,29,29,53,7,83,73,73,67,67,67,79,79,83,83,93,93,93,93,73,73,76,95,95,95,95,97,97,97,97,99,99,99,101,101,103,103,103,103],"gold":10,"neow_bonus":"","is_prod":false,"is_daily":true,"chose_seed":false,"campfire_upgraded":7,"win_rate":0,"timestamp":1537078188,"path_taken":["M","?","?","?","?","R","E","R","T","E","M","$","E","?","R","BOSS","M","$","?","M","$","E","R","E","T","M","E","M","R","E","R","BOSS","M","?","M","?","$","E","R","E","T","?","E","M","E","$","R","BOSS"],"build_version":"2018-09-12","purchased_purges":1,"victory":true,"max_hp_per_floor":[75,75,75,75,75,75,77,77,77,79,79,79,81,81,81,83,83,83,83,83,83,83,83,83,83,83,93,93,93,93,95,95,95,95,95,95,95,97,97,97,97,99,99,99,101,101,103,103,103,103],"card_choices":[{"not_picked":["Creative AI","Meteor Strike+1","Seek"],"picked":"Singing Bowl","floor":7},{"not_picked":["Fission","Multi-Cast","Echo Form"],"picked":"Singing Bowl","floor":10},{"not_picked":["Hyperbeam+1","Thunder Strike+1","Fission"],"picked":"Singing Bowl","floor":13},{"not_picked":["Core Surge+1","Seek","Hyperbeam+1"],"picked":"Singing Bowl","floor":16},{"not_picked":["Fission","Thunder Strike+1"],"picked":"Creative AI+1","floor":23},{"not_picked":["Meteor Strike+1","Fission"],"picked":"Buffer+1","floor":25},{"not_picked":["Hyperbeam+1","Echo Form+1"],"picked":"Electrodynamics+1","floor":28},{"not_picked":["Multi-Cast","Rainbow","Reboot"],"picked":"Singing Bowl","floor":31},{"not_picked":["Seek","Electrodynamics+1"],"picked":"Buffer+1","floor":33},{"not_picked":["Go for the Eyes+1","Reprogram+1","Stack"],"picked":"Singing Bowl","floor":38},{"not_picked":["Echo Form+1","Buffer+1"],"picked":"Fission","floor":40},{"not_picked":["Biased Cognition+1","Fission","Hyperbeam+1"],"picked":"Singing Bowl","floor":42},{"not_picked":["Amplify","Core Surge+1","Biased Cognition+1"],"picked":"Singing Bowl","floor":45},{"not_picked":["Creative AI+1","Meteor Strike+1","Seek"],"picked":"Singing Bowl","floor":47}],"player_experience":128805,"relics_obtained":[{"floor":1,"key":"Shuriken"},{"floor":3,"key":"Molten Egg 2"},{"floor":5,"key":"Singing Bowl"},{"floor":7,"key":"Ice Cream"},{"floor":9,"key":"Bottled Flame"},{"floor":10,"key":"Kunai"},{"floor":11,"key":"Bottled Tornado"},{"floor":13,"key":"Frozen Egg 2"},{"floor":16,"key":"Bronze Scales"},{"floor":17,"key":"Juzu Bracelet"},{"floor":17,"key":"Meat on the Bone"},{"floor":17,"key":"Incense Burner"},{"floor":18,"key":"DataDisk"},{"floor":21,"key":"Bird Faced Urn"},{"floor":23,"key":"Matryoshka"},{"floor":25,"key":"Mercury Hourglass"},{"floor":26,"key":"Pen Nib"},{"floor":26,"key":"Bottled Lightning"},{"floor":27,"key":"Pear"},{"floor":28,"key":"Sundial"},{"floor":29,"key":"Symbiotic Virus"},{"floor":31,"key":"Boot"},{"floor":33,"key":"Calipers"},{"floor":35,"key":"Letter Opener"},{"floor":37,"key":"Bag of Preparation"},{"floor":38,"key":"Prayer Wheel"},{"floor":40,"key":"Dream Catcher"},{"floor":42,"key":"Peace Pipe"},{"floor":43,"key":"Smiling Mask"},{"floor":43,"key":"Gremlin Horn"},{"floor":45,"key":"Centennial Puzzle"},{"floor":46,"key":"Girya"},{"floor":47,"key":"StoneCalendar"}],"event_choices":[{"event_name":"Liars Game","player_choice":"agreed","floor":2,"damage_taken":0},{"event_name":"Scrap Ooze","player_choice":"success","floor":4,"damage_taken":7},{"event_name":"Living Wall","player_choice":"Forget","floor":14,"damage_taken":0},{"event_name":"Nest","player_choice":"Joined the Cult","floor":20,"damage_taken":0},{"event_name":"Tomb of Lord Red Mask","player_choice":"Ignored","floor":36,"damage_taken":0},{"event_name":"MindBloom","player_choice":"Fight","floor":38,"damage_taken":0},{"event_name":"Falling","player_choice":"Removed Power","floor":44,"damage_taken":0}],"is_beta":true,"boss_relics":[{"not_picked":["Ectoplasm","Snecko Eye"],"picked":"Calling Bell"},{"not_picked":["Cursed Key","Velvet Choker"],"picked":"Empty Cage"}],"items_purged_floors":[48],"is_endless":false,"potions_floor_spawned":[1,7,13,21,27,28,31,35,42,46,47],"ascension_level":0}