{"gold_per_floor":[110,128,128,139,64,64,64,64,89,124,140,51,7,20,20,20],"floor_reached":16,"playtime":638,"items_purged":["Strike_B"],"score":200,"play_id":"98af8575-71a3-4f37-abc7-67e2acfadbec","local_time":"20190106202610","is_ascension_mode":true,"campfire_choices":[{"data":"Hologram","floor":6,"key":"SMITH"},{"data":"Go for the Eyes","floor":8,"key":"SMITH"},{"data":"Loop","floor":15,"key":"SMITH"}],"neow_cost":"NONE","seed_source_timestamp":66620730664700,"circlet_count":0,"master_deck":["AscendersBane","Strike_B","Strike_B","Strike_B","Defend_B","Defend_B","Defend_B","Defend_B","Zap+1","Dualcast","Cold Snap","Hologram+1","Go for the Eyes+1","FTL","Loop+1","Finesse","Capacitor","Cold Snap"],"relics":["Cracked Core","NeowsBlessing","Oddly Smooth Stone","Pen Nib"],"potions_floor_usage":[14],"damage_taken":[{"damage":0,"enemies":"Cultist","floor":1,"turns":1},{"damage":0,"enemies":"Jaw Worm","floor":2,"turns":1},{"damage":0,"enemies":"2 Louse","floor":4,"turns":2},{"damage":22,"enemies":"Gremlin Nob","floor":10,"turns":4},{"damage":8,"enemies":"Lots of Slimes","floor":11,"turns":4},{"damage":6,"enemies":"Large Slime","floor":14,"turns":6},{"damage":28,"enemies":"Slime Boss","floor":16,"turns":10}],"seed_played":"-4051292263037490884","potions_obtained":[{"floor":1,"key":"LiquidBronze"},{"floor":11,"key":"Fruit Juice"}],"is_trial":false,"path_per_floor":["M","M","?","M","$","R","?","R","T","E","M","$","$","M","R","B"],"character_chosen":"DEFECT","items_purchased":["Finesse","Capacitor"],"campfire_rested":0,"item_purchase_floors":[12,13],"current_hp_per_floor":[64,64,64,64,64,64,64,64,64,42,34,34,34,33,33,5],"gold":20,"neow_bonus":"THREE_ENEMY_KILL","is_prod":false,"is_daily":false,"chose_seed":false,"campfire_upgraded":3,"win_rate":0,"timestamp":1546766770,"path_taken":["M","?","?","?","$","R","?","R","T","E","M","?","$","M","R","BOSS"],"build_version":"2018-11-15","purchased_purges":1,"victory":false,"max_hp_per_floor":[71,71,71,71,71,71,71,71,71,71,71,71,71,76,76,76],"card_choices":[{"not_picked":["Genetic Algorithm","Tempest"],"picked":"Cold Snap","floor":1},{"not_picked":["Scrape","Steam"],"picked":"Hologram","floor":2},{"not_picked":["Heatsinks","BootSequence"],"picked":"Go for the Eyes","floor":4},{"not_picked":["Tempest","Steam"],"picked":"FTL","floor":10},{"not_picked":["Recycle","Skim"],"picked":"Loop","floor":11},{"not_picked":["Barrage","Genetic Algorithm"],"picked":"Cold Snap","floor":14}],"player_experience":996501,"relics_obtained":[{"floor":9,"key":"Oddly Smooth Stone"},{"floor":10,"key":"Pen Nib"}],"event_choices":[{"damage_healed":0,"gold_gain":0,"player_choice":"Forge","damage_taken":0,"max_hp_gain":0,"max_hp_loss":0,"event_name":"Accursed Blacksmith","floor":3,"gold_loss":0,"cards_upgraded":["Zap"]},{"damage_healed":0,"gold_gain":0,"player_choice":"Leave","damage_taken":0,"max_hp_gain":0,"max_hp_loss":0,"event_name":"The Cleric","floor":7,"gold_loss":0}],"is_beta":true,"boss_relics":[],"items_purged_floors":[5],"is_endless":false,"potions_floor_spawned":[1,11],"killed_by":"Slime Boss","ascension_level":20}