{"gold_per_floor":[110,35,35,47,57,83,96,96,165,165,240,2,2,41,41,41],"floor_reached":16,"playtime":1180,"items_purged":["Injury"],"score":211,"play_id":"ae7f9267-8ef7-4a53-a611-1b1667fb0060","local_time":"20181231134214","is_ascension_mode":true,"campfire_choices":[{"data":"Zap","floor":10,"key":"SMITH"},{"floor":13,"key":"REST"},{"floor":15,"key":"REST"}],"neow_cost":"NONE","seed_source_timestamp":389162646474187,"circlet_count":0,"master_deck":["AscendersBane","Strike_B","Strike_B","Strike_B","Strike_B","Defend_B","Defend_B","Defend_B","Defend_B","Zap+1","Dualcast","Coolheaded","Core Surge","Seek","Doom and Gloom","White Noise","White Noise","Beam Cell"],"relics":["Cracked Core","NeowsBlessing","Ice Cream","Golden Idol","Question Card","Strawberry","Dream Catcher"],"potions_floor_usage":[14],"damage_taken":[{"damage":0,"enemies":"Small Slimes","floor":1,"turns":1},{"damage":0,"enemies":"Cultist","floor":4,"turns":1},{"damage":0,"enemies":"Jaw Worm","floor":5,"turns":1},{"damage":32,"enemies":"3 Sentries","floor":6,"turns":7},{"damage":17,"enemies":"2 Fungi Beasts","floor":7,"turns":3},{"damage":25,"enemies":"Gremlin Nob","floor":14,"turns":4},{"damage":38,"enemies":"The Guardian","floor":16,"turns":9}],"seed_played":"2042758801185769533","potions_obtained":[{"floor":1,"key":"Dexterity Potion"},{"floor":14,"key":"Energy Potion"}],"is_trial":false,"path_per_floor":["M","$","?","M","M","E","M","?","T","R","?","$","R","E","R","B"],"character_chosen":"DEFECT","items_purchased":["Core Surge","Strawberry"],"campfire_rested":2,"item_purchase_floors":[2,12],"current_hp_per_floor":[64,64,64,64,64,32,15,15,15,15,4,11,34,9,32,0],"gold":41,"neow_bonus":"THREE_ENEMY_KILL","is_prod":false,"is_daily":false,"chose_seed":false,"campfire_upgraded":1,"win_rate":0,"timestamp":1546224134,"path_taken":["M","$","?","M","?","E","M","?","T","R","?","$","R","E","R","BOSS"],"build_version":"2018-11-15","purchased_purges":1,"victory":false,"max_hp_per_floor":[71,71,71,71,71,71,71,71,71,71,71,78,78,78,78,78],"card_choices":[{"not_picked":["White Noise","Go for the Eyes"],"picked":"Coolheaded","floor":1},{"not_picked":["Heatsinks","Streamline","Sweeping Beam"],"picked":"SKIP","floor":4},{"not_picked":["Doom and Gloom","Rebound","Beam Cell"],"picked":"SKIP","floor":5},{"not_picked":["Tempest","Redo"],"picked":"White Noise","floor":6},{"not_picked":["Rip and Tear","Streamline","Redo"],"picked":"SKIP","floor":7},{"not_picked":["Reinforced Body","Force Field","Compile Driver"],"picked":"White Noise","floor":14},{"not_picked":["Tempest","Chaos","Gash"],"picked":"Beam Cell","floor":15}],"player_experience":965001,"relics_obtained":[{"floor":6,"key":"Ice Cream"},{"floor":9,"key":"Question Card"},{"floor":14,"key":"Dream Catcher"}],"event_choices":[{"damage_healed":0,"gold_gain":0,"player_choice":"2 cards matched","damage_taken":0,"max_hp_gain":0,"max_hp_loss":0,"event_name":"Match and Keep!","floor":3,"gold_loss":0,"cards_obtained":["Seek","Doom and Gloom"]},{"damage_healed":0,"gold_gain":0,"player_choice":"Take Wound","damage_taken":0,"relics_obtained":["Golden Idol"],"max_hp_gain":0,"max_hp_loss":0,"event_name":"Golden Idol","floor":8,"gold_loss":0,"cards_obtained":["Injury"]},{"damage_healed":0,"gold_gain":75,"player_choice":"Gather Gold","damage_taken":11,"max_hp_gain":0,"max_hp_loss":0,"event_name":"World of Goop","floor":11,"gold_loss":0}],"is_beta":true,"boss_relics":[],"items_purged_floors":[12],"is_endless":false,"potions_floor_spawned":[1,14],"killed_by":"The Guardian","ascension_level":19}