{"path_per_floor":["M","M","?","$","?","E","?","?","T","?","?","E","M","M","R"],"character_chosen":"DEFECT","items_purchased":["Static Discharge"],"gold_per_floor":[116,135,85,46,121,154,154,221,292,292,292,327,339,354,354,354],"floor_reached":16,"campfire_rested":1,"playtime":345,"item_purchase_floors":[4],"current_hp_per_floor":[74,57,57,57,46,18,15,15,15,40,40,12,12,2,24,0],"items_purged":[],"gold":354,"score":108,"play_id":"7d27382c-b6ef-4a41-9e39-55213e1d8f71","local_time":"20180603212901","is_prod":false,"is_daily":false,"chose_seed":false,"is_ascension_mode":false,"campfire_upgraded":0,"win_rate":0.0,"timestamp":1528025341,"campfire_choices":[{"floor":15,"key":"REST"}],"path_taken":["M","?","?","$","?","E","?","?","T","?","?","E","M","M","R","BOSS"],"build_version":"2018-05-31","seed_source_timestamp":34226077441588,"purchased_purges":0,"victory":false,"master_deck":["Strike_B","Strike_B","Strike_B","Defend_B","Defend_B","Defend_B","Defend_B","Zap","Dualcast","White Noise","Sunder","Static Discharge+1","Consume","Steam","Defragment","Reinforced Body"],"max_hp_per_floor":[75,75,75,75,75,75,75,75,75,75,75,75,75,75,75,75],"relics":["Cracked Core","Juzu Bracelet","Bird Faced Urn","Mercury Hourglass","Unceasing Top"],"card_choices":[{"not_picked":["Force Field","Coolheaded"],"picked":"White Noise","floor":1},{"not_picked":["Chill","Streamline"],"picked":"Sunder","floor":2},{"not_picked":["Aggregate","Beam Cell"],"picked":"Consume","floor":6},{"not_picked":["Coolheaded","Compile Driver"],"picked":"Steam","floor":12},{"not_picked":["Conserve Battery","Rebound"],"picked":"Defragment","floor":13},{"not_picked":["Glacier","Heatsinks"],"picked":"Reinforced Body","floor":14}],"player_experience":298312,"potions_floor_usage":[6,16],"damage_taken":[{"damage":1,"enemies":"Cultist","floor":1,"turns":3},{"damage":17,"enemies":"Small Slimes","floor":2,"turns":3},{"damage":28,"enemies":"Gremlin Nob","floor":6,"turns":4},{"damage":32,"enemies":"3 Sentries","floor":12,"turns":4},{"damage":2,"enemies":"2 Louse","floor":13,"turns":2},{"damage":12,"enemies":"Lots of Slimes","floor":14,"turns":3},{"damage":34,"enemies":"Hexaghost","floor":16,"turns":8}],"relics_obtained":[{"floor":6,"key":"Juzu Bracelet"},{"floor":9,"key":"Mercury Hourglass"},{"floor":12,"key":"Unceasing Top"}],"event_choices":[{"event_name":"The Cleric","player_choice":"Card Removal","floor":3,"damage_taken":0},{"event_name":"World of Goop","player_choice":"Gather Gold","floor":5,"damage_taken":0},{"event_name":"Scrap Ooze","player_choice":"success","floor":7,"damage_taken":3},{"event_name":"Golden Wing","player_choice":"Gained Gold","floor":8,"damage_taken":0},{"event_name":"Big Fish","player_choice":"Banana","floor":10,"damage_taken":0},{"event_name":"Upgrade Shrine","player_choice":"Upgraded","floor":11,"damage_taken":0}],"boss_relics":[],"items_purged_floors":[],"potions_floor_spawned":[1,6,14],"seed_played":"1372428283448270051","killed_by":"Hexaghost","ascension_level":0,"potions_obtained":[{"floor":1,"key":"FearPotion"},{"floor":6,"key":"SteroidPotion"},{"floor":14,"key":"GamblersBrew"}],"is_trial":false}