{"gold_per_floor":[112,112,130,55,55,55,66,66,66,101,6,181,10,10,10,114,114,126,126,126,126,140,140,170,3,85,85,85,10,10,10,10,111,111,131,131,131,41,60,60,79,95,163,163,180,200,200,300,300,300],"floor_reached":51,"playtime":1857,"items_purged":["Strike_R","Doubt"],"score":865,"play_id":"618e8000-626e-4e8f-aa7b-b05a8c6df492","local_time":"20190203150639","is_ascension_mode":true,"campfire_choices":[{"data":"Bash","floor":6,"key":"SMITH"},{"data":"Flame Barrier","floor":8,"key":"SMITH"},{"data":"Body Slam","floor":15,"key":"SMITH"},{"data":"Bludgeon","floor":23,"key":"SMITH"},{"floor":30,"key":"REST"},{"floor":32,"key":"REST"},{"floor":40,"key":"REST"},{"floor":44,"key":"REST"},{"floor":47,"key":"REST"},{"floor":49,"key":"REST"}],"neow_cost":"NONE","seed_source_timestamp":8236579034006,"circlet_count":0,"master_deck":["Strike_R+1","Defend_R+1","Defend_R","Defend_R","Bash+1","Warcry","Flame Barrier+1","Cleave","Whirlwind","Body Slam+1","Evolve","Impervious+1","Bludgeon+1","Inflame","Impervious","Chrysalis","Shockwave+1","True Grit+1","Offering+1","Armaments+1"],"relics":["Burning Blood","NeowsBlessing","Self Forming Clay","Runic Dome","Happy Flower","Question Card","Blue Candle","Runic Cube","Toxic Egg 2","Paper Frog"],"potions_floor_usage":[16,33,33,42,46],"damage_taken":[{"damage":0,"enemies":"Small Slimes","floor":1,"turns":1},{"damage":0,"enemies":"Cultist","floor":3,"turns":1},{"damage":0,"enemies":"Jaw Worm","floor":7,"turns":1},{"damage":34,"enemies":"Gremlin Nob","floor":10,"turns":5},{"damage":14,"enemies":"The Guardian","floor":16,"turns":12},{"damage":28,"enemies":"2 Thieves","floor":18,"turns":4},{"damage":4,"enemies":"Spheric Guardian","floor":22,"turns":6},{"damage":43,"enemies":"Gremlin Leader","floor":24,"turns":7},{"damage":58,"enemies":"Champ","floor":33,"turns":12},{"damage":46,"enemies":"3 Darklings","floor":35,"turns":5},{"damage":14,"enemies":"Orb Walker","floor":39,"turns":3},{"damage":22,"enemies":"Jaw Worm Horde","floor":41,"turns":5},{"damage":25,"enemies":"Transient","floor":42,"turns":5},{"damage":21,"enemies":"4 Shapes","floor":45,"turns":5},{"damage":12,"enemies":"Maw","floor":46,"turns":5},{"damage":47,"enemies":"Time Eater","floor":50,"turns":7}],"seed_played":"5742149842541836668","potions_obtained":[{"floor":7,"key":"FairyPotion"},{"floor":10,"key":"Swift Potion"},{"floor":16,"key":"EssenceOfSteel"},{"floor":18,"key":"SpeedPotion"},{"floor":33,"key":"Block Potion"},{"floor":35,"key":"SmokeBomb"},{"floor":45,"key":"Block Potion"}],"is_trial":false,"path_per_floor":["M","?","M","$","?","R","M","R","T","E","$","?","$","?","R","B",null,"M","?","?","?","M","R","E","$","T","?","?","?","R","$","R","B",null,"M","?","T","?","M","R","M","M","T","R","M","M","R","?","R","B",null],"character_chosen":"IRONCLAD","items_purchased":["Whirlwind","Body Slam","Evolve","Chrysalis"],"campfire_rested":6,"item_purchase_floors":[11,11,13,25],"current_hp_per_floor":[80,64,70,70,70,70,76,76,76,48,48,48,48,41,41,33,68,46,46,46,46,48,48,11,11,11,11,11,11,35,35,59,7,62,22,22,22,22,14,38,22,14,14,38,23,17,41,41,65,24],"gold":300,"neow_bonus":"THREE_ENEMY_KILL","is_prod":false,"is_daily":false,"chose_seed":false,"campfire_upgraded":4,"win_rate":0,"timestamp":1549173999,"path_taken":["M","?","M","$","?","R","?","R","T","E","?","?","$","?","R","BOSS","M","?","?","?","?","R","E","?","T","?","?","?","R","?","R","BOSS","M","?","?","?","?","R","M","M","T","R","M","M","R","?","R","BOSS"],"build_version":"2019-01-23","purchased_purges":2,"victory":true,"max_hp_per_floor":[80,80,80,80,80,80,80,80,80,80,80,80,80,80,80,80,80,80,80,80,80,80,80,80,80,80,80,80,80,80,80,80,80,80,80,80,80,80,80,80,80,80,80,80,80,80,80,80,80,80],"card_choices":[{"not_picked":["Perfected Strike","Rupture"],"picked":"Warcry","floor":1},{"not_picked":["Heavy Blade","Flex"],"picked":"Shrug It Off","floor":3},{"not_picked":["Pommel Strike","Clash"],"picked":"Flame Barrier","floor":7},{"not_picked":["Twin Strike","Thunderclap"],"picked":"Cleave","floor":10},{"not_picked":["Demon Form","Berserk"],"picked":"Impervious","floor":16},{"not_picked":["Clothesline","Warcry","Reckless Charge"],"picked":"SKIP","floor":18},{"not_picked":["Anger+1","Evolve","Iron Wave+1"],"picked":"SKIP","floor":22},{"not_picked":["Warcry","Anger","Flex"],"picked":"SKIP","floor":24},{"not_picked":["Feed","Bludgeon","Offering"],"picked":"Barricade","floor":33},{"not_picked":["Infernal Blade+1","Wild Strike+1","Warcry+1","Body Slam+1"],"picked":"SKIP","floor":35},{"not_picked":["Uppercut","Intimidate+1","Body Slam+1"],"picked":"Shockwave+1","floor":39},{"not_picked":["Shrug It Off+1","Thunderclap","Wild Strike"],"picked":"True Grit+1","floor":41},{"not_picked":["Disarm+1","Sword Boomerang","Body Slam+1"],"picked":"Offering+1","floor":42},{"not_picked":["Shockwave+1","Heavy Blade+1","Perfected Strike"],"picked":"Armaments+1","floor":45},{"not_picked":["Bloodletting+1","Dual Wield+1","Spot Weakness+1","Twin Strike"],"picked":"SKIP","floor":46}],"player_experience":792243,"relics_obtained":[{"floor":10,"key":"Self Forming Clay"},{"floor":24,"key":"Question Card"},{"floor":26,"key":"Blue Candle"},{"floor":37,"key":"Toxic Egg 2"},{"floor":43,"key":"Paper Frog"}],"event_choices":[{"damage_healed":0,"gold_gain":0,"player_choice":"Entered Light","damage_taken":16,"max_hp_gain":0,"max_hp_loss":0,"event_name":"Shining Light","floor":2,"gold_loss":0,"cards_upgraded":["Defend_R","Strike_R"]},{"damage_healed":0,"gold_gain":0,"player_choice":"Ignored","damage_taken":0,"max_hp_gain":0,"max_hp_loss":0,"event_name":"NoteForYourself","floor":5,"gold_loss":0},{"damage_healed":0,"gold_gain":175,"player_choice":"AGREE","damage_taken":0,"max_hp_gain":0,"max_hp_loss":0,"event_name":"Liars Game","floor":12,"gold_loss":0,"cards_obtained":["Doubt"]},{"cards_removed":["Strike_R"],"damage_healed":0,"gold_gain":0,"player_choice":"Card Removal","damage_taken":7,"max_hp_gain":0,"max_hp_loss":0,"event_name":"Golden Wing","floor":14,"gold_loss":0},{"damage_healed":0,"gold_gain":0,"player_choice":"Opened","damage_taken":0,"relics_obtained":["Happy Flower"],"max_hp_gain":0,"max_hp_loss":0,"event_name":"The Mausoleum","floor":19,"gold_loss":0,"cards_obtained":["Writhe"]},{"damage_healed":0,"gold_gain":0,"cards_transformed":["Strike_R","Strike_R"],"player_choice":"Became Test Subject","damage_taken":0,"max_hp_gain":0,"max_hp_loss":0,"event_name":"Drug Dealer","floor":20,"gold_loss":0,"cards_obtained":["Bludgeon","Inflame"]},{"damage_healed":0,"gold_gain":0,"player_choice":"Copied","damage_taken":0,"max_hp_gain":0,"max_hp_loss":0,"event_name":"Duplicator","floor":21,"gold_loss":0,"cards_obtained":["Impervious"]},{"cards_removed":["Writhe"],"damage_healed":0,"gold_gain":0,"player_choice":"Elegance","damage_taken":0,"max_hp_gain":0,"max_hp_loss":0,"event_name":"Back to Basics","floor":27,"gold_loss":0},{"damage_healed":0,"gold_gain":0,"player_choice":"Ignored","damage_taken":0,"max_hp_gain":0,"max_hp_loss":0,"event_name":"Cursed Tome","floor":28,"gold_loss":0},{"cards_removed":["Defend_R"],"damage_healed":0,"gold_gain":0,"player_choice":"Gave Gold","damage_taken":0,"max_hp_gain":0,"max_hp_loss":0,"event_name":"Beggar","floor":29,"gold_loss":75},{"cards_removed":["Shrug It Off"],"damage_healed":0,"gold_gain":0,"player_choice":"Removed Skill","damage_taken":0,"max_hp_gain":0,"max_hp_loss":0,"event_name":"Falling","floor":36,"gold_loss":0},{"cards_removed":["Barricade"],"damage_healed":0,"gold_gain":0,"player_choice":"Upgrade and Remove","damage_taken":0,"max_hp_gain":0,"max_hp_loss":0,"event_name":"Designer","floor":38,"gold_loss":90,"cards_upgraded":["Impervious"]},{"damage_healed":0,"gold_gain":100,"player_choice":"Pray","damage_taken":0,"max_hp_gain":0,"max_hp_loss":0,"event_name":"Golden Shrine","floor":48,"gold_loss":0}],"is_beta":false,"boss_relics":[{"not_picked":["Black Star","Cursed Key"],"picked":"Runic Dome"},{"not_picked":["Velvet Choker","Fusion Hammer"],"picked":"Runic Cube"}],"items_purged_floors":[4,13],"is_endless":false,"potions_floor_spawned":[7,10,16,18,33,35,45],"ascension_level":5}