{"gold_per_floor":[114,133,150,163,163,163,174,174,174,174,199,199,199,1,1,106,106,120,131,147,147,147,147,164,164,164,115,115,115,115,128,128,225,225,237,237,237,237,252,252],"floor_reached":40,"playtime":1950,"items_purged":[],"score":595,"play_id":"fdae5702-0e6b-4926-be5d-c40751ed52d7","local_time":"20180702074648","is_ascension_mode":true,"campfire_choices":[{"data":"Shrug It Off","floor":6.0,"key":"SMITH"},{"data":"Battle Trance","floor":8.0,"key":"SMITH"},{"data":"Offering","floor":12.0,"key":"SMITH"},{"data":"Clothesline","floor":15.0,"key":"SMITH"},{"data":"Pummel","floor":23.0,"key":"SMITH"},{"data":"Uppercut","floor":25.0,"key":"SMITH"},{"data":"Strike_R","floor":29.0,"key":"PURGE"},{"floor":32.0,"key":"REST"}],"neow_cost":"","seed_source_timestamp":0,"circlet_count":0,"master_deck":["Strike_R","Strike_R","Strike_R","Defend_R","Defend_R","Defend_R","Defend_R","Bash+1","AscendersBane","Spot Weakness","Sword Boomerang+1","Evolve","Shrug It Off+1","Battle Trance+1","Offering+1","Clothesline+1","Reaper","Pummel+1","Spot Weakness+1","Uppercut+1","Shrug It Off","Shrug It Off+1","Writhe","Shockwave+1"],"special_seed":0,"relics":["Burning Blood","Juzu Bracelet","Happy Flower","Vajra","Busted Crown","Peace Pipe","Enchiridion","Eternal Feather"],"potions_floor_usage":[40],"damage_taken":[{"damage":8.0,"enemies":"2 Louse","floor":1.0,"turns":2.0},{"damage":2.0,"enemies":"Small Slimes","floor":2.0,"turns":3.0},{"damage":1.0,"enemies":"Cultist","floor":3.0,"turns":3.0},{"damage":12.0,"enemies":"Large Slime","floor":4.0,"turns":6.0},{"damage":7.0,"enemies":"Red Slaver","floor":7.0,"turns":4.0},{"damage":7.0,"enemies":"Gremlin Nob","floor":11.0,"turns":3.0},{"damage":9.0,"enemies":"The Guardian","floor":16.0,"turns":8.0},{"damage":4.0,"enemies":"Shell Parasite","floor":18.0,"turns":3.0},{"damage":17.0,"enemies":"Chosen","floor":19.0,"turns":4.0},{"damage":28.0,"enemies":"Centurion and Healer","floor":20.0,"turns":3.0},{"damage":7.0,"enemies":"3 Cultists","floor":24.0,"turns":4.0},{"damage":4.0,"enemies":"Snecko","floor":31.0,"turns":3.0},{"damage":71.0,"enemies":"Collector","floor":33.0,"turns":11.0},{"damage":35,"enemies":"3 Shapes","floor":35,"turns":11},{"damage":37,"enemies":"3 Darklings","floor":39,"turns":9},{"damage":72,"enemies":"Giant Head","floor":40,"turns":7}],"seed_played":"-4646413127363065173","potions_obtained":[{"floor":1.0,"key":"LiquidBronze"},{"floor":4.0,"key":"Fire Potion"},{"floor":24.0,"key":"Dexterity Potion"},{"floor":30.0,"key":"Energy Potion"},{"floor":33.0,"key":"Strength Potion"},{"floor":39,"key":"Dexterity Potion"}],"is_trial":false,"path_per_floor":["M","M","M","M","?","R","M","R","T","?","E","R","?","$","R","B",null,"M","M","M","$","?","R","M","R","T","$","?","R","?","M","R","B",null,"M","?","?","$","M"],"character_chosen":"IRONCLAD","items_purchased":["Clothesline","Vajra","Shrug It Off"],"campfire_rested":1,"item_purchase_floors":[],"current_hp_per_floor":[70,74,79,73,73,73,72,72,72,77,76,76,76,76,76,73,82,85,82,60,60,60,60,59,59,59,59,43,43,43,45,70,46,75,60,60,81,81,54,0],"gold":252,"neow_bonus":"","is_prod":false,"is_daily":false,"chose_seed":false,"campfire_upgraded":6,"win_rate":0,"timestamp":1530542808,"path_taken":["M","M","M","M","?","R","M","R","T","?","E","R","?","$","R","BOSS","M","M","M","$","?","R","M","R","T","$","?","R","?","M","R","BOSS","M","?","?","?","M","E"],"build_version":"2018-06-28","purchased_purges":0,"victory":false,"max_hp_per_floor":[80,80,80,80,80,80,80,80,80,85,85,85,85,85,85,85,85,85,85,85,85,85,85,85,85,85,85,85,85,85,85,85,85,85,85,85,85,85,85,85],"card_choices":[{"not_picked":["Heavy Blade","Pommel Strike"],"picked":"Spot Weakness","floor":1.0},{"not_picked":["Havoc","Headbutt"],"picked":"Sword Boomerang","floor":2.0},{"not_picked":["Sever Soul","Havoc"],"picked":"Evolve","floor":3.0},{"not_picked":["Thunderclap","Rupture"],"picked":"Shrug It Off","floor":4.0},{"not_picked":["Carnage","Reckless Charge"],"picked":"Battle Trance","floor":7.0},{"not_picked":["Thunderclap","Corruption"],"picked":"Offering","floor":11.0},{"not_picked":["Brutality","Barricade"],"picked":"Reaper","floor":16.0},{"not_picked":[],"picked":"Pummel","floor":18.0},{"not_picked":[],"picked":"Spot Weakness+1","floor":19.0},{"not_picked":["Pommel Strike"],"picked":"SKIP","floor":20.0},{"not_picked":["Fire Breathing+1"],"picked":"SKIP","floor":24.0},{"not_picked":["Thunderclap+1"],"picked":"SKIP","floor":31.0},{"not_picked":[],"picked":"Shrug It Off+1","floor":35},{"not_picked":[],"picked":"Shockwave+1","floor":39}],"player_experience":929460,"relics_obtained":[{"floor":9.0,"key":"Juzu Bracelet"},{"floor":11.0,"key":"Happy Flower"},{"floor":26.0,"key":"Peace Pipe"},{"floor":28.0,"key":"Enchiridion"}],"event_choices":[{"event_name":"Living Wall","player_choice":"Grow","floor":5.0,"damage_taken":0.0},{"event_name":"Big Fish","player_choice":"Donut","floor":10.0,"damage_taken":0.0},{"event_name":"Purifier","player_choice":"One Purge","floor":13.0,"damage_taken":0.0},{"event_name":"The Library","player_choice":"Read","floor":22.0,"damage_taken":0.0},{"event_name":"Cursed Tome","player_choice":"Obtained Book","floor":28.0,"damage_taken":0.0},{"event_name":"The Lab","player_choice":"Got Potions","floor":30.0,"damage_taken":0.0},{"event_name":"SecretPortal","player_choice":"Rejected Portal.","floor":36,"damage_taken":0},{"event_name":"Winding Halls","player_choice":"Writhe","floor":37,"damage_taken":0}],"boss_relics":[{"not_picked":["Runic Pyramid","Snecko Eye"],"picked":"Busted Crown"},{"not_picked":["Mark of Pain","Runic Dome"],"picked":"Eternal Feather"}],"items_purged_floors":[],"is_endless":false,"potions_floor_spawned":[1,4,24,31,33,39],"killed_by":"Giant Head","ascension_level":11}