{"gold_per_floor":[118,118,46,62,77,109,109,109,132,194,205,205,205,225,225,344,344,363,378,397,418,19,19,19],"floor_reached":24,"playtime":1961,"items_purged":[],"score":198,"play_id":"a1491309-8e65-4665-8516-a9dbaddfe5f3","local_time":"20181128000936","is_ascension_mode":false,"campfire_choices":[{"floor":8,"key":"REST"},{"data":"Sunder","floor":13,"key":"SMITH"},{"floor":15,"key":"REST"},{"floor":23,"key":"REST"}],"neow_cost":"NONE","seed_source_timestamp":315437917456687,"circlet_count":0,"master_deck":["Strike_B","Strike_B","Defend_B","Defend_B","Zap","Dualcast+1","Creative AI+1","Sunder+1","Hello World","Steam","Compile Driver","Rebound","Parasite","Ball Lightning","Ball Lightning","Injury","Redo+1","Seek+1","Gash+1","Storm+1","Reinforced Body+1","Self Repair","Glacier+1","Cold Snap+1","Storm+1","Multi-Cast+1","Self Repair"],"relics":["Cracked Core","Lantern","Pen Nib","Toxic Egg 2","Golden Idol","Astrolabe","Membership Card","Ornamental Fan"],"potions_floor_usage":[],"damage_taken":[{"damage":8,"enemies":"Small Slimes","floor":1,"turns":3},{"damage":2,"enemies":"2 Louse","floor":4,"turns":4},{"damage":1,"enemies":"Jaw Worm","floor":5,"turns":3},{"damage":30,"enemies":"Lagavulin","floor":6,"turns":7},{"damage":16,"enemies":"Gremlin Nob","floor":10,"turns":3},{"damage":10,"enemies":"2 Fungi Beasts","floor":11,"turns":3},{"damage":10,"enemies":"Exordium Wildlife","floor":14,"turns":3},{"damage":16,"enemies":"Slime Boss","floor":16,"turns":7},{"damage":10,"enemies":"Chosen","floor":18,"turns":4},{"damage":15,"enemies":"Spheric Guardian","floor":19,"turns":4},{"damage":11,"enemies":"Snecko","floor":20,"turns":4},{"damage":23,"enemies":"Snake Plant","floor":21,"turns":5},{"damage":53,"enemies":"3 Cultists","floor":24,"turns":4}],"seed_played":"-3922212032448199627","potions_obtained":[{"floor":1,"key":"Dexterity Potion"},{"floor":6,"key":"PowerPotion"},{"floor":16,"key":"PowerPotion"},{"floor":18,"key":"EssenceOfSteel"},{"floor":20,"key":"SneckoOil"}],"is_trial":false,"path_per_floor":["M","?","$","M","M","E","?","R","T","?","M","?","R","M","R","B",null,"M","M","M","M","$","R","M"],"character_chosen":"DEFECT","items_purchased":["Hello World","Membership Card","Multi-Cast+1","Self Repair","Ornamental Fan"],"campfire_rested":3,"item_purchase_floors":[3,22,22,22,22],"current_hp_per_floor":[67,52,52,50,49,19,37,59,59,43,33,33,33,23,45,29,75,65,50,46,30,30,52,0],"gold":19,"neow_bonus":"TRANSFORM_CARD","is_prod":false,"is_daily":false,"chose_seed":false,"campfire_upgraded":1,"win_rate":0.0,"timestamp":1543381776,"path_taken":["M","?","$","M","M","E","?","R","T","?","M","?","R","?","R","BOSS","M","M","?","?","?","R","M"],"build_version":"2018-11-15","purchased_purges":0,"victory":false,"max_hp_per_floor":[75,75,75,75,75,75,75,75,75,75,75,75,75,75,75,75,75,75,75,75,75,75,75,75],"card_choices":[{"not_picked":["Steam Power","Stack"],"picked":"Sunder","floor":1},{"not_picked":["Go for the Eyes","Streamline"],"picked":"Steam","floor":4},{"not_picked":["Steam","Skim"],"picked":"Compile Driver","floor":5},{"not_picked":["Beam Cell","Gash"],"picked":"Rebound","floor":6},{"not_picked":["Cold Snap","Compile Driver"],"picked":"Ball Lightning","floor":10},{"not_picked":["Rebound","Gash"],"picked":"Ball Lightning","floor":11},{"not_picked":["Ball Lightning","Beam Cell"],"picked":"Redo+1","floor":14},{"not_picked":["Biased Cognition","All For One"],"picked":"Seek+1","floor":16},{"not_picked":["Melter+1","Tempest+1"],"picked":"Self Repair","floor":18},{"not_picked":["Darkness+1","Hologram+1"],"picked":"Glacier+1","floor":19},{"not_picked":["Go for the Eyes","Beam Cell+1"],"picked":"Cold Snap+1","floor":20},{"not_picked":["Chaos+1","Chill+1"],"picked":"Storm+1","floor":21}],"player_experience":119192,"relics_obtained":[{"floor":6,"key":"Lantern"},{"floor":9,"key":"Pen Nib"}],"event_choices":[{"damage_healed":0,"gold_gain":0,"player_choice":"Entered Light","damage_taken":15,"max_hp_gain":0,"max_hp_loss":0,"event_name":"Shining Light","floor":2,"gold_loss":0,"cards_upgraded":["Creative AI","Dualcast"]},{"damage_healed":18,"gold_gain":0,"player_choice":"Healed and dodged fight","damage_taken":0,"max_hp_gain":0,"max_hp_loss":0,"event_name":"Mushrooms","floor":7,"gold_loss":0,"cards_obtained":["Parasite"]},{"damage_healed":0,"gold_gain":0,"player_choice":"Searched \u00272\u0027 times","damage_taken":0,"relics_obtained":["Toxic Egg 2"],"max_hp_gain":0,"max_hp_loss":0,"event_name":"Dead Adventurer","floor":10,"gold_loss":0},{"damage_healed":0,"gold_gain":0,"player_choice":"Take Wound","damage_taken":0,"relics_obtained":["Golden Idol"],"max_hp_gain":0,"max_hp_loss":0,"event_name":"Golden Idol","floor":12,"gold_loss":0,"cards_obtained":["Injury"]}],"is_beta":false,"boss_relics":[{"not_picked":["FrozenCore","Fusion Hammer"],"picked":"Astrolabe"}],"items_purged_floors":[],"is_endless":false,"potions_floor_spawned":[1,6,16,18,20,21],"killed_by":"3 Cultists","ascension_level":0}