{"gold_per_floor":[114,132,143,156,36,36,46,58,84,84,84,84,100,114,114,216,216,226,226],"floor_reached":19,"playtime":1016,"items_purged":["Strike_G"],"score":190,"play_id":"08915dab-0c5c-4a5b-b788-38941df67e6b","local_time":"20190129000307","is_ascension_mode":true,"campfire_choices":[{"data":"Dash","floor":6.0,"key":"SMITH"},{"data":"Endless Agony","floor":10.0,"key":"SMITH"},{"data":"Dodge and Roll","floor":12.0,"key":"SMITH"},{"data":"Poisoned Stab","floor":15.0,"key":"SMITH"}],"neow_cost":"NONE","seed_source_timestamp":0,"circlet_count":0,"master_deck":["Defend_G","Defend_G","Defend_G","Defend_G","Defend_G","Strike_G","Strike_G","Strike_G","Strike_G","Survivor","Neutralize+1","PiercingWail","Dodge and Roll+1","Dash+1","All Out Attack","Poisoned Stab+1","Endless Agony+1","Deflect","PiercingWail","Blur"],"special_seed":0,"relics":["Ring of the Serpent"],"potions_floor_usage":[19,19],"damage_taken":[{"damage":0.0,"enemies":"Cultist","floor":1.0,"turns":4.0},{"damage":0.0,"enemies":"2 Louse","floor":2.0,"turns":3.0},{"damage":0.0,"enemies":"Jaw Worm","floor":3.0,"turns":4.0},{"damage":1.0,"enemies":"Lots of Slimes","floor":4.0,"turns":7.0},{"damage":0.0,"enemies":"Blue Slaver","floor":7.0,"turns":3.0},{"damage":0.0,"enemies":"Exordium Thugs","floor":8.0,"turns":4.0},{"damage":0.0,"enemies":"Red Slaver","floor":13.0,"turns":3.0},{"damage":0.0,"enemies":"Large Slime","floor":14.0,"turns":3.0},{"damage":20.0,"enemies":"The Guardian","floor":16.0,"turns":19.0},{"damage":11.0,"enemies":"Spheric Guardian","floor":18.0,"turns":8.0},{"damage":2,"enemies":"3 Byrds","floor":19,"turns":2},{"damage":0,"enemies":"3 Byrds","floor":19,"turns":1}],"seed_played":"-7758883028398962047","potions_obtained":[{"floor":2.0,"key":"AttackPotion"},{"floor":7.0,"key":"SkillPotion"},{"floor":13.0,"key":"Energy Potion"},{"floor":14.0,"key":"Weak Potion"},{"floor":16.0,"key":"SmokeBomb"},{"floor":18,"key":"AttackPotion"}],"is_trial":false,"path_per_floor":["M","M","M","M","$","R","M","M","T","R","?","R","M","M","R","B",null,"M","M"],"character_chosen":"THE_SILENT","items_purchased":["Poisoned Stab"],"campfire_rested":0,"item_purchase_floors":[5],"current_hp_per_floor":[70,70,70,69,69,69,69,69,69,69,74,74,74,74,74,54,75,64,62],"gold":226,"neow_bonus":"UPGRADE_CARD","is_prod":false,"is_daily":false,"chose_seed":false,"campfire_upgraded":4,"win_rate":0,"timestamp":1548716587,"path_taken":["M","M","?","M","?","R","M","M","T","R","?","R","M","?","R","BOSS","M","M"],"build_version":"2019-01-23","purchased_purges":1,"victory":false,"max_hp_per_floor":[70,70,70,70,70,70,70,70,70,70,75,75,75,75,75,75,75,75,75],"card_choices":[{"not_picked":["Concentrate","Outmaneuver"],"picked":"PiercingWail","floor":1.0},{"not_picked":["Flechettes","PiercingWail"],"picked":"Dodge and Roll","floor":2.0},{"not_picked":["PiercingWail","Sucker Punch"],"picked":"Dash","floor":3.0},{"not_picked":["Dagger Spray","Escape Plan"],"picked":"All Out Attack","floor":4.0},{"not_picked":["Quick Slash","Acrobatics"],"picked":"Endless Agony","floor":7.0},{"not_picked":["Dodge and Roll","Concentrate","Dagger Throw"],"picked":"SKIP","floor":8.0},{"not_picked":["Dash","Blade Dance"],"picked":"Deflect","floor":13.0},{"not_picked":["Dodge and Roll","Dagger Throw"],"picked":"PiercingWail","floor":14.0},{"not_picked":["Deflect","Flechettes+1"],"picked":"Blur","floor":18}],"player_experience":204635,"relics_obtained":[],"event_choices":[{"damage_healed":0.0,"max_hp_gain":5.0,"max_hp_loss":0.0,"gold_gain":0.0,"event_name":"Big Fish","player_choice":"Donut","floor":11.0,"gold_loss":0.0,"damage_taken":0.0}],"is_beta":true,"boss_relics":[{"not_picked":["HoveringKite","WristBlade"],"picked":"Ring of the Serpent"}],"items_purged_floors":[5],"is_endless":false,"potions_floor_spawned":[2,7,13,14,16,18],"killed_by":"3 Byrds","ascension_level":3}