{"gold_per_floor":[113,113,123,136,42,42,74,87,112,112,126,165,165],"floor_reached":13,"playtime":626,"items_purged":[],"score":185,"play_id":"d5221780-5f79-47cf-baed-7f48711d025d","local_time":"20190116111041","is_ascension_mode":true,"campfire_choices":[{"data":"Sunder","floor":6.0,"key":"SMITH"}],"neow_cost":"NONE","seed_source_timestamp":616772925082152,"circlet_count":0,"master_deck":["AscendersBane","Strike_B","Strike_B","Strike_B","Strike_B","Defend_B","Defend_B","Defend_B","Zap+1","Dualcast","Scrape","Ball Lightning","Capacitor","Steam","Coolheaded","Sunder+1","Hologram","Buffer","Biased Cognition"],"special_seed":0,"relics":["Cracked Core","Anchor","Juzu Bracelet","Golden Idol","Oddly Smooth Stone"],"potions_floor_usage":[12],"damage_taken":[{"damage":2.0,"enemies":"2 Louse","floor":1.0,"turns":3.0},{"damage":1.0,"enemies":"Cultist","floor":3.0,"turns":3.0},{"damage":0.0,"enemies":"Small Slimes","floor":4.0,"turns":2.0},{"damage":20.0,"enemies":"3 Sentries","floor":7.0,"turns":5.0},{"damage":1.0,"enemies":"3 Louse","floor":8.0,"turns":3.0},{"damage":5.0,"enemies":"Exordium Wildlife","floor":11.0,"turns":4.0},{"damage":8,"enemies":"Gremlin Nob","floor":12,"turns":3},{"damage":27,"enemies":"The Mushroom Lair","floor":13,"turns":3}],"seed_played":"-2839174392035127506","potions_obtained":[{"floor":1.0,"key":"Swift Potion"},{"floor":4.0,"key":"AttackPotion"},{"floor":11.0,"key":"FearPotion"}],"is_trial":false,"path_per_floor":["M","?","M","M","$","R","E","M","T","?","M","E","?"],"character_chosen":"DEFECT","items_purchased":["Coolheaded","Sunder"],"campfire_rested":0,"item_purchase_floors":[5,5],"current_hp_per_floor":[62,62,61,61,61,61,41,40,40,40,35,27,0],"gold":165,"neow_bonus":"TRANSFORM_CARD","is_prod":false,"is_daily":false,"chose_seed":false,"campfire_upgraded":1,"win_rate":0,"timestamp":1547665841,"path_taken":["M","?","M","M","?","R","E","M","T","?","M","E","?"],"build_version":"2019-01-10","purchased_purges":0,"victory":false,"max_hp_per_floor":[71,71,71,71,71,71,71,71,71,64,64,64,64],"card_choices":[{"not_picked":["Aggregate","Scrape"],"picked":"Ball Lightning","floor":1.0},{"not_picked":["Conserve Battery","Stack"],"picked":"Capacitor","floor":3.0},{"not_picked":["Tempest","Beam Cell"],"picked":"Steam","floor":4.0},{"not_picked":["Skim","Stack","Aggregate"],"picked":"SKIP","floor":7.0},{"not_picked":["Auto Shields","Beam Cell"],"picked":"Hologram","floor":8.0},{"not_picked":["Turbo","Go for the Eyes"],"picked":"Buffer","floor":11.0},{"not_picked":["Stack","Go for the Eyes"],"picked":"Biased Cognition","floor":12}],"player_experience":1702246,"relics_obtained":[{"floor":7.0,"key":"Anchor"},{"floor":9.0,"key":"Juzu Bracelet"},{"floor":12,"key":"Oddly Smooth Stone"}],"event_choices":[{"damage_healed":0.0,"max_hp_gain":0.0,"max_hp_loss":0.0,"gold_gain":0.0,"event_name":"Accursed Blacksmith","player_choice":"Forge","floor":2.0,"gold_loss":0.0,"damage_taken":0.0,"cards_upgraded":["Zap"]},{"damage_healed":0.0,"max_hp_gain":0.0,"max_hp_loss":7.0,"gold_gain":0.0,"event_name":"Golden Idol","player_choice":"Lose Max HP","floor":10.0,"gold_loss":0.0,"damage_taken":0.0,"relics_obtained":["Golden Idol"]},{"damage_healed":0,"gold_gain":0,"player_choice":"Fought Mushrooms","damage_taken":0,"max_hp_gain":0,"max_hp_loss":0,"event_name":"Mushrooms","floor":13,"gold_loss":0}],"is_beta":false,"boss_relics":[],"items_purged_floors":[],"is_endless":false,"potions_floor_spawned":[1,4,11],"killed_by":"The Mushroom Lair","ascension_level":19}