{"path_per_floor":["M","$","M","?","M","E","R","E","T","?","?","R","?","E","R"],"character_chosen":"IRONCLAD","items_purchased":["Spot Weakness"],"gold_per_floor":[117,38,51,51,63,95,95,127,127,91,91,91,91,126,126,126],"floor_reached":16,"campfire_rested":3,"playtime":613,"item_purchase_floors":[2],"current_hp_per_floor":[79,79,80,80,75,56,80,15,15,15,41,65,65,38,62,0],"items_purged":[],"gold":126,"score":139,"play_id":"688a2e2a-a2d4-4964-9213-01ab0a120e2c","local_time":"20180530083937","is_prod":false,"is_daily":false,"chose_seed":false,"is_ascension_mode":true,"campfire_upgraded":0,"win_rate":0,"timestamp":1527662377,"campfire_choices":[{"floor":7,"key":"REST"},{"floor":12,"key":"REST"},{"floor":15,"key":"REST"}],"path_taken":["M","$","M","?","M","E","R","E","T","?","?","R","?","E","R","BOSS"],"build_version":"2018-05-28","seed_source_timestamp":7515329559917,"purchased_purges":0,"victory":false,"master_deck":["Strike_R","Strike_R","Strike_R","Strike_R","Strike_R","Defend_R","Defend_R","Defend_R","Defend_R","Brutality","Pommel Strike","Spot Weakness","Warcry+1","Bloodletting","Flex","Dropkick","Whirlwind"],"max_hp_per_floor":[80,80,80,80,80,80,80,80,80,80,80,80,80,80,80,80],"relics":["Burning Blood","Frozen Egg 2","The Courier","Paper Frog","Boot"],"card_choices":[{"not_picked":["Sever Soul","Wild Strike"],"picked":"Pommel Strike","floor":1},{"not_picked":["Body Slam","Anger"],"picked":"Warcry","floor":3},{"not_picked":["Anger","Entrench"],"picked":"Bloodletting","floor":5},{"not_picked":["Feel No Pain","Havoc"],"picked":"Flex","floor":6},{"not_picked":["Armaments","Wild Strike"],"picked":"Dropkick","floor":8},{"not_picked":["Clash","Hemokinesis"],"picked":"Whirlwind","floor":14}],"player_experience":184899,"potions_floor_usage":[8,8],"damage_taken":[{"damage":7,"enemies":"2 Louse","floor":1,"turns":4},{"damage":1,"enemies":"Cultist","floor":3,"turns":3},{"damage":11,"enemies":"Jaw Worm","floor":5,"turns":3},{"damage":25,"enemies":"3 Sentries","floor":6,"turns":7},{"damage":79,"enemies":"Gremlin Nob","floor":8,"turns":5},{"damage":33,"enemies":"3 Sentries","floor":14,"turns":8},{"damage":62,"enemies":"Hexaghost","floor":16,"turns":8}],"relics_obtained":[{"floor":6,"key":"Frozen Egg 2"},{"floor":8,"key":"The Courier"},{"floor":9,"key":"Paper Frog"},{"floor":14,"key":"Boot"}],"event_choices":[{"event_name":"Upgrade Shrine","player_choice":"Upgraded","floor":4,"damage_taken":0},{"event_name":"World of Goop","player_choice":"Left","floor":10,"damage_taken":0},{"event_name":"Big Fish","player_choice":"Banana","floor":11,"damage_taken":0},{"event_name":"Bonfire Elementals","player_choice":"BASIC","floor":13,"damage_taken":0}],"boss_relics":[],"items_purged_floors":[],"potions_floor_spawned":[5,6],"seed_played":"-7668642378273127461","killed_by":"Hexaghost","ascension_level":4,"potions_obtained":[{"floor":5,"key":"Dexterity Potion"},{"floor":6,"key":"BloodPotion"}],"is_trial":false}