{"gold_per_floor":[113,113,113,137,312,312,352,368,419,494,34,34,57,72,72,195,258,277,257,257,24,24,24,58,58,58,85,120,138,161,161],"floor_reached":31,"playtime":1070,"items_purged":["Doubt"],"score":271,"play_id":"ee1772ad-a315-4817-8f22-2bc5c4dbad95","local_time":"20180830215147","is_ascension_mode":false,"campfire_choices":[{"data":"Neutralize","floor":6,"key":"SMITH"},{"floor":12,"key":"REST"},{"floor":15,"key":"REST"},{"floor":23,"key":"REST"},{"floor":25,"key":"REST"}],"neow_cost":"NONE","seed_source_timestamp":2645759360642,"circlet_count":0,"master_deck":["Defend_G","Defend_G","Defend_G","Defend_G","Defend_G","Strike_G","Strike_G","Strike_G","Strike_G","Strike_G","Survivor","Neutralize+1","Deadly Poison+1","Slice","Quick Slash","Dagger Spray+1","Masterful Stab","Catalyst","Envenom","Leg Sweep","Escape Plan","Catalyst","Slice","Well Laid Plans","Catalyst","Deadly Poison","Bouncing Flask","Bouncing Flask"],"relics":["Runic Dome","Golden Idol","Oddly Smooth Stone","Centennial Puzzle","HandDrill","Pantograph","Tiny House","MutagenicStrength","Strawberry","Gremlin Horn","Dream Catcher","Blue Candle"],"potions_floor_usage":[14,16,28,28,28,31],"damage_taken":[{"damage":3,"enemies":"Small Slimes","floor":1,"turns":4},{"damage":0,"enemies":"Jaw Worm","floor":4,"turns":2},{"damage":27,"enemies":"3 Sentries","floor":7,"turns":11},{"damage":0,"enemies":"2 Louse","floor":8,"turns":2},{"damage":16,"enemies":"Large Slime","floor":13,"turns":3},{"damage":0,"enemies":"Exordium Wildlife","floor":14,"turns":5},{"damage":47,"enemies":"Slime Boss","floor":16,"turns":13},{"damage":25,"enemies":"Spheric Guardian","floor":18,"turns":7},{"damage":40,"enemies":"Book of Stabbing","floor":24,"turns":6},{"damage":16,"enemies":"Slavers","floor":28,"turns":5},{"damage":14,"enemies":"3 Byrds","floor":29,"turns":4},{"damage":21,"enemies":"Snake Plant","floor":30,"turns":3},{"damage":9,"enemies":"3 Cultists","floor":31,"turns":3}],"seed_played":"-2306453495630785931","potions_obtained":[{"floor":4,"key":"SpeedPotion"},{"floor":8,"key":"Strength Potion"},{"floor":14,"key":"SpeedPotion"},{"floor":17,"key":"LiquidBronze"},{"floor":18,"key":"Strength Potion"},{"floor":19,"key":"GamblersBrew"},{"floor":29,"key":"Ancient Potion"},{"floor":30,"key":"GamblersBrew"}],"is_trial":false,"path_per_floor":["M","?","?","M","?","R","E","M","T","?","$","R","M","M","R","B",null,"M","?","?","$","?","R","E","R","T","T","E","M","M"],"character_chosen":"THE_SILENT","items_purchased":["HandDrill","Pantograph","Catalyst","Slice","Well Laid Plans"],"campfire_rested":4,"item_purchase_floors":[11,11,21,21,21],"current_hp_per_floor":[67,67,50,50,50,50,23,23,23,12,12,33,17,17,38,16,75,50,50,50,50,43,65,32,56,56,56,40,26,5,0],"gold":161,"neow_bonus":"BOSS_RELIC","is_prod":false,"is_daily":false,"chose_seed":false,"campfire_upgraded":1,"win_rate":0.0,"timestamp":1535658707,"path_taken":["M","?","?","M","?","R","E","M","T","?","$","R","M","M","R","BOSS","M","?","?","$","?","R","E","R","T","?","E","M","?","M"],"build_version":"2018-08-29","purchased_purges":1,"victory":false,"max_hp_per_floor":[70,70,70,70,70,70,70,70,70,70,70,70,70,70,70,70,75,75,75,75,75,75,75,82,82,82,82,82,82,82,82],"card_choices":[{"not_picked":["Flying Knee","Dodge and Roll"],"picked":"Deadly Poison","floor":1},{"not_picked":["Underhanded Strike","Infinite Blades"],"picked":"Slice","floor":4},{"not_picked":["Sucker Punch","Slice"],"picked":"Quick Slash","floor":7},{"not_picked":["Flying Knee","Acrobatics"],"picked":"Dagger Spray","floor":8},{"not_picked":["All Out Attack","Dodge and Roll"],"picked":"Masterful Stab","floor":13},{"not_picked":["Dash","Leg Sweep"],"picked":"Catalyst","floor":14},{"not_picked":["Unload","After Image"],"picked":"Envenom","floor":16},{"not_picked":["Prepared","Blade Dance"],"picked":"Leg Sweep","floor":17},{"not_picked":["Poisoned Stab","Underhanded Strike"],"picked":"Escape Plan","floor":18},{"not_picked":["Poisoned Stab","All Out Attack"],"picked":"Catalyst","floor":24},{"not_picked":["After Image","Dagger Throw"],"picked":"Deadly Poison","floor":28},{"not_picked":["Masterful Stab","Quick Slash+1"],"picked":"Bouncing Flask","floor":29},{"not_picked":["Riddle With Holes","Tactician"],"picked":"Bouncing Flask","floor":30}],"player_experience":82152,"relics_obtained":[{"floor":7,"key":"Oddly Smooth Stone"},{"floor":9,"key":"Centennial Puzzle"},{"floor":24,"key":"Strawberry"},{"floor":26,"key":"Gremlin Horn"},{"floor":27,"key":"Dream Catcher"},{"floor":28,"key":"Blue Candle"}],"event_choices":[{"event_name":"Living Wall","player_choice":"Grow","floor":2,"damage_taken":0},{"event_name":"Golden Idol","player_choice":"Take Damage","floor":3,"damage_taken":0},{"event_name":"Liars Game","player_choice":"agreed","floor":5,"damage_taken":0},{"event_name":"World of Goop","player_choice":"Gather Gold","floor":10,"damage_taken":0},{"event_name":"The Woman in Blue","player_choice":"Bought 1 Potion","floor":19,"damage_taken":0},{"event_name":"Drug Dealer","player_choice":"Inject Mutagens","floor":20,"damage_taken":0},{"event_name":"Wheel of Change","player_choice":"Damage","floor":22,"damage_taken":0}],"is_beta":true,"boss_relics":[{"not_picked":["Philosopher\u0027s Stone","Velvet Choker"],"picked":"Tiny House"}],"items_purged_floors":[21],"is_endless":false,"potions_floor_spawned":[4,8,14,18,29,30],"killed_by":"3 Cultists","ascension_level":0}