{"gold_per_floor":[216,391,391,405,424,456,138,155,155,155,155,181,199,214,214,317,317,337,247,267,281,26,26],"floor_reached":23,"playtime":1489,"items_purged":["Doubt"],"score":315,"play_id":"6a25b9ca-7f01-42e2-9f77-33bcad156e1c","local_time":"20190123215414","is_ascension_mode":true,"campfire_choices":[{"floor":10,"key":"REST"},{"data":"Tools of the Trade","floor":15,"key":"SMITH"}],"neow_cost":"NONE","seed_source_timestamp":877326749743307,"circlet_count":0,"master_deck":["AscendersBane","Defend_G","Defend_G","Defend_G","Defend_G","Defend_G","Strike_G","Strike_G+1","Strike_G","Survivor","Neutralize","Well Laid Plans+1","Backstab","Dagger Throw","Dagger Spray","Dagger Throw","Sucker Punch","Tools of the Trade+1","Underhanded Strike","Acrobatics+1","Adrenaline+1","Crippling Poison+1","Poisoned Stab","Bouncing Flask+1","Crippling Poison+1","Backflip+1"],"relics":["Ring of the Snake","Meat on the Bone","Matryoshka","Pen Nib","Toxic Egg 2","Question Card","Black Star","Membership Card"],"potions_floor_usage":[6,23],"damage_taken":[{"damage":0,"enemies":"2 Louse","floor":1,"turns":3},{"damage":3,"enemies":"Small Slimes","floor":4,"turns":5},{"damage":1,"enemies":"Cultist","floor":5,"turns":4},{"damage":51,"enemies":"Gremlin Nob","floor":6,"turns":7},{"damage":4,"enemies":"Red Slaver","floor":8,"turns":3},{"damage":12,"enemies":"3 Sentries","floor":12,"turns":8},{"damage":4,"enemies":"Lots of Slimes","floor":13,"turns":4},{"damage":1,"enemies":"Large Slime","floor":14,"turns":4},{"damage":24,"enemies":"The Guardian","floor":16,"turns":15},{"damage":36,"enemies":"2 Thieves","floor":18,"turns":5},{"damage":16,"enemies":"Spheric Guardian","floor":20,"turns":4},{"damage":8,"enemies":"Chosen and Byrds","floor":21,"turns":3},{"damage":40,"enemies":"Book of Stabbing","floor":23,"turns":5}],"seed_played":"4216667309045558749","potions_obtained":[{"floor":1,"key":"GamblersBrew"},{"floor":4,"key":"Weak Potion"},{"floor":18,"key":"Ancient Potion"}],"is_trial":false,"path_per_floor":["M","?","?","M","M","E","$","M","T","R","?","E","M","M","R","B",null,"M","?","M","M","$","E"],"character_chosen":"THE_SILENT","items_purchased":["Matryoshka","Membership Card","Crippling Poison+1","Backflip+1"],"campfire_rested":1,"item_purchase_floors":[7,22,22,22],"current_hp_per_floor":[63,63,63,60,59,8,8,16,16,37,37,37,45,44,44,32,61,37,37,33,37,37,0],"gold":26,"neow_bonus":"HUNDRED_GOLD","is_prod":false,"is_daily":false,"chose_seed":false,"campfire_upgraded":1,"win_rate":0,"timestamp":1548302054,"path_taken":["M","?","?","?","M","E","?","?","T","R","?","E","M","M","R","BOSS","M","?","M","?","$","E"],"build_version":"2019-01-23","purchased_purges":1,"victory":false,"max_hp_per_floor":[70,70,70,70,70,70,70,70,70,70,70,70,70,70,70,70,70,70,70,70,70,70,70],"card_choices":[{"not_picked":["Noxious Fumes","All Out Attack"],"picked":"Well Laid Plans","floor":1},{"not_picked":["Dodge and Roll","Bane"],"picked":"Backstab","floor":4},{"not_picked":["Cloak And Dagger","Dodge and Roll"],"picked":"Dagger Throw","floor":5},{"not_picked":["Acrobatics","Calculated Gamble"],"picked":"Dagger Spray","floor":6},{"not_picked":["Finisher","Masterful Stab"],"picked":"Dagger Throw","floor":8},{"not_picked":["PiercingWail+1","Dash"],"picked":"Tools of the Trade","floor":12},{"not_picked":["PiercingWail+1","Infinite Blades","Dash"],"picked":"Underhanded Strike","floor":13},{"not_picked":["PiercingWail+1","Backflip+1","Bane"],"picked":"Acrobatics+1","floor":14},{"not_picked":["Die Die Die","Wraith Form v2","Unload"],"picked":"Adrenaline+1","floor":16},{"not_picked":["Quick Slash","Sucker Punch","Noxious Fumes"],"picked":"Crippling Poison+1","floor":18},{"not_picked":["Bane+1","Accuracy","Slice"],"picked":"Poisoned Stab","floor":20},{"not_picked":["Endless Agony","Cloak And Dagger+1","Dagger Throw+1"],"picked":"Bouncing Flask+1","floor":21}],"player_experience":467581,"relics_obtained":[{"floor":6,"key":"Meat on the Bone"},{"floor":9,"key":"Pen Nib"},{"floor":9,"key":"Toxic Egg 2"},{"floor":12,"key":"Question Card"}],"event_choices":[{"damage_healed":0,"gold_gain":175,"player_choice":"AGREE","damage_taken":0,"max_hp_gain":0,"max_hp_loss":0,"event_name":"Liars Game","floor":2,"gold_loss":0,"cards_obtained":["Doubt"]},{"damage_healed":0,"gold_gain":0,"player_choice":"Forge","damage_taken":0,"max_hp_gain":0,"max_hp_loss":0,"event_name":"Accursed Blacksmith","floor":3,"gold_loss":0,"cards_upgraded":["Well Laid Plans"]},{"damage_healed":0,"gold_gain":0,"cards_transformed":["Strike_G"],"player_choice":"Change","damage_taken":0,"max_hp_gain":0,"max_hp_loss":0,"event_name":"Living Wall","floor":11,"gold_loss":0,"cards_obtained":["Sucker Punch"]},{"cards_removed":["Strike_G"],"damage_healed":0,"gold_gain":0,"player_choice":"Upgrade and Remove","damage_taken":0,"max_hp_gain":0,"max_hp_loss":0,"event_name":"Designer","floor":19,"gold_loss":90,"cards_upgraded":["Strike_G"]}],"is_beta":false,"boss_relics":[{"not_picked":["Philosopher\u0027s Stone","Ectoplasm"],"picked":"Black Star"}],"items_purged_floors":[7],"is_endless":false,"potions_floor_spawned":[1,4,18],"killed_by":"Book of Stabbing","ascension_level":11}