{"gold_per_floor":[114,114,129,144,159,159,159,159,159,14,44,59,84,99,99,199,199,214,229,244,259,219,249,249,264,339,339,339,389,404,30,30,130,130,145,28,43,58,73,73,73,73,73,88,118,133,133,148,148,148],"floor_reached":50,"playtime":1966,"items_purged":[],"score":598,"play_id":"ed5fba63-b818-4f2f-b6f5-a150f020f042","local_time":"20180822083543","daily_mods":["Diverse","Uncertain Future","Lethality"],"is_ascension_mode":false,"campfire_choices":[{"data":"Zap","floor":6,"key":"SMITH"},{"data":"Scrape","floor":8,"key":"SMITH"},{"data":"Dualcast","floor":15,"key":"SMITH"},{"floor":24,"key":"REST"},{"floor":28,"key":"REST"},{"floor":32,"key":"REST"},{"floor":40,"key":"REST"},{"floor":42,"key":"REST"},{"floor":49,"key":"REST"}],"neow_cost":"","seed_source_timestamp":0,"circlet_count":0,"master_deck":["Strike_B","Strike_B","Strike_B","Strike_B","Defend_B","Defend_B","Defend_B","Defend_B","Zap+1","Dualcast+1","Scrape+1","Compile Driver","Clash","Iron Wave+1","Dark Shackles","Ball Lightning","Anger","Cloak And Dagger","Backflip","Corpse Explosion","Self Repair","Defragment+1","Lockon","White Noise","Shrug It Off+1","Go for the Eyes","Steam","Gash","Echo Form","Thunderclap","Creative AI","Gash","Defragment","Escape Plan","Beam Cell","Cloak And Dagger","White Noise+1","White Noise","Good Instincts","Panache","Flash of Steel","Gash+1","Warcry+1","Metallicize+1","Inflame","Shrug It Off+1","Distraction+1","Shrug It Off+1"],"special_seed":17765,"relics":["Cracked Core","Mummified Hand","Ornamental Fan","Dream Catcher","Art of War","Fusion Hammer","StoneCalendar","Kunai","Turnip","Nuclear Battery","Toxic Egg 2","Orichalcum"],"potions_floor_usage":[21,21,30,33,35,45,46,48],"damage_taken":[{"damage":0,"enemies":"Cultist","floor":1,"turns":2},{"damage":0,"enemies":"2 Louse","floor":3,"turns":2},{"damage":9,"enemies":"Jaw Worm","floor":4,"turns":2},{"damage":11,"enemies":"Looter","floor":5,"turns":3},{"damage":3,"enemies":"3 Sentries","floor":11,"turns":3},{"damage":0,"enemies":"Exordium Thugs","floor":12,"turns":3},{"damage":0,"enemies":"3 Louse","floor":14,"turns":2},{"damage":0,"enemies":"Slime Boss","floor":16,"turns":4},{"damage":11,"enemies":"3 Byrds","floor":18,"turns":3},{"damage":0,"enemies":"Shell Parasite","floor":19,"turns":2},{"damage":0,"enemies":"Cultist and Chosen","floor":20,"turns":3},{"damage":7,"enemies":"Centurion and Healer","floor":21,"turns":3},{"damage":41,"enemies":"Book of Stabbing","floor":23,"turns":5},{"damage":12,"enemies":"Snecko","floor":25,"turns":4},{"damage":25,"enemies":"Chosen and Byrds","floor":30,"turns":4},{"damage":22,"enemies":"Collector","floor":33,"turns":7},{"damage":3,"enemies":"3 Darklings","floor":35,"turns":4},{"damage":0,"enemies":"3 Shapes","floor":37,"turns":4},{"damage":13,"enemies":"Spire Growth","floor":38,"turns":4},{"damage":9,"enemies":"Flame Bruiser 2 Orb","floor":39,"turns":5},{"damage":0,"enemies":"Transient","floor":44,"turns":5},{"damage":27,"enemies":"Giant Head","floor":45,"turns":7},{"damage":17,"enemies":"Sphere and 2 Shapes","floor":46,"turns":4},{"damage":18,"enemies":"Spire Growth","floor":48,"turns":5},{"damage":59,"enemies":"Donu and Deca","floor":50,"turns":5}],"seed_played":"-3582154799365427679","potions_obtained":[{"floor":1,"key":"FocusPotion"},{"floor":5,"key":"SneckoOil"},{"floor":14,"key":"FocusPotion"},{"floor":18,"key":"Dexterity Potion"},{"floor":25,"key":"LiquidBronze"},{"floor":30,"key":"SneckoOil"},{"floor":44,"key":"Swift Potion"},{"floor":45,"key":"EssenceOfSteel"},{"floor":46,"key":"Poison Potion"}],"is_trial":false,"path_per_floor":["M","T","M","M","M","R","?","R","T","$","E","M","T","M","R","B",null,"M","M","M","M","?","E","R","M","T","?","R","?","M","$","R","B",null,"M","$","M","M","M","R","?","R","T","M","E","M","?","M","R"],"character_chosen":"DEFECT","items_purchased":["Dark Shackles","Ball Lightning","Turnip","Echo Form","Defragment","Escape Plan"],"campfire_rested":6,"item_purchase_floors":[10,10,31,31,36,36],"current_hp_per_floor":[75,75,75,66,55,55,55,55,55,55,52,52,52,52,52,52,75,64,71,75,68,68,34,56,51,51,51,73,73,55,55,75,60,75,75,75,75,69,67,75,65,75,75,75,55,38,38,34,56,0],"gold":148,"neow_bonus":"","is_prod":false,"is_daily":true,"chose_seed":false,"campfire_upgraded":3,"win_rate":0,"timestamp":1534919743,"path_taken":["M","?","M","M","M","R","?","R","T","$","E","M","?","M","R","BOSS","M","M","M","M","?","E","R","M","T","?","R","?","M","$","R","BOSS","M","$","M","M","M","R","?","R","T","M","E","?","?","M","R","BOSS"],"build_version":"2018-08-20","purchased_purges":0,"victory":false,"max_hp_per_floor":[75,75,75,75,75,75,75,75,75,75,75,75,75,75,75,75,75,75,75,75,75,75,75,75,75,75,75,75,75,75,75,75,75,75,75,75,75,75,75,75,75,75,75,75,75,75,75,75,75,75],"card_choices":[{"not_picked":["Leg Sweep","Tempest"],"picked":"Scrape","floor":1},{"not_picked":["Quick Slash","Power Through"],"picked":"Compile Driver","floor":3},{"not_picked":["PiercingWail","Hologram"],"picked":"Clash","floor":4},{"not_picked":["Conserve Battery","Disarm"],"picked":"Iron Wave","floor":5},{"not_picked":["Heel Hook","Wild Strike"],"picked":"Anger","floor":11},{"not_picked":["Cold Snap","Streamline"],"picked":"Cloak And Dagger","floor":12},{"not_picked":["Bane","Headbutt"],"picked":"Backflip","floor":14},{"not_picked":["Amplify","Hyperbeam"],"picked":"Corpse Explosion","floor":16},{"not_picked":["Barrage","Blizzard"],"picked":"Self Repair","floor":18},{"not_picked":["Perfected Strike+1","Barrage+1"],"picked":"Defragment+1","floor":19},{"not_picked":["True Grit","Sweeping Beam"],"picked":"Lockon","floor":20},{"not_picked":["Intimidate","Dagger Spray"],"picked":"White Noise","floor":21},{"not_picked":["Sucker Punch+1","Tempest+1"],"picked":"Shrug It Off+1","floor":23},{"not_picked":["Aggregate","Ball Lightning"],"picked":"Go for the Eyes","floor":24},{"not_picked":["Coolheaded","Rebound"],"picked":"Steam","floor":25},{"not_picked":["Coolheaded+1","Sweeping Beam"],"picked":"Gash","floor":30},{"not_picked":["Twin Strike","Grand Finale"],"picked":"Thunderclap","floor":32},{"not_picked":["Reboot","Core Surge"],"picked":"Creative AI","floor":33},{"not_picked":["Sword Boomerang+1","Clothesline"],"picked":"Gash","floor":35},{"not_picked":["Recycle","Flechettes"],"picked":"Beam Cell","floor":37},{"not_picked":["Entrench+1","Clothesline+1"],"picked":"Cloak And Dagger","floor":38},{"not_picked":["Blood for Blood","Pummel"],"picked":"White Noise+1","floor":39},{"not_picked":["Rebound","Warcry"],"picked":"White Noise","floor":40},{"not_picked":["Transmutation","The Bomb"],"picked":"Good Instincts","floor":41},{"not_picked":["Sadistic Nature","The Bomb"],"picked":"Panache","floor":41},{"not_picked":["Metamorphosis","Madness"],"picked":"Flash of Steel","floor":41},{"not_picked":["Loop","Rebound+1"],"picked":"Gash+1","floor":42},{"not_picked":["Armaments+1","Uppercut+1"],"picked":"Warcry+1","floor":44},{"not_picked":["Battle Trance+1","Ghostly Armor+1"],"picked":"Metallicize+1","floor":45},{"not_picked":["Turbo+1","Cloak And Dagger+1"],"picked":"Inflame","floor":46},{"not_picked":["Expertise+1","Calculated Gamble+1"],"picked":"Distraction+1","floor":48},{"not_picked":["Doom and Gloom","Streamline+1"],"picked":"Shrug It Off+1","floor":49}],"player_experience":33069,"relics_obtained":[{"floor":2,"key":"Mummified Hand"},{"floor":9,"key":"Ornamental Fan"},{"floor":11,"key":"Dream Catcher"},{"floor":13,"key":"Art of War"},{"floor":23,"key":"StoneCalendar"},{"floor":26,"key":"Kunai"},{"floor":43,"key":"Toxic Egg 2"},{"floor":45,"key":"Orichalcum"}],"event_choices":[{"event_name":"Living Wall","player_choice":"Grow","floor":7,"damage_taken":0},{"event_name":"Designer","player_choice":"Upgrade 2 Random Cards","floor":22,"damage_taken":0},{"event_name":"N\u0027loth","player_choice":"Ignored","floor":27,"damage_taken":0},{"event_name":"The Joust","player_choice":"Bet on Murderer","floor":29,"damage_taken":0},{"event_name":"SensoryStone","player_choice":"Memory 3","floor":41,"damage_taken":0},{"event_name":"Duplicator","player_choice":"One dupe","floor":47,"damage_taken":0}],"is_beta":true,"boss_relics":[{"not_picked":["Tiny House","Eternal Feather"],"picked":"Fusion Hammer"},{"not_picked":["Busted Crown","White Beast Statue"],"picked":"Nuclear Battery"}],"items_purged_floors":[],"is_endless":false,"potions_floor_spawned":[1,5,14,18,20,25,30,44,45,46],"killed_by":"Donu and Deca","ascension_level":0}