{"gold_per_floor":[116,43,58,58,74,109,109,127,127,154,182,182,182,111,111,211,211,231,156,156,174,20,20,20],"floor_reached":24,"playtime":615,"items_purged":[],"score":212,"play_id":"069759aa-afcf-4761-9bae-a91fe7ca87b9","local_time":"20180708003907","is_ascension_mode":true,"campfire_choices":[{"floor":7,"key":"REST"},{"floor":13,"key":"REST"},{"floor":15,"key":"REST"},{"floor":23,"key":"REST"}],"neow_cost":"NONE","seed_source_timestamp":11364883627267,"circlet_count":0,"master_deck":["Strike_B","Strike_B","Strike_B","Defend_B","Defend_B","Defend_B","Defend_B","Zap","Dualcast","Creative AI","Storm","Genetic Algorithm","Conserve Battery","Gash","Consume","Scrape","Machine Learning","Capacitor+1"],"relics":["Cracked Core","Pantograph","Dodecahedron","Singing Bowl","Blood Vial","Philosopher\u0027s Stone","Bag of Marbles"],"potions_floor_usage":[11,11,11,24],"damage_taken":[{"damage":15,"enemies":"Cultist","floor":1,"turns":4},{"damage":17,"enemies":"Jaw Worm","floor":3,"turns":3},{"damage":18,"enemies":"2 Louse","floor":5,"turns":5},{"damage":17,"enemies":"Lagavulin","floor":6,"turns":8},{"damage":8,"enemies":"Large Slime","floor":8,"turns":5},{"damage":18,"enemies":"Gremlin Nob","floor":11,"turns":6},{"damage":26,"enemies":"Slime Boss","floor":16,"turns":5},{"damage":21,"enemies":"Spheric Guardian","floor":18,"turns":4},{"damage":46,"enemies":"Chosen","floor":21,"turns":8},{"damage":40,"enemies":"Gremlin Leader","floor":24,"turns":2}],"seed_played":"-5277698139734318333","potions_obtained":[{"floor":3,"key":"Dexterity Potion"},{"floor":8,"key":"EntropicBrew"},{"floor":16,"key":"Strength Potion"},{"floor":18,"key":"AttackPotion"}],"is_trial":false,"path_per_floor":["M","$","M","$","M","E","R","M","T","T","E","?","R","$","R","B",null,"M","?","?","M","$","R"],"character_chosen":"DEFECT","items_purchased":["Genetic Algorithm","Scrape","Bag of Marbles"],"campfire_rested":4,"item_purchase_floors":[2,14,22],"current_hp_per_floor":[60,60,43,43,25,8,30,22,22,22,6,6,29,29,52,51,77,56,56,56,14,14,37,0],"gold":20,"neow_bonus":"ONE_RANDOM_RARE_CARD","is_prod":false,"is_daily":false,"chose_seed":false,"campfire_upgraded":0,"win_rate":0.0,"timestamp":1530974347,"path_taken":["M","?","M","?","M","E","R","M","T","?","E","?","R","$","R","BOSS","M","?","?","M","$","R","E"],"build_version":"2018-07-05","purchased_purges":0,"victory":false,"max_hp_per_floor":[75,75,75,75,75,75,75,75,75,75,77,77,77,77,77,77,77,77,77,77,79,79,79,79],"card_choices":[{"not_picked":["Redo","Beam Cell"],"picked":"Storm","floor":1},{"not_picked":["Compile Driver","Barrage"],"picked":"Conserve Battery","floor":3},{"not_picked":["Redo","Tempest"],"picked":"Gash","floor":5},{"not_picked":["Double Energy","Compile Driver","Skim"],"picked":"SKIP","floor":6},{"not_picked":["Doom and Gloom","Barrage"],"picked":"Consume","floor":8},{"not_picked":["Hologram","Sweeping Beam","Compile Driver"],"picked":"Singing Bowl","floor":11},{"not_picked":["Hyperbeam","Fission"],"picked":"Machine Learning","floor":16},{"not_picked":["Beam Cell","Lockon"],"picked":"Capacitor+1","floor":18},{"not_picked":["Stack+1","Cold Snap","Rip and Tear"],"picked":"Singing Bowl","floor":21}],"player_experience":362799,"relics_obtained":[{"floor":6,"key":"Pantograph"},{"floor":9,"key":"Dodecahedron"},{"floor":10,"key":"Singing Bowl"},{"floor":11,"key":"Blood Vial"}],"event_choices":[{"event_name":"Scrap Ooze","player_choice":"unsuccessful","floor":12,"damage_taken":0},{"event_name":"Beggar","player_choice":"Gave Gold","floor":19,"damage_taken":0},{"event_name":"Vampires","player_choice":"Ignored","floor":20,"damage_taken":0}],"boss_relics":[{"not_picked":["Orrery","Tiny House"],"picked":"Philosopher\u0027s Stone"}],"items_purged_floors":[],"is_endless":false,"potions_floor_spawned":[3,8,16,18],"killed_by":"Gremlin Leader","ascension_level":1}