{"gold_per_floor":[12,22,97,110,260,287,300,330,380,380,397,432,432,465,465,539,539,559,559,393,412,412,412,412,431,431,461,461,43,54,65,65,140,140,158,174,174,185,185,213,213,5,5,22,35,66,66,79,79,79,79,79,79,20,48,48],"floor_reached":57,"playtime":3569,"items_purged":["Iron Wave"],"score":3059,"play_id":"7ed2edb4-e07f-40ef-843a-9738d9e35ba1","local_time":"20181209180545","is_ascension_mode":true,"campfire_choices":[{"floor":10.0,"key":"REST"},{"floor":15.0,"key":"REST"},{"floor":23.0,"key":"REST"},{"data":"Limit Break","floor":32.0,"key":"SMITH"},{"floor":41.0,"key":"RECALL"},{"data":"Armaments","floor":49.0,"key":"SMITH"},{"data":"Pommel Strike","floor":53.0,"key":"SMITH"}],"neow_cost":"NO_GOLD","seed_source_timestamp":0,"circlet_count":0,"master_deck":["AscendersBane","Bash","Shockwave","Armaments+1","Pommel Strike+1","Havoc","Iron Wave","Iron Wave","Warcry","Reaper","Twin Strike","Heavy Blade","Power Through","Shockwave","Havoc","Clothesline","Power Through","Seeing Red","Body Slam","Double Tap","Limit Break+1","Shrug It Off","Corruption","Shrug It Off","Jack Of All Trades","Entrench+1","Pummel","Metallicize","Exhume+1","True Grit+1","Bloodletting+1","Sentinel+1","Corruption","Disarm+1","Reckless Charge","Limit Break+1","Armaments+1","Shrug It Off+1","Warcry+1","Flex+1"],"special_seed":0,"relics":["Burning Blood","Dead Branch","Oddly Smooth Stone","Paper Frog","Smiling Mask","Potion Belt","Vajra","Pandora\u0027s Box","Bag of Marbles","Meat on the Bone","Toxic Egg 2","Lizard Tail","Question Card","Pen Nib","Centennial Puzzle"],"potions_floor_usage":[],"damage_taken":[{"damage":2.0,"enemies":"Cultist","floor":1.0,"turns":4.0},{"damage":14.0,"enemies":"Small Slimes","floor":2.0,"turns":4.0},{"damage":5.0,"enemies":"2 Louse","floor":4.0,"turns":3.0},{"damage":12.0,"enemies":"Lagavulin","floor":6.0,"turns":7.0},{"damage":25.0,"enemies":"Exordium Thugs","floor":7.0,"turns":5.0},{"damage":26.0,"enemies":"3 Sentries","floor":8.0,"turns":6.0},{"damage":0.0,"enemies":"Looter","floor":11.0,"turns":2.0},{"damage":3.0,"enemies":"Lagavulin","floor":12.0,"turns":7.0},{"damage":16.0,"enemies":"3 Sentries","floor":14.0,"turns":9.0},{"damage":32.0,"enemies":"Hexaghost","floor":16.0,"turns":8.0},{"damage":41.0,"enemies":"3 Byrds","floor":18.0,"turns":7.0},{"damage":0.0,"enemies":"Spheric Guardian","floor":21.0,"turns":1.0},{"damage":8.0,"enemies":"Snecko","floor":25.0,"turns":7.0},{"damage":23.0,"enemies":"Book of Stabbing","floor":27.0,"turns":4.0},{"damage":6.0,"enemies":"Centurion and Healer","floor":30.0,"turns":4.0},{"damage":12.0,"enemies":"3 Cultists","floor":31.0,"turns":5.0},{"damage":35.0,"enemies":"Collector","floor":33.0,"turns":7.0},{"damage":3.0,"enemies":"3 Darklings","floor":35.0,"turns":4.0},{"damage":0.0,"enemies":"Orb Walker","floor":36.0,"turns":1.0},{"damage":45.0,"enemies":"Jaw Worm Horde","floor":38.0,"turns":3.0},{"damage":0.0,"enemies":"Giant Head","floor":40.0,"turns":4.0},{"damage":20.0,"enemies":"3 Darklings","floor":44.0,"turns":4.0},{"damage":9.0,"enemies":"Transient","floor":45.0,"turns":2.0},{"damage":51.0,"enemies":"Reptomancer","floor":46.0,"turns":6.0},{"damage":8.0,"enemies":"4 Shapes","floor":48.0,"turns":5.0},{"damage":27.0,"enemies":"Donu and Deca","floor":50.0,"turns":2.0},{"damage":51.0,"enemies":"Awakened One","floor":51.0,"turns":6.0},{"damage":15.0,"enemies":"Shield and Spear","floor":55.0,"turns":3.0},{"damage":119,"enemies":"The Heart","floor":56,"turns":7}],"seed_played":"-6993848323487712935","potions_obtained":[{"floor":4.0,"key":"LiquidBronze"},{"floor":7.0,"key":"Swift Potion"},{"floor":11.0,"key":"Energy Potion"},{"floor":12.0,"key":"Fire Potion"},{"floor":14.0,"key":"AttackPotion"},{"floor":25.0,"key":"Ancient Potion"},{"floor":27.0,"key":"Regen Potion"},{"floor":40.0,"key":"Ancient Potion"},{"floor":44.0,"key":"Swift Potion"}],"is_trial":false,"path_per_floor":["M","M","?","M","?","E","M","E","T","R","M","E","?","E","R","B",null,"M","?","$","M","?","R","?","M","T","E","?","$","M","M","R","B",null,"M","M","$","M","?","E","R","$","T","M","M","E","?","M","R","B","B",null,"R","$","E","B",null],"character_chosen":"IRONCLAD","items_purchased":["Limit Break","Toxic Egg 2","Entrench+1","Corruption","Disarm+1","Reckless Charge","Warcry+1"],"campfire_rested":3,"item_purchase_floors":[20,29,29,42,42,42,54],"current_hp_per_floor":[72,64,53,54,54,48,29,9,9,31,37,40,40,30,52,45,68,33,33,33,39,39,61,61,59,59,66,52,52,52,69,69,54,70,73,75,75,75,75,75,75,75,75,62,59,55,85,83,83,83,68,81,81,81,72,67],"gold":48,"neow_bonus":"ONE_RARE_RELIC","is_prod":false,"is_daily":false,"chose_seed":false,"campfire_upgraded":3,"win_rate":0,"timestamp":1544403945,"path_taken":["M","?","?","M","?","E","?","E","T","R","M","E","?","E","R","BOSS","M","?","$","?","?","R","?","M","T","E","?","$","M","?","R","BOSS","M","M","$","?","?","E","R","$","T","M","?","E","?","M","R","BOSS","BOSS","R","$","E","BOSS"],"build_version":"2018-12-06","purchased_purges":1,"victory":true,"max_hp_per_floor":[75,75,75,75,75,75,75,75,75,75,75,75,75,75,75,75,75,75,75,75,75,75,75,75,75,75,75,75,75,75,75,75,75,75,75,75,75,75,75,75,75,75,75,75,75,75,85,85,85,85,85,85,85,85,85,85],"card_choices":[{"not_picked":["Flex","Power Through"],"picked":"Shockwave","floor":1.0},{"not_picked":["Cleave","Havoc"],"picked":"Armaments","floor":2.0},{"not_picked":["Seeing Red","Shockwave"],"picked":"Pommel Strike","floor":4.0},{"not_picked":["Warcry","Thunderclap"],"picked":"Iron Wave","floor":6.0},{"not_picked":["Headbutt","Wild Strike"],"picked":"Havoc","floor":7.0},{"not_picked":["Twin Strike","Anger"],"picked":"Iron Wave","floor":8.0},{"not_picked":["Clash","Whirlwind"],"picked":"Iron Wave","floor":11.0},{"not_picked":["Shockwave","Berserk"],"picked":"Warcry","floor":12.0},{"not_picked":["Anger","Reckless Charge"],"picked":"Reaper","floor":14.0},{"not_picked":["Reaper","Immolate"],"picked":"Double Tap","floor":16.0},{"not_picked":["Havoc","Headbutt"],"picked":"Body Slam","floor":18.0},{"not_picked":["Wild Strike+1","Anger","Clothesline"],"picked":"SKIP","floor":21.0},{"not_picked":["Thunderclap","Cleave"],"picked":"Corruption","floor":25.0},{"not_picked":["Bloodletting","Heavy Blade"],"picked":"Shrug It Off","floor":27.0},{"not_picked":["Flex+1","Clash"],"picked":"Pummel","floor":30.0},{"not_picked":["Sever Soul+1","Iron Wave"],"picked":"Metallicize","floor":31.0},{"not_picked":["Fiend Fire","Bludgeon"],"picked":"Exhume+1","floor":33.0},{"not_picked":["Thunderclap+1","Wild Strike","Hemokinesis+1"],"picked":"SKIP","floor":35.0},{"not_picked":["Perfected Strike","Pummel+1","Clash"],"picked":"SKIP","floor":36.0},{"not_picked":["Armaments+1","Shrug It Off+1"],"picked":"True Grit+1","floor":38.0},{"not_picked":["Wild Strike","Ghostly Armor+1"],"picked":"Sentinel+1","floor":40.0},{"not_picked":["Perfected Strike","Metallicize+1","Twin Strike"],"picked":"Limit Break+1","floor":44.0},{"not_picked":["Searing Blow","Iron Wave","Headbutt"],"picked":"Armaments+1","floor":45.0},{"not_picked":["Thunderclap+1","Perfected Strike+1","Body Slam"],"picked":"Shrug It Off+1","floor":46.0},{"not_picked":["Juggernaut","Rupture+1","Twin Strike","Dual Wield+1"],"picked":"SKIP","floor":48.0},{"not_picked":["Flame Barrier+1","Double Tap+1","Armaments+1"],"picked":"Flex+1","floor":55.0}],"player_experience":562533,"relics_obtained":[{"floor":6.0,"key":"Oddly Smooth Stone"},{"floor":8.0,"key":"Paper Frog"},{"floor":9.0,"key":"Smiling Mask"},{"floor":12.0,"key":"Potion Belt"},{"floor":14.0,"key":"Vajra"},{"floor":26.0,"key":"Bag of Marbles"},{"floor":27.0,"key":"Meat on the Bone"},{"floor":40.0,"key":"Question Card"},{"floor":46.0,"key":"Pen Nib"},{"floor":55.0,"key":"Centennial Puzzle"}],"event_choices":[{"damage_healed":0.0,"max_hp_gain":0.0,"max_hp_loss":0.0,"gold_gain":75.0,"event_name":"World of Goop","player_choice":"Gather Gold","floor":3.0,"gold_loss":0.0,"damage_taken":11.0},{"damage_healed":0.0,"max_hp_gain":0.0,"max_hp_loss":0.0,"gold_gain":150.0,"event_name":"Liars Game","player_choice":"AGREE","floor":5.0,"gold_loss":0.0,"damage_taken":0.0,"cards_obtained":["Doubt"]},{"cards_removed":["Doubt"],"damage_healed":0.0,"max_hp_gain":0.0,"max_hp_loss":0.0,"gold_gain":0.0,"event_name":"Living Wall","player_choice":"Forget","floor":13.0,"gold_loss":0.0,"damage_taken":0.0},{"damage_healed":0.0,"max_hp_gain":0.0,"max_hp_loss":0.0,"gold_gain":0.0,"event_name":"Match and Keep!","player_choice":"1 cards matched","floor":19.0,"gold_loss":0.0,"damage_taken":0.0,"cards_obtained":["Double Tap"]},{"damage_healed":0.0,"max_hp_gain":0.0,"max_hp_loss":0.0,"gold_gain":0.0,"event_name":"Ghosts","player_choice":"Ignored","floor":22.0,"gold_loss":0.0,"damage_taken":0.0},{"damage_healed":0.0,"max_hp_gain":0.0,"max_hp_loss":0.0,"gold_gain":0.0,"event_name":"The Library","player_choice":"Read","floor":24.0,"gold_loss":0.0,"damage_taken":0.0,"cards_obtained":["Shrug It Off"]},{"damage_healed":0.0,"max_hp_gain":0.0,"max_hp_loss":0.0,"gold_gain":0.0,"event_name":"Knowing Skull","player_choice":"CARD ","floor":28.0,"potions_obtained":[],"gold_loss":0.0,"damage_taken":14.0,"cards_obtained":["Jack Of All Trades"]},{"damage_healed":0.0,"max_hp_gain":0.0,"max_hp_loss":0.0,"gold_gain":0.0,"cards_transformed":["Perfected Strike"],"event_name":"Transmorgrifier","player_choice":"Transformed","floor":39.0,"gold_loss":0.0,"damage_taken":0.0,"cards_obtained":["Bloodletting"]},{"cards_removed":["Double Tap"],"damage_healed":20.0,"max_hp_gain":10.0,"max_hp_loss":0.0,"gold_gain":0.0,"event_name":"Bonfire Elementals","player_choice":"Offered Rare","floor":47.0,"gold_loss":0.0,"damage_taken":0.0}],"is_beta":false,"boss_relics":[{"not_picked":["Snecko Eye","Runic Cube"],"picked":"Pandora\u0027s Box"},{"not_picked":["Eternal Feather","Busted Crown"],"picked":"Lizard Tail"}],"items_purged_floors":[29],"is_endless":false,"potions_floor_spawned":[4,7,11,12,14,25,27,40,44,45],"ascension_level":20}