{"gold_per_floor":[116,132,132,132,132,175,198,236,259,61,86,99,135,149,149,149],"floor_reached":16,"playtime":632,"items_purged":["Strike_R"],"score":294,"play_id":"db688fe2-7abb-4798-bab6-449886b559a6","local_time":"20181105023648","is_ascension_mode":true,"campfire_choices":[{"data":"Disarm","floor":15,"key":"SMITH"}],"neow_cost":"NONE","seed_source_timestamp":641105032652948,"circlet_count":0,"master_deck":["Strike_R","Strike_R","Strike_R+1","Defend_R","Defend_R","Defend_R","Defend_R","Bash","AscendersBane","Pommel Strike+1","Havoc","Bloodletting","Immolate","Clothesline","Ghostly Armor","Metallicize","Battle Trance","Shrug It Off","Disarm+1","Impervious","Evolve"],"relics":["Burning Blood","NeowsBlessing","Golden Idol","Anchor","Pen Nib","Vajra","Smiling Mask"],"potions_floor_usage":[12,16,16],"damage_taken":[{"damage":0,"enemies":"2 Louse","floor":1,"turns":2},{"damage":0,"enemies":"Jaw Worm","floor":2,"turns":1},{"damage":0,"enemies":"3 Sentries","floor":6,"turns":2},{"damage":0,"enemies":"Small Slimes","floor":7,"turns":2},{"damage":24,"enemies":"Gremlin Nob","floor":8,"turns":4},{"damage":0,"enemies":"Looter","floor":11,"turns":3},{"damage":2,"enemies":"Blue Slaver","floor":12,"turns":6},{"damage":27,"enemies":"Lagavulin","floor":13,"turns":10},{"damage":6,"enemies":"Gremlin Gang","floor":14,"turns":4},{"damage":29,"enemies":"Hexaghost","floor":16,"turns":14}],"seed_played":"-5535388619158700066","potions_obtained":[{"floor":1,"key":"Regen Potion"},{"floor":2,"key":"Dexterity Potion"},{"floor":13,"key":"AttackPotion"}],"is_trial":false,"path_per_floor":["M","M","?","?","?","E","M","E","T","$","M","M","E","M","R","B"],"character_chosen":"IRONCLAD","items_purchased":["Metallicize","Battle Trance"],"campfire_rested":0,"item_purchase_floors":[10,10],"current_hp_per_floor":[74,75,75,49,26,32,38,20,20,20,26,45,24,24,24,0],"gold":149,"neow_bonus":"THREE_ENEMY_KILL","is_prod":false,"is_daily":false,"chose_seed":false,"campfire_upgraded":1,"win_rate":0,"timestamp":1541403408,"path_taken":["M","M","?","?","?","E","M","E","T","$","M","M","E","M","R","BOSS"],"build_version":"2018-10-30","purchased_purges":1,"victory":false,"max_hp_per_floor":[75,75,75,75,75,75,75,75,75,75,75,75,75,75,75,75],"card_choices":[{"not_picked":["Flex","Blood for Blood"],"picked":"Pommel Strike","floor":1},{"not_picked":["Flex","Body Slam"],"picked":"Havoc","floor":2},{"not_picked":["True Grit","Armaments"],"picked":"Immolate","floor":6},{"not_picked":["Anger","Sword Boomerang"],"picked":"Clothesline","floor":7},{"not_picked":["Fire Breathing","Spot Weakness"],"picked":"Ghostly Armor","floor":8},{"not_picked":["Flex","Armaments"],"picked":"Shrug It Off","floor":11},{"not_picked":["Headbutt","Dropkick"],"picked":"Disarm","floor":12},{"not_picked":["Clothesline","Havoc"],"picked":"Impervious","floor":13},{"not_picked":["Wild Strike","Burning Pact"],"picked":"Evolve","floor":14}],"player_experience":919246,"relics_obtained":[{"floor":6,"key":"Anchor"},{"floor":8,"key":"Pen Nib"},{"floor":9,"key":"Vajra"},{"floor":13,"key":"Smiling Mask"}],"event_choices":[{"damage_healed":0,"gold_gain":0,"cards_transformed":["Strike_R"],"player_choice":"Change","damage_taken":0,"max_hp_gain":0,"max_hp_loss":0,"event_name":"Living Wall","floor":3,"gold_loss":0,"cards_obtained":["Bloodletting"]},{"damage_healed":0,"gold_gain":0,"player_choice":"Take Damage","damage_taken":26,"relics_obtained":["Golden Idol"],"max_hp_gain":0,"max_hp_loss":0,"event_name":"Golden Idol","floor":4,"gold_loss":0},{"damage_healed":0,"gold_gain":0,"player_choice":"Entered Light","damage_taken":23,"max_hp_gain":0,"max_hp_loss":0,"event_name":"Shining Light","floor":5,"gold_loss":0,"cards_upgraded":["Strike_R","Pommel Strike"]}],"is_beta":true,"boss_relics":[],"items_purged_floors":[10],"is_endless":false,"potions_floor_spawned":[1,2,13],"killed_by":"Hexaghost","ascension_level":20}