{"gold_per_floor":[116,131,150,100,116,116,145,145,145,201,230,12,12,28,28,129,129,142,142,160,160,75,75,100,100,100,100,128,138,170,188,188,283,283,302,302,316,335,15,49,49,49,49,81,81,107,107,107,107,107],"floor_reached":51,"playtime":2210,"items_purged":["Strike_B","Defend_B"],"score":1300,"play_id":"c148ba63-9bb3-4c1f-9810-9ee22fe8c5ab","local_time":"20190119135546","is_ascension_mode":true,"campfire_choices":[{"floor":6,"key":"DIG"},{"floor":8,"key":"DIG"},{"floor":13,"key":"DIG"},{"floor":15,"key":"DIG"},{"floor":23,"key":"DIG"},{"data":"Self Repair","floor":25,"key":"SMITH"},{"floor":27,"key":"DIG"},{"floor":32,"key":"DIG"},{"data":"Storm","floor":41,"key":"SMITH"},{"floor":45,"key":"DIG"},{"floor":47,"key":"DIG"},{"floor":49,"key":"DIG"}],"neow_cost":"TEN_PERCENT_HP_LOSS","seed_source_timestamp":502288685141246,"circlet_count":0,"master_deck":["AscendersBane","Strike_B+1","Strike_B+1","Defend_B+1","Defend_B+1","Defend_B+1","Zap+1","Dualcast+1","Self Repair+1","Conserve Battery+1","Gash+1","Streamline+1","Coolheaded+1","Gash+1","Leap+1","Electrodynamics+1","Genetic Algorithm+1","Undo+1","Gash+1","FTL+1","Steam+1","Force Field+1","Seek+1","Biased Cognition+1","BootSequence+1","Biased Cognition+1","Reprogram+1","Loop+1","Storm+1","FTL+1","Double Energy+1","Defragment+1"],"relics":["Cracked Core","Shovel","War Paint","Peace Pipe","Orichalcum","Bottled Tornado","Bronze Scales","DataDisk","Bag of Marbles","Dream Catcher","Coffee Dripper","Ornamental Fan","PreservedInsect","Question Card","Dodecahedron","Gremlin Horn","Meat on the Bone","Anchor","Du-Vu Doll","Bottled Flame","Eternal Feather","Vajra","Matryoshka","Symbiotic Virus","Unceasing Top","Mercury Hourglass","Kunai","Gambling Chip","Boot","Mark of the Bloom","Happy Flower"],"potions_floor_usage":[5,11,11,18,33,50],"damage_taken":[{"damage":19,"enemies":"Small Slimes","floor":1,"turns":4},{"damage":0,"enemies":"2 Louse","floor":2,"turns":1},{"damage":1,"enemies":"Cultist","floor":3,"turns":4},{"damage":1,"enemies":"Looter","floor":5,"turns":4},{"damage":45,"enemies":"3 Sentries","floor":7,"turns":8},{"damage":13,"enemies":"Lagavulin","floor":11,"turns":5},{"damage":7,"enemies":"Large Slime","floor":14,"turns":5},{"damage":19,"enemies":"Hexaghost","floor":16,"turns":11},{"damage":0,"enemies":"3 Byrds","floor":18,"turns":1},{"damage":9,"enemies":"2 Thieves","floor":20,"turns":3},{"damage":9,"enemies":"Gremlin Leader","floor":24,"turns":6},{"damage":30,"enemies":"Slavers","floor":28,"turns":4},{"damage":5,"enemies":"3 Cultists","floor":29,"turns":3},{"damage":12,"enemies":"Book of Stabbing","floor":30,"turns":4},{"damage":0,"enemies":"Shelled Parasite and Fungi","floor":31,"turns":6},{"damage":43,"enemies":"Collector","floor":33,"turns":12},{"damage":9,"enemies":"Orb Walker","floor":35,"turns":4},{"damage":1,"enemies":"3 Shapes","floor":37,"turns":2},{"damage":12,"enemies":"Writhing Mass","floor":38,"turns":5},{"damage":35,"enemies":"Nemesis","floor":40,"turns":7},{"damage":0,"enemies":"Reptomancer","floor":44,"turns":2},{"damage":2,"enemies":"Nemesis","floor":46,"turns":5},{"damage":25,"enemies":"Time Eater","floor":50,"turns":6}],"seed_played":"1266523136411024332","potions_obtained":[{"floor":1,"key":"Poison Potion"},{"floor":5,"key":"Fruit Juice"},{"floor":7,"key":"FearPotion"},{"floor":14,"key":"SteroidPotion"},{"floor":16,"key":"Swift Potion"},{"floor":20,"key":"Swift Potion"},{"floor":30,"key":"EssenceOfSteel"},{"floor":33,"key":"SpeedPotion"}],"is_trial":false,"path_per_floor":["M","M","M","?","M","R","E","R","T","?","E","$","R","M","R","B",null,"M","?","M","?","?","R","E","R","T","R","E","M","E","M","R","B",null,"M","?","M","M","$","E","R","$","T","E","R","E","R","?","R","B",null],"character_chosen":"DEFECT","items_purchased":["DataDisk","Storm","Vajra"],"campfire_rested":0,"item_purchase_floors":[12,39,39],"current_hp_per_floor":[49,49,55,55,66,66,28,28,28,28,22,22,22,22,22,10,57,64,64,55,55,55,55,53,53,53,53,35,52,50,60,60,39,65,66,66,73,71,71,58,73,73,73,73,73,73,73,73,73,48],"gold":107,"neow_bonus":"ONE_RARE_RELIC","is_prod":false,"is_daily":false,"chose_seed":false,"campfire_upgraded":2,"win_rate":0,"timestamp":1547927746,"path_taken":["M","M","M","?","M","R","E","R","T","?","E","$","R","M","R","BOSS","M","?","M","?","?","R","E","R","T","R","E","M","E","M","R","BOSS","M","?","M","M","$","E","R","?","T","E","R","E","R","?","R","BOSS"],"build_version":"2019-01-17v2","purchased_purges":2,"victory":true,"max_hp_per_floor":[68,68,68,68,73,73,73,73,73,73,73,73,73,73,73,73,73,73,73,73,73,73,73,73,73,73,73,73,73,73,73,73,73,73,73,73,73,73,73,73,73,73,73,73,73,73,73,73,73,73],"card_choices":[{"not_picked":["Undo","Rebound"],"picked":"Self Repair","floor":1},{"not_picked":["Aggregate","Stack"],"picked":"Conserve Battery","floor":2},{"not_picked":["Conserve Battery","Skim"],"picked":"Gash","floor":3},{"not_picked":["Barrage","Turbo"],"picked":"Streamline","floor":5},{"not_picked":["Ball Lightning","All For One"],"picked":"Coolheaded","floor":7},{"not_picked":["Steam","Compile Driver"],"picked":"Gash","floor":11},{"not_picked":["Stack","Conserve Battery"],"picked":"Leap","floor":14},{"not_picked":["Buffer","Creative AI"],"picked":"Electrodynamics","floor":16},{"not_picked":["Barrage+1","Fusion"],"picked":"Genetic Algorithm","floor":18},{"not_picked":["Cold Snap+1","Beam Cell"],"picked":"Undo","floor":20},{"not_picked":["Doom and Gloom+1","Go for the Eyes","Conserve Battery"],"picked":"Gash","floor":24},{"not_picked":["Go for the Eyes","BootSequence","Compile Driver"],"picked":"FTL+1","floor":28},{"not_picked":["Chaos","Sweeping Beam","Redo+1"],"picked":"Steam","floor":29},{"not_picked":["Compile Driver","Loop","Tempest"],"picked":"Force Field+1","floor":30},{"not_picked":["Rebound","BootSequence","Fusion+1"],"picked":"Seek","floor":31},{"not_picked":["Hyperbeam","Electrodynamics","Fission"],"picked":"Biased Cognition","floor":33},{"not_picked":["Compile Driver+1","Hello World+1","Go for the Eyes"],"picked":"BootSequence+1","floor":35},{"not_picked":["Rebound","Ball Lightning+1","Compile Driver+1"],"picked":"Reprogram+1","floor":37},{"not_picked":["Blizzard+1","Redo","Reinforced Body+1"],"picked":"Loop","floor":38},{"not_picked":["Melter","BootSequence","Redo"],"picked":"FTL+1","floor":40},{"not_picked":["Reprogram","Sweeping Beam","Coolheaded"],"picked":"Double Energy+1","floor":44},{"not_picked":["All For One","Steam+1","Chaos"],"picked":"Defragment+1","floor":46}],"player_experience":465184,"relics_obtained":[{"floor":6,"key":"War Paint"},{"floor":7,"key":"Peace Pipe"},{"floor":8,"key":"Orichalcum"},{"floor":9,"key":"Bottled Tornado"},{"floor":11,"key":"Bronze Scales"},{"floor":13,"key":"Bag of Marbles"},{"floor":15,"key":"Dream Catcher"},{"floor":23,"key":"Question Card"},{"floor":24,"key":"Dodecahedron"},{"floor":26,"key":"Gremlin Horn"},{"floor":27,"key":"Meat on the Bone"},{"floor":28,"key":"Anchor"},{"floor":30,"key":"Du-Vu Doll"},{"floor":32,"key":"Bottled Flame"},{"floor":40,"key":"Matryoshka"},{"floor":43,"key":"Symbiotic Virus"},{"floor":43,"key":"Unceasing Top"},{"floor":44,"key":"Mercury Hourglass"},{"floor":45,"key":"Kunai"},{"floor":46,"key":"Gambling Chip"},{"floor":47,"key":"Boot"},{"floor":49,"key":"Happy Flower"}],"event_choices":[{"cards_removed":["Strike_B"],"damage_healed":0,"gold_gain":0,"player_choice":"Card Removal","damage_taken":0,"max_hp_gain":0,"max_hp_loss":0,"event_name":"The Cleric","floor":4,"gold_loss":50},{"damage_healed":0,"gold_gain":56,"player_choice":"Gained Gold","damage_taken":0,"max_hp_gain":0,"max_hp_loss":0,"event_name":"Golden Wing","floor":10,"gold_loss":0},{"damage_healed":0,"gold_gain":0,"player_choice":"Opened","damage_taken":0,"relics_obtained":["Ornamental Fan"],"max_hp_gain":0,"max_hp_loss":0,"event_name":"The Mausoleum","floor":19,"gold_loss":0,"cards_obtained":["Writhe"]},{"cards_removed":["Writhe"],"damage_healed":0,"gold_gain":0,"player_choice":"Elegance","damage_taken":0,"max_hp_gain":0,"max_hp_loss":0,"event_name":"Back to Basics","floor":21,"gold_loss":0},{"damage_healed":0,"gold_gain":0,"player_choice":"Obtained Relic","damage_taken":0,"relics_obtained":["PreservedInsect"],"max_hp_gain":0,"max_hp_loss":0,"event_name":"Addict","floor":22,"gold_loss":85},{"damage_healed":0,"gold_gain":0,"player_choice":"Copied","damage_taken":0,"max_hp_gain":0,"max_hp_loss":0,"event_name":"Duplicator","floor":36,"gold_loss":0,"cards_obtained":["Biased Cognition"]},{"damage_healed":0,"gold_gain":0,"player_choice":"Upgrade","damage_taken":0,"relics_obtained":["Mark of the Bloom"],"max_hp_gain":0,"max_hp_loss":0,"event_name":"MindBloom","floor":48,"gold_loss":0,"cards_upgraded":["Strike_B","Strike_B","Defend_B","Defend_B","Zap","Conserve Battery","Gash","Streamline","Coolheaded","Gash","Leap","Electrodynamics","Genetic Algorithm","Undo","Gash","Steam","Seek","Biased Cognition","Biased Cognition","Loop"]}],"is_beta":false,"boss_relics":[{"not_picked":["Philosopher\u0027s Stone","Cursed Key"],"picked":"Coffee Dripper"},{"not_picked":["Snecko Eye","Orrery"],"picked":"Eternal Feather"}],"items_purged_floors":[12,39],"is_endless":false,"potions_floor_spawned":[1,5,7,14,16,20,30,33,35,37,40],"ascension_level":11}