{"gold_per_floor":[116,116,134,148,162,162,182,214,238,238,255,283,283,303,303,401,401,416,15,15,115,214,214,18,18,18,28,38,70,70,84,84,180,180,194,247,347,61,80,80,80,113,187,187,199,199,534,28,28,28,28,28,28,28],"floor_reached":54,"playtime":2608,"items_purged":["Defend_B","Redo","Writhe"],"score":953,"play_id":"af83fbdb-e7c8-4598-b290-8ff4749a899d","local_time":"20190130142238","is_ascension_mode":true,"campfire_choices":[{"data":"Beam Cell","floor":6,"key":"SMITH"},{"data":"Dualcast","floor":10,"key":"SMITH"},{"data":"Consume","floor":13,"key":"SMITH"},{"data":"Go for the Eyes","floor":15,"key":"SMITH"},{"data":"Buffer","floor":23,"key":"SMITH"},{"data":"Coolheaded","floor":25,"key":"SMITH"},{"floor":30,"key":"REST"},{"data":"Glacier","floor":32,"key":"SMITH"},{"floor":40,"key":"REST"},{"floor":49,"key":"RECALL"},{"data":"Loop","floor":52,"key":"SMITH"}],"neow_cost":"NONE","seed_source_timestamp":20878976444096,"circlet_count":0,"master_deck":["Zap+1","Dualcast+1","Cold Snap","Melter","Beam Cell+1","Compile Driver","Glacier+1","Conserve Battery","Consume+1","Go for the Eyes+1","Buffer+1","Steam","Cold Snap","Coolheaded+1","Barrage+1","Compile Driver+1","Biased Cognition","Force Field","Electrodynamics","Buffer","Redo","Cold Snap","Auto Shields","Storm+1","Scrape+1","BootSequence","Defragment","Bandage Up","Discovery","Secret Weapon","Amplify","Seek","Loop+1"],"relics":["Cracked Core","Smiling Mask","Cables","Bag of Preparation","Runic Pyramid","Ice Cream","MutagenicStrength","Turnip","Kunai","Runic Capacitor","Unceasing Top","Bronze Scales","Pandora\u0027s Box","Dead Branch","Anchor","Art of War","Pantograph","Letter Opener","Old Coin","Gambling Chip"],"potions_floor_usage":[5,8,12,27,29,35,42,45,54,54],"damage_taken":[{"damage":1,"enemies":"Cultist","floor":1,"turns":4},{"damage":0,"enemies":"Jaw Worm","floor":3,"turns":4},{"damage":5,"enemies":"Small Slimes","floor":4,"turns":3},{"damage":0,"enemies":"2 Fungi Beasts","floor":5,"turns":2},{"damage":3,"enemies":"Blue Slaver","floor":7,"turns":2},{"damage":8,"enemies":"Lagavulin","floor":8,"turns":5},{"damage":0,"enemies":"Looter","floor":11,"turns":2},{"damage":14,"enemies":"Gremlin Nob","floor":12,"turns":3},{"damage":0,"enemies":"Exordium Thugs","floor":14,"turns":3},{"damage":0,"enemies":"The Guardian","floor":16,"turns":12},{"damage":0,"enemies":"Spheric Guardian","floor":18,"turns":3},{"damage":1,"enemies":"Colosseum Slavers","floor":21,"turns":5},{"damage":0,"enemies":"Colosseum Nobs","floor":21,"turns":7},{"damage":11,"enemies":"2 Thieves","floor":27,"turns":3},{"damage":0,"enemies":"3 Cultists","floor":28,"turns":6},{"damage":22,"enemies":"Slavers","floor":29,"turns":9},{"damage":3,"enemies":"Chosen and Byrds","floor":31,"turns":4},{"damage":12,"enemies":"Automaton","floor":33,"turns":13},{"damage":17,"enemies":"3 Shapes","floor":35,"turns":4},{"damage":27,"enemies":"2 Orb Walkers","floor":36,"turns":5},{"damage":0,"enemies":"Orb Walker","floor":39,"turns":3},{"damage":23,"enemies":"Nemesis","floor":42,"turns":7},{"damage":0,"enemies":"Sphere and 2 Shapes","floor":45,"turns":3},{"damage":0,"enemies":"Giant Head","floor":47,"turns":8},{"damage":21,"enemies":"Donu and Deca","floor":50,"turns":7},{"damage":82,"enemies":"Shield and Spear","floor":54,"turns":5}],"seed_played":"8024973672671677091","potions_obtained":[{"floor":1,"key":"Explosive Potion"},{"floor":3,"key":"Poison Potion"},{"floor":5,"key":"Fire Potion"},{"floor":11,"key":"Regen Potion"},{"floor":12,"key":"Explosive Potion"},{"floor":21,"key":"Dexterity Potion"},{"floor":31,"key":"AttackPotion"},{"floor":33,"key":"Weak Potion"},{"floor":35,"key":"FearPotion"},{"floor":36,"key":"Regen Potion"},{"floor":42,"key":"Explosive Potion"}],"is_trial":false,"path_per_floor":["M","?","M","M","M","R","M","E","T","R","M","E","R","M","R","B",null,"M","$","?","?","?","R","$","R","T","M","M","E","R","M","R","B",null,"M","?","?","$","M","R","?","E","T","?","M","T","E","$","R","B",null,"R","$","E"],"character_chosen":"DEFECT","items_purchased":["Ice Cream","Cold Snap","Runic Capacitor","BootSequence","Anchor","Gambling Chip","Seek","Loop"],"campfire_rested":2,"item_purchase_floors":[19,19,24,38,38,48,48,48],"current_hp_per_floor":[74,74,74,69,69,69,66,58,58,58,58,53,53,53,53,53,75,75,75,75,74,74,74,74,74,74,63,63,41,63,60,60,48,75,58,31,31,31,31,53,43,38,38,57,61,61,65,65,65,58,75,75,75,0],"gold":28,"neow_bonus":"RANDOM_COMMON_RELIC","is_prod":false,"is_daily":false,"chose_seed":false,"campfire_upgraded":8,"win_rate":0,"timestamp":1548854558,"path_taken":["M","?","M","M","M","R","M","E","T","R","M","E","R","M","R","BOSS","M","$","?","?","?","R","?","R","T","M","M","E","R","?","R","BOSS","M","?","?","$","?","R","?","E","T","?","?","?","E","?","R","BOSS","R","$","E"],"build_version":"2019-01-23","purchased_purges":3,"victory":false,"max_hp_per_floor":[75,75,75,75,75,75,75,75,75,75,75,75,75,75,75,75,75,75,75,75,75,75,75,75,75,75,75,75,75,75,75,75,75,75,75,75,75,75,75,75,75,75,75,75,75,75,75,75,75,75,75,75,75,75],"card_choices":[{"not_picked":["Reinforced Body","Gash"],"picked":"Cold Snap","floor":1},{"not_picked":["Redo","Turbo"],"picked":"Melter","floor":3},{"not_picked":["Melter","Stack"],"picked":"Beam Cell","floor":4},{"not_picked":["Hologram","Sweeping Beam"],"picked":"Compile Driver","floor":5},{"not_picked":["Echo Form","Auto Shields"],"picked":"Glacier","floor":7},{"not_picked":["Hyperbeam","Undo"],"picked":"Conserve Battery","floor":8},{"not_picked":["Leap","Streamline"],"picked":"Consume","floor":11},{"not_picked":["Storm","Melter","Streamline"],"picked":"SKIP","floor":12},{"not_picked":["Conserve Battery","Consume"],"picked":"Go for the Eyes","floor":14},{"not_picked":["Thunder Strike","Echo Form"],"picked":"Buffer","floor":16},{"not_picked":["Blizzard+1","Double Energy"],"picked":"Steam","floor":18},{"not_picked":["Hello World","Force Field+1"],"picked":"Coolheaded","floor":21},{"not_picked":["Cold Snap","Capacitor","Genetic Algorithm"],"picked":"SKIP","floor":27},{"not_picked":["Scrape","Go for the Eyes"],"picked":"Barrage+1","floor":28},{"not_picked":["Coolheaded","Skim","Beam Cell"],"picked":"SKIP","floor":29},{"not_picked":["Undo","Streamline"],"picked":"Compile Driver+1","floor":31},{"not_picked":["Machine Learning","Rainbow"],"picked":"Biased Cognition","floor":33},{"not_picked":["Leap","Reinforced Body"],"picked":"Storm+1","floor":35},{"not_picked":["Undo+1","Conserve Battery+1"],"picked":"Scrape+1","floor":36},{"not_picked":["Conserve Battery+1","Storm+1"],"picked":"Defragment","floor":39},{"not_picked":["Madness","Magnetism"],"picked":"Bandage Up","floor":41},{"not_picked":["Deep Breath","Trip"],"picked":"Discovery","floor":41},{"not_picked":["Enlightenment","Magnetism"],"picked":"Secret Weapon","floor":41},{"not_picked":["Chaos","Steam Power+1","Leap+1"],"picked":"SKIP","floor":42},{"not_picked":["Cold Snap","Conserve Battery+1","Aggregate"],"picked":"SKIP","floor":45},{"not_picked":["Amplify","Gash","Streamline"],"picked":"SKIP","floor":47},{"not_picked":["Gash","Streamline"],"picked":"Amplify","floor":47}],"player_experience":216739,"relics_obtained":[{"floor":8,"key":"Cables"},{"floor":12,"key":"Bag of Preparation"},{"floor":21,"key":"Turnip"},{"floor":21,"key":"Kunai"},{"floor":26,"key":"Unceasing Top"},{"floor":29,"key":"Bronze Scales"},{"floor":36,"key":"Dead Branch"},{"floor":42,"key":"Art of War"},{"floor":43,"key":"Pantograph"},{"floor":46,"key":"Letter Opener"},{"floor":47,"key":"Old Coin"}],"event_choices":[{"damage_healed":0,"gold_gain":0,"player_choice":"Grow","damage_taken":0,"max_hp_gain":0,"max_hp_loss":0,"event_name":"Living Wall","floor":2,"gold_loss":0,"cards_upgraded":["Zap"]},{"damage_healed":0,"gold_gain":0,"player_choice":"Inject Mutagens","damage_taken":0,"relics_obtained":["MutagenicStrength"],"max_hp_gain":0,"max_hp_loss":0,"event_name":"Drug Dealer","floor":20,"gold_loss":0},{"damage_healed":0,"gold_gain":0,"player_choice":"Fight","damage_taken":0,"max_hp_gain":0,"max_hp_loss":0,"event_name":"Colosseum","floor":21,"gold_loss":0},{"damage_healed":0,"gold_gain":0,"player_choice":"Fought Nobs","damage_taken":0,"max_hp_gain":0,"max_hp_loss":0,"event_name":"Colosseum","floor":21,"gold_loss":0},{"damage_healed":0,"gold_gain":99,"player_choice":"Stole From Cult","damage_taken":0,"max_hp_gain":0,"max_hp_loss":0,"event_name":"Nest","floor":22,"gold_loss":0},{"damage_healed":0,"gold_gain":0,"player_choice":"Fight","damage_taken":0,"max_hp_gain":0,"max_hp_loss":0,"event_name":"Mysterious Sphere","floor":36,"gold_loss":0},{"damage_healed":0,"gold_gain":100,"player_choice":"Pray","damage_taken":0,"max_hp_gain":0,"max_hp_loss":0,"event_name":"Golden Shrine","floor":37,"gold_loss":0},{"damage_healed":0,"gold_gain":0,"player_choice":"Memory 3","damage_taken":10,"max_hp_gain":0,"max_hp_loss":0,"event_name":"SensoryStone","floor":41,"gold_loss":0},{"damage_healed":19,"gold_gain":0,"player_choice":"Writhe","damage_taken":0,"max_hp_gain":0,"max_hp_loss":0,"event_name":"Winding Halls","floor":44,"gold_loss":0,"cards_obtained":["Writhe"]}],"is_beta":true,"boss_relics":[{"not_picked":["FrozenCore","Snecko Eye"],"picked":"Runic Pyramid"},{"not_picked":["White Beast Statue","Lizard Tail"],"picked":"Pandora\u0027s Box"}],"items_purged_floors":[19,38,48],"is_endless":false,"potions_floor_spawned":[1,3,5,11,12,21,21,31,33,35,36,42],"killed_by":"Shield and Spear","ascension_level":4}