{"gold_per_floor":[116,116,128,128,128,128,154,1,78,96,121,196,222,246,246,246],"floor_reached":16,"playtime":391,"items_purged":["Regret"],"score":282,"play_id":"7f1a58d8-34be-4c3b-8402-52efeaf004bf","local_time":"20181210105625","is_ascension_mode":true,"campfire_choices":[{"data":"Armaments","floor":6.0,"key":"SMITH"},{"floor":15,"key":"REST"}],"neow_cost":"NONE","seed_source_timestamp":0,"circlet_count":0,"master_deck":["AscendersBane","Strike_R","Strike_R","Strike_R+1","Strike_R+1","Strike_R","Defend_R","Defend_R","Defend_R","Bash","Armaments+1","Clash","Shrug It Off","Sever Soul","Shockwave","Havoc","Pummel","True Grit"],"special_seed":0,"relics":["Burning Blood","NeowsBlessing","PreservedInsect","Vajra","Dodecahedron","Oddly Smooth Stone","Whetstone","Odd Mushroom"],"potions_floor_usage":[],"damage_taken":[{"damage":0.0,"enemies":"2 Louse","floor":1.0,"turns":1.0},{"damage":0.0,"enemies":"Cultist","floor":3.0,"turns":1.0},{"damage":0.0,"enemies":"Gremlin Nob","floor":7.0,"turns":1.0},{"damage":7.0,"enemies":"Jaw Worm","floor":10.0,"turns":2.0},{"damage":37.0,"enemies":"3 Sentries","floor":11.0,"turns":11.0},{"damage":15.0,"enemies":"Lagavulin","floor":13.0,"turns":4.0},{"damage":7,"enemies":"The Mushroom Lair","floor":14,"turns":4},{"damage":55,"enemies":"Slime Boss","floor":16,"turns":7}],"seed_played":"8314091298441373783","potions_obtained":[{"floor":7.0,"key":"SkillPotion"},{"floor":11.0,"key":"BloodPotion"},{"floor":13.0,"key":"Weak Potion"}],"is_trial":false,"path_per_floor":["M","?","M","$","?","R","E","$","T","M","E","?","E","?","R","B"],"character_chosen":"IRONCLAD","items_purchased":["Shockwave"],"campfire_rested":1,"item_purchase_floors":[8],"current_hp_per_floor":[74,74,75,75,75,75,75,75,75,74,43,32,30,29,51,0],"gold":246,"neow_bonus":"THREE_ENEMY_KILL","is_prod":false,"is_daily":false,"chose_seed":false,"campfire_upgraded":1,"win_rate":0,"timestamp":1544464585,"path_taken":["M","?","?","$","?","R","E","$","T","M","E","?","E","?","R","BOSS"],"build_version":"2018-12-06","purchased_purges":1,"victory":false,"max_hp_per_floor":[75,75,75,75,75,75,75,75,75,75,75,75,75,75,75,75],"card_choices":[{"not_picked":["Body Slam","Rampage"],"picked":"Armaments","floor":1.0},{"not_picked":["Body Slam","Flex"],"picked":"Shrug It Off","floor":3.0},{"not_picked":["Wild Strike","Perfected Strike"],"picked":"Sever Soul","floor":7.0},{"not_picked":["Body Slam","Combust"],"picked":"Havoc","floor":10.0},{"not_picked":["Clothesline","Twin Strike","Spot Weakness"],"picked":"SKIP","floor":11.0},{"not_picked":["Havoc","Searing Blow"],"picked":"Pummel","floor":13.0},{"not_picked":["Reckless Charge","Warcry"],"picked":"True Grit","floor":14}],"player_experience":580439,"relics_obtained":[{"floor":7.0,"key":"Vajra"},{"floor":9.0,"key":"Dodecahedron"},{"floor":11.0,"key":"Oddly Smooth Stone"},{"floor":13.0,"key":"Whetstone"},{"floor":14,"key":"Odd Mushroom"}],"event_choices":[{"damage_healed":0.0,"max_hp_gain":0.0,"max_hp_loss":0.0,"gold_gain":0.0,"cards_transformed":["Defend_R"],"event_name":"Transmorgrifier","player_choice":"Transformed","floor":2.0,"gold_loss":0.0,"damage_taken":0.0,"cards_obtained":["Clash"]},{"damage_healed":0.0,"max_hp_gain":0.0,"max_hp_loss":0.0,"gold_gain":0.0,"event_name":"Big Fish","player_choice":"Box","floor":5.0,"gold_loss":0.0,"damage_taken":0.0,"relics_obtained":["PreservedInsect"],"cards_obtained":["Regret"]},{"damage_healed":0.0,"max_hp_gain":0.0,"max_hp_loss":0.0,"gold_gain":75.0,"event_name":"World of Goop","player_choice":"Gather Gold","floor":12.0,"gold_loss":0.0,"damage_taken":11.0},{"damage_healed":0,"gold_gain":0,"player_choice":"Fought Mushrooms","damage_taken":0,"max_hp_gain":0,"max_hp_loss":0,"event_name":"Mushrooms","floor":14,"gold_loss":0}],"is_beta":false,"boss_relics":[],"items_purged_floors":[8],"is_endless":false,"potions_floor_spawned":[7,11,13],"killed_by":"Slime Boss","ascension_level":20}