{"gold_per_floor":[119,131,144,156,167,167,182,182,264,290,310,323,351,351,351,448,448,461,478,478,204,221,247,247,282,282,32,65,76,76,88,88,183,183,203,2,12,29,29,54,54,73,96,196,196,196,18,49,49,49,49,49,1,30,30],"floor_reached":55,"playtime":4369,"items_purged":["Strike_B","Strike_B","Strike_B"],"score":1006,"play_id":"a6012f97-ed22-4757-8299-26d16501da8e","local_time":"20190104032831","is_ascension_mode":true,"campfire_choices":[{"data":"Go for the Eyes","floor":6.0,"key":"SMITH"},{"floor":8.0,"key":"REST"},{"floor":15.0,"key":"RECALL"},{"floor":24.0,"key":"REST"},{"floor":30.0,"key":"REST"},{"floor":32.0,"key":"REST"},{"floor":41.0,"key":"REST"},{"data":"Creative AI","floor":45.0,"key":"SMITH"},{"data":"Defragment","floor":49.0,"key":"SMITH"},{"data":"Capacitor","floor":52,"key":"SMITH"}],"neow_cost":"NONE","seed_source_timestamp":1405575188412986,"circlet_count":0,"master_deck":["Strike_B","Defend_B","Defend_B","Defend_B","Defend_B","Zap+1","Dualcast","Cold Snap","Go for the Eyes","Coolheaded","FTL","Go for the Eyes+1","Capacitor+1","FTL+1","Coolheaded","Gash+1","Beam Cell+1","Echo Form+1","Steam","Cold Snap+1","Storm","Gash+1","Defragment+1","White Noise+1","Leap+1","Gash+1","Creative AI+1","Hologram+1","Chill+1","Go for the Eyes+1","Scrape+1"],"special_seed":0,"relics":["Cracked Core","Vajra","Molten Egg 2","Happy Flower","Calipers","Eternal Feather","Bag of Marbles","PreservedInsect","Lantern","Toxic Egg 2","Oddly Smooth Stone","Singing Bowl","Lizard Tail","WingedGreaves","StoneCalendar","Emotion Chip","Anchor"],"potions_floor_usage":[50,55,55],"damage_taken":[{"damage":3.0,"enemies":"2 Louse","floor":1.0,"turns":2.0},{"damage":0.0,"enemies":"Cultist","floor":2.0,"turns":3.0},{"damage":3.0,"enemies":"Small Slimes","floor":3.0,"turns":3.0},{"damage":0.0,"enemies":"Red Slaver","floor":4.0,"turns":3.0},{"damage":6.0,"enemies":"Exordium Wildlife","floor":5.0,"turns":3.0},{"damage":9.0,"enemies":"2 Fungi Beasts","floor":7.0,"turns":3.0},{"damage":21.0,"enemies":"Lagavulin","floor":10.0,"turns":7.0},{"damage":5.0,"enemies":"3 Louse","floor":11.0,"turns":5.0},{"damage":0.0,"enemies":"Looter","floor":12.0,"turns":1.0},{"damage":8.0,"enemies":"3 Sentries","floor":13.0,"turns":5.0},{"damage":24.0,"enemies":"Hexaghost","floor":16.0,"turns":9.0},{"damage":3.0,"enemies":"Chosen","floor":18.0,"turns":3.0},{"damage":2.0,"enemies":"3 Byrds","floor":19.0,"turns":5.0},{"damage":15.0,"enemies":"Snake Plant","floor":22.0,"turns":3.0},{"damage":16.0,"enemies":"Slavers","floor":23.0,"turns":6.0},{"damage":31.0,"enemies":"Gremlin Leader","floor":25.0,"turns":7.0},{"damage":18.0,"enemies":"Book of Stabbing","floor":28.0,"turns":4.0},{"damage":5.0,"enemies":"Snecko","floor":29.0,"turns":5.0},{"damage":6.0,"enemies":"Centurion and Healer","floor":31.0,"turns":5.0},{"damage":60.0,"enemies":"Collector","floor":33.0,"turns":10.0},{"damage":10.0,"enemies":"3 Shapes","floor":35.0,"turns":6.0},{"damage":12.0,"enemies":"Orb Walker","floor":37.0,"turns":5.0},{"damage":22.0,"enemies":"Jaw Worm Horde","floor":38.0,"turns":6.0},{"damage":4.0,"enemies":"Nemesis","floor":40.0,"turns":7.0},{"damage":11.0,"enemies":"3 Darklings","floor":42.0,"turns":9.0},{"damage":0.0,"enemies":"Mind Bloom Boss Battle","floor":44.0,"turns":8.0},{"damage":0.0,"enemies":"Giant Head","floor":48.0,"turns":5.0},{"damage":43,"enemies":"Awakened One","floor":50,"turns":18},{"damage":43,"enemies":"Shield and Spear","floor":54,"turns":7},{"damage":87,"enemies":"The Heart","floor":55,"turns":5}],"seed_played":"-3806849599132435251","potions_obtained":[{"floor":1.0,"key":"AttackPotion"},{"floor":2.0,"key":"GamblersBrew"},{"floor":10.0,"key":"Regen Potion"},{"floor":12.0,"key":"Regen Potion"},{"floor":16.0,"key":"Poison Potion"},{"floor":18.0,"key":"Block Potion"},{"floor":29.0,"key":"SpeedPotion"},{"floor":31.0,"key":"Strength Potion"},{"floor":33.0,"key":"EssenceOfSteel"},{"floor":35.0,"key":"FocusPotion"},{"floor":37.0,"key":"SpeedPotion"},{"floor":54,"key":"Block Potion"}],"is_trial":false,"path_per_floor":["M","M","M","M","M","R","M","R","T","E","M","M","E","?","R","B",null,"M","M","?","$","M","E","R","E","T","$","E","M","R","M","R","B",null,"M","$","M","M","?","E","R","M","T","?","R","?","$","E","R","B",null,"R","$","E","B"],"character_chosen":"DEFECT","items_purchased":["Bag of Marbles","PowerPotion","Oddly Smooth Stone","Regen Potion","PowerPotion","EssenceOfSteel","AttackPotion","SpeedPotion"],"campfire_rested":5,"item_purchase_floors":[21,21,27,36,47,47,47,53],"current_hp_per_floor":[65,65,62,62,56,56,47,69,69,48,55,55,61,61,61,37,66,63,61,61,61,46,30,64,33,33,33,15,10,47,41,75,15,60,50,50,50,30,30,26,67,58,58,60,78,78,78,78,81,38,70,81,81,40,0],"gold":30,"neow_bonus":"RANDOM_COMMON_RELIC","is_prod":false,"is_daily":false,"chose_seed":false,"campfire_upgraded":4,"win_rate":0,"timestamp":1546590511,"path_taken":["M","M","M","M","M","R","M","R","T","E","M","M","E","?","R","BOSS","M","M","?","$","?","E","R","E","T","?","E","M","R","M","R","BOSS","M","$","M","?","?","E","R","?","T","?","R","?","$","E","R","BOSS","R","$","E","BOSS"],"build_version":"2019-01-03v3","purchased_purges":3,"victory":false,"max_hp_per_floor":[75,75,75,75,75,75,75,75,75,75,75,75,75,75,75,75,75,75,75,75,75,75,75,75,75,75,75,75,75,75,75,75,75,75,75,75,75,77,77,77,77,79,79,81,81,81,81,81,81,81,81,81,81,83,83],"card_choices":[{"not_picked":["Reinforced Body","Stack"],"picked":"Cold Snap","floor":1.0},{"not_picked":["Redo","Rebound"],"picked":"Go for the Eyes","floor":2.0},{"not_picked":["Recycle","Sweeping Beam"],"picked":"Coolheaded","floor":3.0},{"not_picked":["Hello World","Turbo"],"picked":"FTL","floor":4.0},{"not_picked":["Rip and Tear","Cold Snap"],"picked":"Go for the Eyes","floor":5.0},{"not_picked":["Steam Power","Melter"],"picked":"Capacitor","floor":7.0},{"not_picked":["Capacitor","Stack"],"picked":"FTL+1","floor":10.0},{"not_picked":["Streamline+1","Compile Driver+1"],"picked":"Coolheaded","floor":11.0},{"not_picked":["Coolheaded","Ball Lightning+1"],"picked":"Gash+1","floor":12.0},{"not_picked":["Aggregate","Undo"],"picked":"Beam Cell+1","floor":13.0},{"not_picked":["Fission","Biased Cognition"],"picked":"Echo Form","floor":16.0},{"not_picked":["Streamline+1","Melter+1"],"picked":"Steam","floor":18.0},{"not_picked":["Streamline+1","Barrage+1"],"picked":"Cold Snap+1","floor":19.0},{"not_picked":["Conserve Battery","Ball Lightning+1"],"picked":"Gash+1","floor":22.0},{"not_picked":["Darkness+1","Coolheaded","Echo Form"],"picked":"SKIP","floor":23.0},{"not_picked":["Reinforced Body","Melter+1"],"picked":"Defragment","floor":25.0},{"not_picked":["Auto Shields+1","Conserve Battery+1"],"picked":"White Noise+1","floor":28.0},{"not_picked":["Heatsinks","Stack+1"],"picked":"Leap+1","floor":29.0},{"not_picked":["Leap+1","Streamline+1"],"picked":"Gash+1","floor":31.0},{"not_picked":["Meteor Strike+1","Multi-Cast+1"],"picked":"Creative AI","floor":33.0},{"not_picked":["Turbo+1","Barrage+1"],"picked":"Hologram+1","floor":35.0},{"not_picked":["Turbo+1","Redo+1"],"picked":"Chill+1","floor":37.0},{"not_picked":["Defragment","Compile Driver+1","BootSequence+1"],"picked":"Singing Bowl","floor":38.0},{"not_picked":["Biased Cognition","Consume+1"],"picked":"Go for the Eyes+1","floor":40.0},{"not_picked":["Streamline+1","Ball Lightning+1","Rip and Tear+1"],"picked":"Singing Bowl","floor":42.0},{"not_picked":["Compile Driver+1","Turbo+1","Rebound+1"],"picked":"Singing Bowl","floor":44.0},{"not_picked":["Beam Cell+1","Cold Snap+1"],"picked":"Scrape+1","floor":48.0},{"not_picked":["Genetic Algorithm+1","Hyperbeam+1","Darkness+1"],"picked":"Singing Bowl","floor":54}],"player_experience":336120,"relics_obtained":[{"floor":9.0,"key":"Molten Egg 2"},{"floor":10.0,"key":"Happy Flower"},{"floor":13.0,"key":"Calipers"},{"floor":23.0,"key":"PreservedInsect"},{"floor":25.0,"key":"Lantern"},{"floor":26.0,"key":"Toxic Egg 2"},{"floor":28.0,"key":"Singing Bowl"},{"floor":40.0,"key":"WingedGreaves"},{"floor":44.0,"key":"StoneCalendar"},{"floor":48.0,"key":"Emotion Chip"},{"floor":54,"key":"Anchor"}],"event_choices":[{"damage_healed":0.0,"max_hp_gain":0.0,"max_hp_loss":0.0,"gold_gain":0.0,"event_name":"Accursed Blacksmith","player_choice":"Forge","floor":14.0,"gold_loss":0.0,"damage_taken":0.0,"cards_upgraded":["Zap"]},{"damage_healed":0.0,"max_hp_gain":0.0,"max_hp_loss":0.0,"gold_gain":0.0,"event_name":"Match and Keep!","player_choice":"1 cards matched","floor":20.0,"gold_loss":0.0,"damage_taken":0.0,"cards_obtained":["Storm"]},{"damage_healed":0.0,"max_hp_gain":0.0,"max_hp_loss":0.0,"gold_gain":0.0,"event_name":"Upgrade Shrine","player_choice":"Upgraded","floor":39.0,"gold_loss":0.0,"damage_taken":0.0,"cards_upgraded":["Echo Form"]},{"damage_healed":0.0,"max_hp_gain":0.0,"max_hp_loss":0.0,"gold_gain":0.0,"event_name":"MindBloom","player_choice":"Fight","floor":44.0,"gold_loss":0.0,"damage_taken":0.0},{"damage_healed":0.0,"max_hp_gain":0.0,"max_hp_loss":0.0,"gold_gain":0.0,"event_name":"Tomb of Lord Red Mask","player_choice":"Ignored","floor":46.0,"gold_loss":0.0,"damage_taken":0.0}],"is_beta":false,"boss_relics":[{"not_picked":["Runic Dome","Orrery"],"picked":"Eternal Feather"},{"not_picked":["Pandora\u0027s Box","FrozenCore"],"picked":"Lizard Tail"}],"items_purged_floors":[21,27,36],"is_endless":false,"potions_floor_spawned":[1,2,10,12,16,18,29,31,33,35,37,54],"killed_by":"The Heart","ascension_level":6}