{"gold_per_floor":[110,126,126,139,107,107,128,151,175,199,199,233,233,251,251,251],"floor_reached":16,"playtime":598,"items_purged":[],"score":186,"play_id":"cd5aff12-6b40-4c01-83d8-0772cd3bc1b4","local_time":"20181007021118","is_ascension_mode":true,"campfire_choices":[{"data":"Dash","floor":6,"key":"SMITH"},{"floor":11,"key":"REST"},{"floor":13,"key":"REST"},{"data":"Sucker Punch","floor":15,"key":"SMITH"}],"neow_cost":"NONE","seed_source_timestamp":192328187199890,"circlet_count":0,"master_deck":["Defend_G","Defend_G","Defend_G","Defend_G","Defend_G","Strike_G","Strike_G","Strike_G","Strike_G","Strike_G","Survivor","Neutralize+1","AscendersBane","Heel Hook","Escape Plan","Dash+1","Sucker Punch+1","Dagger Throw","Escape Plan","Backflip"],"relics":["Ring of the Snake","Golden Idol","Orichalcum","Omamori"],"potions_floor_usage":[10,12],"damage_taken":[{"damage":1,"enemies":"Small Slimes","floor":1,"turns":4},{"damage":1,"enemies":"Cultist","floor":2,"turns":4},{"damage":0,"enemies":"Jaw Worm","floor":4,"turns":5},{"damage":8,"enemies":"Exordium Thugs","floor":5,"turns":5},{"damage":4,"enemies":"Red Slaver","floor":7,"turns":4},{"damage":1,"enemies":"Lots of Slimes","floor":8,"turns":6},{"damage":11,"enemies":"Exordium Thugs","floor":10,"turns":7},{"damage":24,"enemies":"Gremlin Nob","floor":12,"turns":5},{"damage":0,"enemies":"Looter","floor":14,"turns":3},{"damage":34,"enemies":"Slime Boss","floor":16,"turns":8}],"seed_played":"6345642183474462143","potions_obtained":[{"floor":1,"key":"GamblersBrew"},{"floor":4,"key":"PowerPotion"},{"floor":12,"key":"LiquidBronze"}],"is_trial":false,"path_per_floor":["M","M","?","M","M","R","M","M","T","M","R","E","R","M","R"],"character_chosen":"THE_SILENT","items_purchased":[],"campfire_rested":2,"item_purchase_floors":[],"current_hp_per_floor":[58,57,34,34,26,26,22,21,21,10,29,5,24,24,24,0],"gold":251,"neow_bonus":"UPGRADE_CARD","is_prod":false,"is_daily":false,"chose_seed":false,"campfire_upgraded":2,"win_rate":0,"timestamp":1538903478,"path_taken":["M","M","?","M","?","R","M","M","T","M","R","E","R","M","R","BOSS"],"build_version":"2018-10-04","purchased_purges":0,"victory":false,"max_hp_per_floor":[66,66,66,66,66,66,66,66,66,66,66,66,66,66,66,66],"card_choices":[{"not_picked":["Blade Dance","Setup"],"picked":"Heel Hook","floor":1},{"not_picked":["Predator","Blur"],"picked":"Escape Plan","floor":2},{"not_picked":["Masterful Stab","Eviscerate","Riddle With Holes"],"picked":"SKIP","floor":4},{"not_picked":["Tactician","Poisoned Stab"],"picked":"Dash","floor":5},{"not_picked":["Heel Hook","Outmaneuver"],"picked":"Sucker Punch","floor":7},{"not_picked":["Flying Knee","Choke","Outmaneuver"],"picked":"SKIP","floor":8},{"not_picked":["Outmaneuver","Deflect"],"picked":"Dagger Throw","floor":10},{"not_picked":["Flechettes","Caltrops"],"picked":"Escape Plan","floor":12},{"not_picked":["Poisoned Stab","Blade Dance"],"picked":"Backflip","floor":14}],"player_experience":856829,"relics_obtained":[{"floor":9,"key":"Orichalcum"},{"floor":12,"key":"Omamori"}],"event_choices":[{"event_name":"Golden Idol","player_choice":"Take Damage","floor":3,"damage_taken":0}],"is_beta":true,"boss_relics":[],"items_purged_floors":[],"is_endless":false,"potions_floor_spawned":[1,4,7,8,12],"killed_by":"Slime Boss","ascension_level":15}