{"gold_per_floor":[218,218,232,243,123,123,150,173,224,224,253,100,100,111,111,209,209,227,227,241,256,271,271,298,298,298,317,317,0,14,27,27,27],"floor_reached":33,"playtime":1641,"items_purged":["Strike_R","Strike_R","Strike_R"],"score":346,"play_id":"5aa9b260-8965-47b0-a4ef-35c0a31894c4","local_time":"20190203200408","is_ascension_mode":true,"campfire_choices":[{"data":"Body Slam","floor":6,"key":"SMITH"},{"data":"True Grit","floor":10,"key":"SMITH"},{"floor":13,"key":"REST"},{"data":"Carnage","floor":15,"key":"SMITH"},{"data":"Entrench","floor":23,"key":"SMITH"},{"data":"Armaments","floor":25,"key":"SMITH"},{"floor":28,"key":"REST"},{"data":"Panache","floor":32,"key":"SMITH"}],"neow_cost":"NONE","seed_source_timestamp":26309753810491,"circlet_count":0,"master_deck":["Strike_R","Defend_R","Defend_R","Defend_R","Defend_R","Bash","True Grit+1","Cleave","Body Slam+1","Carnage+1","Metallicize","Shrug It Off","Evolve","Impervious","Armaments+1","Entrench+1","Panache+1","Ghostly Armor+1","Anger+1"],"relics":["Burning Blood","Potion Belt","Odd Mushroom","Happy Flower","Mummified Hand","Sozu","Mango"],"potions_floor_usage":[8,8],"damage_taken":[{"damage":6,"enemies":"Cultist","floor":1,"turns":3},{"damage":3,"enemies":"2 Louse","floor":3,"turns":3},{"damage":9,"enemies":"Small Slimes","floor":4,"turns":4},{"damage":33,"enemies":"3 Sentries","floor":7,"turns":10},{"damage":11,"enemies":"The Mushroom Lair","floor":8,"turns":3},{"damage":33,"enemies":"Lagavulin","floor":11,"turns":6},{"damage":2,"enemies":"Looter","floor":14,"turns":2},{"damage":41,"enemies":"Slime Boss","floor":16,"turns":10},{"damage":4,"enemies":"Shell Parasite","floor":18,"turns":3},{"damage":18,"enemies":"3 Byrds","floor":20,"turns":6},{"damage":0,"enemies":"Cultist and Chosen","floor":21,"turns":6},{"damage":15,"enemies":"Shelled Parasite and Fungi","floor":22,"turns":5},{"damage":25,"enemies":"Slavers","floor":24,"turns":5},{"damage":12,"enemies":"Snake Plant","floor":27,"turns":5},{"damage":13,"enemies":"Sentry and Sphere","floor":30,"turns":5},{"damage":21,"enemies":"Snecko","floor":31,"turns":6},{"damage":58,"enemies":"Champ","floor":33,"turns":9}],"seed_played":"2299321775873297532","potions_obtained":[{"floor":3,"key":"EssenceOfSteel"},{"floor":4,"key":"SteroidPotion"}],"is_trial":false,"path_per_floor":["M","?","M","M","$","R","E","?","T","R","E","$","R","M","R","B",null,"M","?","M","M","M","R","E","R","T","M","R","$","M","M","R","B"],"character_chosen":"IRONCLAD","items_purchased":["Body Slam","Shrug It Off","Panache"],"campfire_rested":2,"item_purchase_floors":[5,12,29],"current_hp_per_floor":[80,80,80,77,77,77,50,45,45,45,18,18,42,46,46,11,63,65,65,53,59,50,50,45,45,45,39,67,67,60,45,45,0],"gold":27,"neow_bonus":"HUNDRED_GOLD","is_prod":false,"is_daily":false,"chose_seed":false,"campfire_upgraded":6,"win_rate":0,"timestamp":1549191848,"path_taken":["M","?","M","?","$","R","E","?","T","R","E","$","R","M","R","BOSS","M","?","M","?","M","R","E","R","T","M","R","$","M","M","R","BOSS"],"build_version":"2019-01-23","purchased_purges":3,"victory":false,"max_hp_per_floor":[80,80,80,80,80,80,80,80,80,80,80,80,80,80,80,80,80,80,80,80,80,80,80,94,94,94,94,94,94,94,94,94,94],"card_choices":[{"not_picked":["Thunderclap","Headbutt"],"picked":"True Grit","floor":1},{"not_picked":["Clothesline","Second Wind"],"picked":"Cleave","floor":3},{"not_picked":["Berserk","Wild Strike","Feel No Pain"],"picked":"SKIP","floor":4},{"not_picked":["Wild Strike","Warcry","Dropkick"],"picked":"SKIP","floor":7},{"not_picked":["Infernal Blade","Anger"],"picked":"Carnage","floor":8},{"not_picked":["Fire Breathing","True Grit"],"picked":"Metallicize","floor":11},{"not_picked":["Feel No Pain","Feed"],"picked":"Evolve","floor":14},{"not_picked":["Offering","Exhume"],"picked":"Impervious","floor":16},{"not_picked":["Anger","Heavy Blade+1","Searing Blow"],"picked":"SKIP","floor":18},{"not_picked":["True Grit","Sever Soul","Clothesline"],"picked":"SKIP","floor":20},{"not_picked":["Dual Wield","Burning Pact+1"],"picked":"Entrench","floor":21},{"not_picked":["Warcry","Cleave","Body Slam"],"picked":"SKIP","floor":22},{"not_picked":["Limit Break","Wild Strike","Infernal Blade"],"picked":"SKIP","floor":24},{"not_picked":["Pummel+1","Shrug It Off","Clothesline"],"picked":"SKIP","floor":27},{"not_picked":["Flex","Clothesline"],"picked":"Ghostly Armor+1","floor":30},{"not_picked":["Bloodletting+1","Corruption"],"picked":"Anger+1","floor":31}],"player_experience":796196,"relics_obtained":[{"floor":7,"key":"Potion Belt"},{"floor":8,"key":"Odd Mushroom"},{"floor":9,"key":"Happy Flower"},{"floor":11,"key":"Mummified Hand"},{"floor":24,"key":"Mango"}],"event_choices":[{"damage_healed":0,"gold_gain":0,"player_choice":"Ignored","damage_taken":0,"max_hp_gain":0,"max_hp_loss":0,"event_name":"NoteForYourself","floor":2,"gold_loss":0},{"damage_healed":0,"gold_gain":0,"player_choice":"Fought Mushrooms","damage_taken":0,"max_hp_gain":0,"max_hp_loss":0,"event_name":"Mushrooms","floor":8,"gold_loss":0},{"damage_healed":0,"gold_gain":0,"cards_transformed":["Strike_R"],"player_choice":"Transformed","damage_taken":0,"max_hp_gain":0,"max_hp_loss":0,"event_name":"Transmorgrifier","floor":19,"gold_loss":0,"cards_obtained":["Armaments"]}],"is_beta":false,"boss_relics":[{"not_picked":["Coffee Dripper","Orrery"],"picked":"Sozu"}],"items_purged_floors":[5,12,29],"is_endless":false,"potions_floor_spawned":[3,4,21,22,24,31],"killed_by":"Champ","ascension_level":5}