{"gold_per_floor":[118,118,118,118,131,156,156,189,213,164,176,253,265,291,303,315],"floor_reached":16,"playtime":360,"items_purged":[],"score":275,"play_id":"90de1d83-bdd9-4bd5-a127-a941afe533bc","local_time":"20190122111010","is_ascension_mode":true,"campfire_choices":[{"data":"Streamline","floor":7,"key":"SMITH"},{"floor":15,"key":"REST"}],"neow_cost":"NONE","seed_source_timestamp":500350043948158,"circlet_count":0,"master_deck":["AscendersBane","Strike_B","Strike_B","Strike_B","Strike_B","Defend_B","Defend_B","Defend_B","Defend_B","Zap","Dualcast","Streamline+1","Capacitor","Go for the Eyes","Ball Lightning","Conserve Battery","Leap"],"relics":["Cracked Core","NeowsBlessing","Anchor","Dodecahedron","Pen Nib","MawBank","Tiny Chest"],"potions_floor_usage":[],"damage_taken":[{"damage":0,"enemies":"Cultist","floor":1,"turns":1},{"damage":0,"enemies":"Jaw Worm","floor":5,"turns":1},{"damage":0,"enemies":"3 Sentries","floor":6,"turns":1},{"damage":20,"enemies":"Lagavulin","floor":8,"turns":6},{"damage":20,"enemies":"3 Sentries","floor":12,"turns":7},{"damage":0,"enemies":"2 Louse","floor":14,"turns":4},{"damage":40,"enemies":"Hexaghost","floor":16,"turns":9}],"seed_played":"-5470590003039071875","potions_obtained":[{"floor":5,"key":"Dexterity Potion"}],"is_trial":false,"path_per_floor":["M","?","$","?","M","E","R","E","T","?","$","E","$","M","R","B"],"character_chosen":"DEFECT","items_purchased":[],"campfire_rested":1,"item_purchase_floors":[],"current_hp_per_floor":[64,59,59,59,59,59,59,39,39,39,39,19,19,19,40,0],"gold":315,"neow_bonus":"THREE_ENEMY_KILL","is_prod":false,"is_daily":false,"chose_seed":false,"campfire_upgraded":1,"win_rate":0,"timestamp":1548184210,"path_taken":["M","?","$","?","M","E","R","E","T","?","?","E","$","M","R","BOSS"],"build_version":"2019-01-17v2","purchased_purges":0,"victory":false,"max_hp_per_floor":[71,71,71,71,71,71,71,71,71,71,71,71,71,71,71,71],"card_choices":[{"not_picked":["Barrage","Rip and Tear"],"picked":"Streamline","floor":1},{"not_picked":["Storm","White Noise"],"picked":"Capacitor","floor":5},{"not_picked":["Compile Driver","Turbo"],"picked":"Go for the Eyes","floor":6},{"not_picked":["Stack","Reprogram"],"picked":"Ball Lightning","floor":8},{"not_picked":["Storm","Streamline"],"picked":"Conserve Battery","floor":12},{"not_picked":["Chaos","Self Repair"],"picked":"Leap","floor":14}],"player_experience":1713332,"relics_obtained":[{"floor":6,"key":"Dodecahedron"},{"floor":8,"key":"Pen Nib"},{"floor":9,"key":"MawBank"},{"floor":12,"key":"Tiny Chest"}],"event_choices":[{"damage_healed":0,"gold_gain":0,"player_choice":"Success","damage_taken":5,"relics_obtained":["Anchor"],"max_hp_gain":0,"max_hp_loss":0,"event_name":"Scrap Ooze","floor":2,"gold_loss":0},{"damage_healed":0,"gold_gain":0,"player_choice":"Ignored","damage_taken":0,"max_hp_gain":0,"max_hp_loss":0,"event_name":"Liars Game","floor":4,"gold_loss":0},{"damage_healed":0,"gold_gain":0,"player_choice":"Left Gold","damage_taken":0,"max_hp_gain":0,"max_hp_loss":0,"event_name":"World of Goop","floor":10,"gold_loss":61}],"is_beta":false,"boss_relics":[],"items_purged_floors":[],"is_endless":false,"potions_floor_spawned":[5],"killed_by":"Hexaghost","ascension_level":19}