{"gold_per_floor":[117,117,117,117,137,172,172,215,215,402,301,301,366,389,389,518,518,518,458,458,458,458,458,458,458,458,458,189,189,189,189,189,189],"floor_reached":33,"playtime":1379,"items_purged":["Doubt"],"score":453,"play_id":"f24e68a8-294d-457e-9edc-d5a03529b1da","local_time":"20190105185526","is_ascension_mode":true,"campfire_choices":[{"data":"Seek","floor":7,"key":"SMITH"},{"data":"Self Repair","floor":12,"key":"SMITH"},{"data":"FTL","floor":15,"key":"SMITH"},{"data":"Fission","floor":25,"key":"SMITH"},{"data":"Storm","floor":29,"key":"SMITH"},{"data":"Heatsinks","floor":32,"key":"SMITH"}],"neow_cost":"NONE","seed_source_timestamp":1340380804900456,"circlet_count":0,"master_deck":["Defend_B","Defend_B","Defend_B","Defend_B","Zap+1","Dualcast","Self Repair+1","Seek+1","Streamline","Heatsinks","Heatsinks","Ball Lightning","FTL+1","Fission+1","Cold Snap","Conserve Battery+1","Genetic Algorithm","Melter+1","Bite","Bite","Bite","Bite","Bite","Thunder Strike","Heatsinks+1","Storm+1","Conserve Battery"],"relics":["Cracked Core","NeowsBlessing","Golden Idol","Mercury Hourglass","Meat on the Bone","MawBank","Tiny Chest","Ectoplasm","Bag of Preparation","Blue Candle","Omamori","Runic Capacitor","Pear"],"potions_floor_usage":[23,27,31,33,33],"damage_taken":[{"damage":0,"enemies":"2 Louse","floor":1,"turns":1},{"damage":0,"enemies":"Small Slimes","floor":5,"turns":1},{"damage":0,"enemies":"Lagavulin","floor":6,"turns":1},{"damage":25,"enemies":"3 Sentries","floor":8,"turns":5},{"damage":37,"enemies":"Gremlin Nob","floor":13,"turns":4},{"damage":7,"enemies":"Jaw Worm","floor":14,"turns":2},{"damage":42,"enemies":"Hexaghost","floor":16,"turns":8},{"damage":14,"enemies":"3 Byrds","floor":18,"turns":4},{"damage":32,"enemies":"2 Thieves","floor":19,"turns":3},{"damage":29,"enemies":"3 Cultists","floor":21,"turns":5},{"damage":33,"enemies":"Slavers","floor":23,"turns":4},{"damage":58,"enemies":"Shelled Parasite and Fungi","floor":27,"turns":6},{"damage":11,"enemies":"Snake Plant","floor":31,"turns":3},{"damage":68,"enemies":"Automaton","floor":33,"turns":6}],"seed_played":"-5276334161773151363","potions_obtained":[{"floor":8,"key":"Strength Potion"},{"floor":14,"key":"Regen Potion"},{"floor":18,"key":"Fire Potion"},{"floor":23,"key":"Fire Potion"},{"floor":27,"key":"SkillPotion"}],"is_trial":false,"path_per_floor":["M","?","?","?","M","E","R","E","T","?","$","R","E","M","R","B",null,"M","M","?","M","?","E","T","R","T","M","$","R","T","M","R","B"],"character_chosen":"DEFECT","items_purchased":["Heatsinks","Storm","Runic Capacitor"],"campfire_rested":0,"item_purchase_floors":[11,28,28],"current_hp_per_floor":[68,50,55,55,62,69,69,51,51,51,51,51,36,51,51,31,68,64,54,54,47,47,46,46,46,46,33,33,33,43,46,46,0],"gold":189,"neow_bonus":"THREE_ENEMY_KILL","is_prod":false,"is_daily":false,"chose_seed":false,"campfire_upgraded":6,"win_rate":0,"timestamp":1546736126,"path_taken":["M","?","?","?","?","E","R","E","T","?","$","R","E","M","R","BOSS","M","M","?","M","?","E","?","R","T","M","$","R","?","M","R","BOSS"],"build_version":"2019-01-03v4","purchased_purges":1,"victory":false,"max_hp_per_floor":[75,75,80,80,80,80,80,80,80,80,80,80,80,80,80,80,80,80,80,80,80,56,56,56,56,56,56,56,56,66,66,66,66],"card_choices":[{"not_picked":["Turbo","Streamline"],"picked":"Self Repair","floor":1},{"not_picked":["Gash","Steam"],"picked":"Seek","floor":5},{"not_picked":["Skim","Coolheaded"],"picked":"Streamline","floor":6},{"not_picked":["Leap","Scrape"],"picked":"Heatsinks","floor":8},{"not_picked":["Beam Cell","Steam"],"picked":"Ball Lightning","floor":13},{"not_picked":["Rip and Tear","Chaos"],"picked":"FTL","floor":14},{"not_picked":["Core Surge","Seek"],"picked":"Fission","floor":16},{"not_picked":["Stack","Conserve Battery"],"picked":"Cold Snap","floor":18},{"not_picked":["Ball Lightning","Stack"],"picked":"Conserve Battery+1","floor":19},{"not_picked":["Steam Power+1","Fusion"],"picked":"Melter+1","floor":21},{"not_picked":["Sunder","Undo"],"picked":"Thunder Strike","floor":23},{"not_picked":["Melter+1","Coolheaded"],"picked":"Heatsinks","floor":27},{"not_picked":["Go for the Eyes","Melter+1"],"picked":"Conserve Battery","floor":31}],"player_experience":384513,"relics_obtained":[{"floor":6,"key":"Mercury Hourglass"},{"floor":8,"key":"Meat on the Bone"},{"floor":9,"key":"MawBank"},{"floor":13,"key":"Tiny Chest"},{"floor":23,"key":"Bag of Preparation"},{"floor":24,"key":"Blue Candle"},{"floor":26,"key":"Omamori"},{"floor":30,"key":"Pear"}],"event_choices":[{"damage_healed":0,"gold_gain":0,"player_choice":"Take Damage","damage_taken":18,"relics_obtained":["Golden Idol"],"max_hp_gain":0,"max_hp_loss":0,"event_name":"Golden Idol","floor":2,"gold_loss":0},{"damage_healed":0,"gold_gain":0,"player_choice":"Donut","damage_taken":0,"max_hp_gain":5,"max_hp_loss":0,"event_name":"Big Fish","floor":3,"gold_loss":0},{"damage_healed":0,"gold_gain":0,"player_choice":"Grow","damage_taken":0,"max_hp_gain":0,"max_hp_loss":0,"event_name":"Living Wall","floor":4,"gold_loss":0,"cards_upgraded":["Zap"]},{"damage_healed":0,"gold_gain":175,"player_choice":"AGREE","damage_taken":0,"max_hp_gain":0,"max_hp_loss":0,"event_name":"Liars Game","floor":10,"gold_loss":0,"cards_obtained":["Doubt"]},{"damage_healed":0,"gold_gain":0,"player_choice":"Read","damage_taken":0,"max_hp_gain":0,"max_hp_loss":0,"event_name":"The Library","floor":20,"gold_loss":0,"cards_obtained":["Genetic Algorithm"]},{"damage_healed":0,"gold_gain":0,"player_choice":"Became a vampire","damage_taken":0,"max_hp_gain":0,"max_hp_loss":24,"event_name":"Vampires","floor":22,"gold_loss":0,"cards_obtained":["Bite","Bite","Bite","Bite","Bite"]}],"is_beta":false,"boss_relics":[{"not_picked":["Runic Dome","Eternal Feather"],"picked":"Ectoplasm"}],"items_purged_floors":[11],"is_endless":false,"potions_floor_spawned":[8,14,18,23,27],"killed_by":"Automaton","ascension_level":8}