{"gold_per_floor":[119,135,150,30,40,68,68,93,117,117,149,169,169],"floor_reached":13,"playtime":739,"items_purged":["Strike_B"],"score":110,"play_id":"ca503464-1ceb-4eba-a3e0-4782885773a2","local_time":"20190117210255","is_ascension_mode":true,"campfire_choices":[{"data":"Fusion","floor":7,"key":"SMITH"},{"data":"Coolheaded","floor":10,"key":"SMITH"}],"neow_cost":"NONE","seed_source_timestamp":69248083376296,"circlet_count":0,"master_deck":["Strike_B","Strike_B","Strike_B","Defend_B","Defend_B","Defend_B","Defend_B","Zap","Dualcast","Sunder","Fusion+1","Coolheaded+1","Multi-Cast","Undo","Conserve Battery"],"relics":["Cracked Core","NeowsBlessing","Prayer Wheel","Omamori","Boot","Bag of Marbles"],"potions_floor_usage":[8,8,11],"damage_taken":[{"damage":0,"enemies":"Cultist","floor":1,"turns":1},{"damage":0,"enemies":"2 Louse","floor":2,"turns":1},{"damage":0,"enemies":"Small Slimes","floor":3,"turns":1},{"damage":12,"enemies":"Blue Slaver","floor":5,"turns":4},{"damage":35,"enemies":"3 Sentries","floor":6,"turns":11},{"damage":4,"enemies":"Gremlin Nob","floor":8,"turns":3},{"damage":11,"enemies":"Lagavulin","floor":11,"turns":7},{"damage":0,"enemies":"Looter","floor":12,"turns":3},{"damage":27,"enemies":"Gremlin Nob","floor":13,"turns":3}],"seed_played":"4582382098292197511","potions_obtained":[{"floor":3,"key":"PowerPotion"},{"floor":5,"key":"GamblersBrew"},{"floor":6,"key":"SkillPotion"}],"is_trial":false,"path_per_floor":["M","M","M","$","M","E","R","E","T","R","E","M","E"],"character_chosen":"DEFECT","items_purchased":["Coolheaded"],"campfire_rested":0,"item_purchase_floors":[4],"current_hp_per_floor":[75,75,75,75,63,28,28,24,24,24,13,13,0],"gold":169,"neow_bonus":"THREE_ENEMY_KILL","is_prod":false,"is_daily":false,"chose_seed":false,"campfire_upgraded":2,"win_rate":0,"timestamp":1547719375,"path_taken":["M","M","M","$","M","E","R","E","T","R","E","?","E"],"build_version":"2018-11-15","purchased_purges":1,"victory":false,"max_hp_per_floor":[75,75,75,75,75,75,75,75,75,75,75,75,75],"card_choices":[{"not_picked":["Go for the Eyes","Hologram"],"picked":"Sunder","floor":1},{"not_picked":["Sweeping Beam","Barrage","Stack"],"picked":"SKIP","floor":2},{"not_picked":["Barrage","Sweeping Beam"],"picked":"Fusion","floor":3},{"not_picked":["Turbo","Chill","Heatsinks"],"picked":"SKIP","floor":5},{"not_picked":["Leap","Compile Driver"],"picked":"Multi-Cast","floor":6},{"not_picked":["Reprogram","Melter"],"picked":"Undo","floor":8},{"not_picked":["Coolheaded","Multi-Cast"],"picked":"Conserve Battery","floor":11},{"not_picked":["Ball Lightning","Compile Driver","Barrage"],"picked":"SKIP","floor":12},{"not_picked":["Streamline","Leap","Turbo"],"picked":"SKIP","floor":12}],"player_experience":1101469,"relics_obtained":[{"floor":6,"key":"Prayer Wheel"},{"floor":8,"key":"Omamori"},{"floor":9,"key":"Boot"},{"floor":11,"key":"Bag of Marbles"}],"event_choices":[],"is_beta":true,"boss_relics":[],"items_purged_floors":[4],"is_endless":false,"potions_floor_spawned":[3,5,6],"killed_by":"Gremlin Nob","ascension_level":1}