{"gold_per_floor":[115,128,148,160,223,223,233,233,304,6,6,45,113,113,113,204,254,211,230,289,289,289,289,204,243,243,243,283,313,349,379,379,379],"floor_reached":33,"playtime":4521,"items_purged":["Strike_B"],"score":477,"play_id":"c4153367-41f3-4b9c-843e-59fadc1baf4b","local_time":"20181011083727","is_ascension_mode":true,"campfire_choices":[{"data":"Zap","floor":6,"key":"SMITH"},{"data":"Hologram","floor":8,"key":"SMITH"},{"data":"HandOfGreed","floor":11,"key":"SMITH"},{"data":"Go for the Eyes","floor":15,"key":"SMITH"},{"data":"Fission","floor":23,"key":"SMITH"},{"floor":32,"key":"REST"}],"neow_cost":"NONE","seed_source_timestamp":253814209137792,"circlet_count":0,"master_deck":["Strike_B","Strike_B","Defend_B","Defend_B","Defend_B","Defend_B","Zap+1","Dualcast","AscendersBane","Cold Snap+1","Hologram+1","Self Repair","Core Surge","Conserve Battery","HandOfGreed+1","Capacitor","Go for the Eyes+1","Redo","Fission+1","Chill","Compile Driver","Loop","All For One","Glacier","Machine Learning","White Noise+1","BootSequence","Writhe"],"relics":["Cracked Core","Bronze Scales","Kunai","Unceasing Top","Tiny House","Strawberry","Symbiotic Virus","Tiny Chest"],"potions_floor_usage":[13,16,18,20,28,29],"damage_taken":[{"damage":1,"enemies":"Cultist","floor":1,"turns":3},{"damage":2,"enemies":"Jaw Worm","floor":2,"turns":3},{"damage":4,"enemies":"2 Louse","floor":3,"turns":2},{"damage":17,"enemies":"Looter","floor":4,"turns":4},{"damage":2,"enemies":"2 Fungi Beasts","floor":7,"turns":3},{"damage":3,"enemies":"Blue Slaver","floor":12,"turns":3},{"damage":29,"enemies":"3 Sentries","floor":13,"turns":9},{"damage":29,"enemies":"Slime Boss","floor":16,"turns":12},{"damage":11,"enemies":"2 Thieves","floor":18,"turns":5},{"damage":19,"enemies":"Chosen","floor":19,"turns":5},{"damage":17,"enemies":"Centurion and Healer","floor":20,"turns":10},{"damage":28,"enemies":"Shelled Parasite and Fungi","floor":25,"turns":7},{"damage":12,"enemies":"Snake Plant","floor":28,"turns":3},{"damage":0,"enemies":"Centurion and Healer","floor":29,"turns":18},{"damage":7,"enemies":"Snecko","floor":30,"turns":4},{"damage":44,"enemies":"Collector","floor":33,"turns":6}],"seed_played":"-7530032871406915676","potions_obtained":[{"floor":2,"key":"Weak Potion"},{"floor":3,"key":"SkillPotion"},{"floor":13,"key":"AttackPotion"},{"floor":16,"key":"Block Potion"},{"floor":18,"key":"FearPotion"},{"floor":28,"key":"Fire Potion"},{"floor":29,"key":"FearPotion"}],"is_trial":false,"path_per_floor":["M","M","M","M","?","R","M","R","T","$","R","M","E","?","R","B",null,"M","M","M","?","?","R","?","M","T","?","M","M","M","?","R"],"character_chosen":"DEFECT","items_purchased":["HandOfGreed"],"campfire_rested":1,"item_purchase_floors":[10],"current_hp_per_floor":[63,61,57,47,47,47,52,52,52,52,52,56,34,34,34,12,61,57,45,35,35,35,35,42,21,21,21,9,16,16,16,40,0],"gold":379,"neow_bonus":"RANDOM_COMMON_RELIC","is_prod":false,"is_daily":false,"chose_seed":false,"campfire_upgraded":5,"win_rate":0,"timestamp":1539272247,"path_taken":["M","?","M","M","?","R","M","R","T","?","R","M","E","?","R","BOSS","M","M","M","?","?","R","?","M","T","?","M","M","M","?","R","BOSS"],"build_version":"2018-10-10","purchased_purges":1,"victory":false,"max_hp_per_floor":[71,71,71,71,71,71,71,71,71,71,71,71,71,71,71,71,76,76,76,76,76,76,76,83,83,83,83,83,83,83,83,83,83],"card_choices":[{"not_picked":["Conserve Battery","Rebound"],"picked":"Cold Snap","floor":1},{"not_picked":["Barrage","Leap"],"picked":"Hologram","floor":2},{"not_picked":["Conserve Battery","Aggregate"],"picked":"Self Repair","floor":3},{"not_picked":["Rebound","Stack"],"picked":"Core Surge","floor":4},{"not_picked":["Consume","Coolheaded"],"picked":"Conserve Battery","floor":7},{"not_picked":["Genetic Algorithm","Hologram"],"picked":"Capacitor","floor":12},{"not_picked":["Hologram","Cold Snap"],"picked":"Go for the Eyes","floor":13},{"not_picked":["Machine Learning","Electrodynamics"],"picked":"Fission","floor":16},{"not_picked":["Gash","Barrage"],"picked":"Chill","floor":17},{"not_picked":["Hologram","Redo"],"picked":"Compile Driver","floor":18},{"not_picked":["Sunder","Steam"],"picked":"Loop","floor":19},{"not_picked":["Barrage","Go for the Eyes"],"picked":"All For One","floor":20},{"not_picked":["Barrage","Leap"],"picked":"Glacier","floor":25},{"not_picked":["Barrage","Cold Snap"],"picked":"Machine Learning","floor":28},{"not_picked":["Scrape","Double Energy"],"picked":"White Noise+1","floor":29},{"not_picked":["Barrage","Rebound+1"],"picked":"BootSequence","floor":30}],"player_experience":880997,"relics_obtained":[{"floor":9,"key":"Kunai"},{"floor":13,"key":"Unceasing Top"},{"floor":26,"key":"Symbiotic Virus"}],"event_choices":[{"event_name":"Golden Wing","player_choice":"Gained Gold","floor":5,"damage_taken":0},{"event_name":"Transmorgrifier","player_choice":"Transform","floor":14,"damage_taken":0},{"event_name":"Forgotten Altar","player_choice":"Smashed Altar","floor":21,"damage_taken":0},{"event_name":"Back to Basics","player_choice":"Elegance","floor":22,"damage_taken":0},{"event_name":"Addict","player_choice":"Obtained Relic","floor":24,"damage_taken":0},{"event_name":"Match and Keep!","player_choice":"0 cards matched","floor":27,"damage_taken":0},{"event_name":"The Mausoleum","player_choice":"Yes","floor":31,"damage_taken":0}],"is_beta":true,"boss_relics":[{"not_picked":["White Beast Statue","Snecko Eye"],"picked":"Tiny House"}],"items_purged_floors":[10],"is_endless":false,"potions_floor_spawned":[2,3,13,16,18,19,28,29],"killed_by":"Collector","ascension_level":18}