{"path_per_floor":["M","M","?","M","?","E","R","$","T","M","?","E","M","$","R","B",null,"M","?","M","M","M","R","M"],"character_chosen":"IRONCLAD","items_purchased":["Flash of Steel","Spot Weakness"],"gold_per_floor":[109,128,128,148,148,180,180,21,21,36,36,63,79,79,79,180,180,195,195,213,225,239,239,257,257],"floor_reached":25,"campfire_rested":2,"playtime":791,"item_purchase_floors":[8,8],"current_hp_per_floor":[80,80,73,73,73,73,73,73,73,71,53,30,29,29,70,70,87,76,76,68,61,29,76,42,0],"items_purged":[],"gold":257,"score":348,"play_id":"fe9a722f-6e91-4066-9d36-0fe16a758aac","local_time":"20180531164015","is_prod":false,"is_daily":false,"chose_seed":false,"is_ascension_mode":true,"campfire_upgraded":1,"win_rate":0,"timestamp":1527777615,"campfire_choices":[{"data":"Flex","floor":7,"key":"SMITH"},{"floor":15,"key":"REST"},{"floor":23,"key":"REST"}],"path_taken":["M","M","?","M","?","E","R","?","T","?","?","E","M","$","R","BOSS","M","?","M","M","M","R","M","E"],"build_version":"2018-05-30v2","seed_source_timestamp":33818333713173,"purchased_purges":0,"victory":false,"master_deck":["Strike_R","Strike_R","Defend_R","Defend_R","Defend_R","Headbutt+1","Intimidate+1","Immolate+1","Flex+1","Thunderclap","Flash of Steel","Spot Weakness","Feed","Twin Strike+1","Writhe","Headbutt+1","Heavy Blade"],"max_hp_per_floor":[80,80,80,80,80,80,80,80,80,80,80,87,87,87,87,87,87,87,87,87,87,87,87,87,87],"relics":["Astrolabe","Mercury Hourglass","Charon\u0027s Ashes","Regal Pillow","Strawberry","Eternal Feather","Art of War"],"card_choices":[{"not_picked":["Sword Boomerang","Combust"],"picked":"Flex","floor":1},{"not_picked":["Dual Wield","Sword Boomerang","Havoc"],"picked":"SKIP","floor":2},{"not_picked":["Battle Trance","Rupture"],"picked":"Thunderclap","floor":4},{"not_picked":["Fire Breathing","Body Slam","Thunderclap"],"picked":"SKIP","floor":6},{"not_picked":["Whirlwind","Iron Wave","Ghostly Armor"],"picked":"SKIP","floor":10},{"not_picked":["Infernal Blade","Rupture","Body Slam"],"picked":"SKIP","floor":12},{"not_picked":["Feel No Pain","Blood for Blood","Flame Barrier"],"picked":"SKIP","floor":13},{"not_picked":["Fiend Fire","Juggernaut"],"picked":"Feed","floor":16},{"not_picked":["Rupture","Armaments"],"picked":"Twin Strike+1","floor":18},{"not_picked":["Bloodletting+1","True Grit"],"picked":"Headbutt+1","floor":20},{"not_picked":["Body Slam+1","Headbutt"],"picked":"Heavy Blade","floor":21},{"not_picked":["Armaments+1","Power Through","Sever Soul+1"],"picked":"SKIP","floor":22},{"not_picked":["Headbutt+1","Burning Pact","Sword Boomerang"],"picked":"SKIP","floor":24}],"player_experience":192639,"potions_floor_usage":[20,20,21,22],"damage_taken":[{"damage":0,"enemies":"Small Slimes","floor":1,"turns":1},{"damage":0,"enemies":"2 Louse","floor":2,"turns":1},{"damage":0,"enemies":"Cultist","floor":4,"turns":2},{"damage":0,"enemies":"Gremlin Nob","floor":6,"turns":2},{"damage":2,"enemies":"Lots of Slimes","floor":10,"turns":2},{"damage":30,"enemies":"Lagavulin","floor":12,"turns":4},{"damage":1,"enemies":"3 Louse","floor":13,"turns":2},{"damage":0,"enemies":"Slime Boss","floor":16,"turns":5},{"damage":11,"enemies":"Chosen","floor":18,"turns":3},{"damage":8,"enemies":"2 Thieves","floor":20,"turns":2},{"damage":15,"enemies":"Cultist and Chosen","floor":21,"turns":3},{"damage":32,"enemies":"Snecko","floor":22,"turns":5},{"damage":34,"enemies":"Slaver and Parasite","floor":24,"turns":4},{"damage":58,"enemies":"Book of Stabbing","floor":25,"turns":4}],"relics_obtained":[{"floor":6,"key":"Mercury Hourglass"},{"floor":9,"key":"Charon\u0027s Ashes"},{"floor":12,"key":"Strawberry"}],"event_choices":[{"event_name":"Golden Wing","player_choice":"Card Removal","floor":3,"damage_taken":0},{"event_name":"Purifier","player_choice":"One Purge","floor":5,"damage_taken":0},{"event_name":"Scrap Ooze","player_choice":"success","floor":11,"damage_taken":18},{"event_name":"The Mausoleum","player_choice":"Yes","floor":19,"damage_taken":0}],"boss_relics":[{"not_picked":["Snecko Eye","Philosopher\u0027s Stone"],"picked":"Eternal Feather"}],"items_purged_floors":[],"potions_floor_spawned":[6,12,16,20],"seed_played":"3920603802101869916","killed_by":"Book of Stabbing","ascension_level":4,"potions_obtained":[{"floor":6,"key":"Ancient Potion"},{"floor":12,"key":"Weak Potion"},{"floor":16,"key":"Explosive Potion"},{"floor":20,"key":"BloodPotion"}],"is_trial":false}