{"gold_per_floor":[119,136,136,211,225,225,258,258,311,330,360,360,66,97,97,97],"floor_reached":16,"playtime":1035,"items_purged":[],"score":177,"play_id":"26f8cc0e-316d-45b0-af0d-edf060555ed3","local_time":"20181031101857","is_ascension_mode":true,"campfire_choices":[{"data":"Loop","floor":6,"key":"SMITH"},{"data":"Zap","floor":8,"key":"SMITH"},{"floor":12,"key":"REST"},{"floor":15,"key":"REST"}],"neow_cost":"NONE","seed_source_timestamp":146840848623814,"circlet_count":0,"master_deck":["Strike_B","Strike_B","Strike_B","Strike_B","Defend_B","Defend_B","Defend_B","Defend_B","Zap+1","Dualcast","AscendersBane","Blind","Leap","Loop+1","Ball Lightning","Go for the Eyes","Defragment","Skim+1","Echo Form","Steam+1","Storm"],"relics":["Cracked Core","Pen Nib","Tiny Chest","Toxic Egg 2","Vajra","Dream Catcher"],"potions_floor_usage":[3,7,10,11,11],"damage_taken":[{"damage":2,"enemies":"Small Slimes","floor":1,"turns":4},{"damage":0,"enemies":"Cultist","floor":2,"turns":3},{"damage":12,"enemies":"Jaw Worm","floor":5,"turns":4},{"damage":6,"enemies":"Lagavulin","floor":7,"turns":5},{"damage":0,"enemies":"3 Louse","floor":10,"turns":3},{"damage":30,"enemies":"3 Sentries","floor":11,"turns":5},{"damage":19,"enemies":"Gremlin Nob","floor":14,"turns":4},{"damage":44,"enemies":"Slime Boss","floor":16,"turns":8}],"seed_played":"6776912508749071013","potions_obtained":[{"floor":3,"key":"Fire Potion"},{"floor":3,"key":"PowerPotion"},{"floor":3,"key":"Fruit Juice"},{"floor":5,"key":"FearPotion"},{"floor":7,"key":"GamblersBrew"}],"is_trial":false,"path_per_floor":["M","M","?","?","M","R","E","R","T","M","E","R","$","E","R"],"character_chosen":"DEFECT","items_purchased":["Echo Form","Vajra"],"campfire_rested":2,"item_purchase_floors":[13,13],"current_hp_per_floor":[66,66,71,60,48,48,42,42,42,42,12,36,36,17,41,0],"gold":97,"neow_bonus":"RANDOM_COLORLESS","is_prod":false,"is_daily":false,"chose_seed":false,"campfire_upgraded":2,"win_rate":0,"timestamp":1540941537,"path_taken":["M","M","?","?","M","R","E","R","T","?","E","R","$","E","R","BOSS"],"build_version":"2018-10-25v2","purchased_purges":0,"victory":false,"max_hp_per_floor":[75,75,80,80,80,80,80,80,80,80,80,80,80,80,80,80],"card_choices":[{"not_picked":["Barrage","Redo"],"picked":"Leap","floor":1},{"not_picked":["Fusion","Blizzard"],"picked":"Loop","floor":2},{"not_picked":["Darkness","Recycle"],"picked":"Ball Lightning","floor":5},{"not_picked":["Compile Driver","Force Field"],"picked":"Go for the Eyes","floor":7},{"not_picked":["Sweeping Beam","Skim"],"picked":"Defragment","floor":10},{"not_picked":["Stack","Scrape"],"picked":"Skim","floor":11},{"not_picked":["Heatsinks","Melter"],"picked":"Steam+1","floor":14},{"not_picked":["Self Repair","Undo+1"],"picked":"Storm","floor":15}],"player_experience":689803,"relics_obtained":[{"floor":7,"key":"Pen Nib"},{"floor":9,"key":"Tiny Chest"},{"floor":11,"key":"Toxic Egg 2"},{"floor":14,"key":"Dream Catcher"}],"event_choices":[{"damage_healed":0,"gold_gain":0,"player_choice":"Got Potions","damage_taken":0,"max_hp_gain":0,"max_hp_loss":0,"event_name":"The Lab","floor":3,"gold_loss":0},{"damage_healed":0,"gold_gain":75,"player_choice":"Gather Gold","damage_taken":11,"max_hp_gain":0,"max_hp_loss":0,"event_name":"World of Goop","floor":4,"gold_loss":0}],"is_beta":false,"boss_relics":[],"items_purged_floors":[],"is_endless":false,"potions_floor_spawned":[5,7],"killed_by":"Slime Boss","ascension_level":10}