{"gold_per_floor":[114,129,144,27,42,57,72,72,72,147,177,177,192,207,207,307,307,322,322,337,352,367,367,397,397,397,397,412,8,23,38,38,138,138,153,168,183,212,212,212,242,15,15,42,69,81,93,120,132,144],"floor_reached":51,"playtime":1155,"items_purged":[],"score":1257,"play_id":"39eb2863-454f-4b3e-bbb6-8b800af8f97b","local_time":"20180918073830","daily_mods":["Brewmaster","Uncertain Future","Hoarder"],"is_ascension_mode":false,"campfire_choices":[{"data":"Mind Blast","floor":12,"key":"SMITH"},{"floor":15,"key":"REST"},{"data":"Mind Blast","floor":23,"key":"SMITH"},{"data":"Venomology","floor":27,"key":"SMITH"},{"data":"Venomology","floor":32,"key":"SMITH"},{"data":"Venomology","floor":40,"key":"SMITH"},{"data":"Venomology","floor":47,"key":"SMITH"},{"floor":49,"key":"REST"}],"neow_cost":"","seed_source_timestamp":0,"circlet_count":0,"master_deck":["Defend_G","Defend_G","Defend_G","Defend_G","Defend_G","Strike_G","Strike_G","Strike_G","Strike_G","Strike_G","Survivor","Neutralize","Venomology+1","Venomology+1","Venomology+1","Venomology","Venomology","Venomology","Venomology","Venomology","Venomology","Venomology","Venomology+1","Venomology","Venomology","Venomology","Venomology","Leg Sweep","Leg Sweep","Leg Sweep","Dash","Dash","Dash","Cloak And Dagger","Cloak And Dagger","Cloak And Dagger","Mind Blast","Mind Blast+1","Mind Blast+1","Sucker Punch","Sucker Punch","Sucker Punch","Choke","Choke","Choke","Acrobatics","Acrobatics","Acrobatics","Deadly Poison","Deadly Poison","Deadly Poison","Quick Slash","Quick Slash","Quick Slash","Deflect","Deflect","Deflect","Backflip","Backflip","Backflip","Bullet Time","Bullet Time","Bullet Time","Leg Sweep","Leg Sweep","Leg Sweep","Flechettes","Flechettes","Flechettes","Backflip","Backflip","Backflip","Deadly Poison","Deadly Poison","Deadly Poison","Acrobatics","Acrobatics","Acrobatics","Necronomicurse","Necronomicurse","Necronomicurse","Escape Plan","Escape Plan","Escape Plan","Sucker Punch","Sucker Punch","Sucker Punch","Dagger Throw","Dagger Throw","Dagger Throw","Dagger Throw","Dagger Throw","Dagger Throw","Bane","Bane","Bane","Bane","Bane","Bane","Flying Knee","Flying Knee","Flying Knee","Flying Knee","Flying Knee","Flying Knee","Heel Hook","Heel Hook","Heel Hook","Bane","Bane","Bane","Poisoned Stab","Poisoned Stab","Poisoned Stab","Predator","Predator","Predator","Deadly Poison+1","Deadly Poison+1","Deadly Poison+1","Glass Knife","Glass Knife","Glass Knife","Deadly Poison","Deadly Poison","Deadly Poison","Dagger Throw","Dagger Throw","Dagger Throw","Calculated Gamble","Calculated Gamble","Calculated Gamble","Deflect","Deflect","Deflect","Dodge and Roll","Dodge and Roll","Dodge and Roll","Distraction+1","Distraction+1","Distraction+1","Dodge and Roll+1","Dodge and Roll+1","Dodge and Roll+1","Crippling Poison+1","Crippling Poison+1","Crippling Poison+1","Dodge and Roll+1","Dodge and Roll+1","Dodge and Roll+1","Outmaneuver","Outmaneuver","Outmaneuver","Footwork","Footwork","Footwork","Flying Knee","Flying Knee","Flying Knee","Poisoned Stab","Poisoned Stab","Poisoned Stab","Dagger Throw","Dagger Throw","Dagger Throw","Acrobatics","Acrobatics","Acrobatics","Deflect","Deflect","Deflect","Escape Plan+1","Escape Plan+1","Escape Plan+1","Flying Knee","Flying Knee","Flying Knee","Jack Of All Trades","Jack Of All Trades","Jack Of All Trades","Finesse","Finesse","Finesse","Madness","Madness","Madness","Slice+1","Slice+1","Slice+1"],"special_seed":17792,"relics":["Ring of the Snake","White Beast Statue","Snake Skull","Shuriken","Busted Crown","Anchor","Necronomicon","The Courier","Orrery","Unceasing Top","Matryoshka","MawBank","Mummified Hand"],"potions_floor_usage":[1,1,1,1,1,2,2,2,2,2,3,3,5,6,6,6,6,11,11,16,16,16,16,16,16,16,16,16,16,16],"damage_taken":[{"damage":2,"enemies":"Cultist","floor":1,"turns":6},{"damage":0,"enemies":"Small Slimes","floor":2,"turns":3},{"damage":0,"enemies":"Jaw Worm","floor":3,"turns":2},{"damage":6,"enemies":"Exordium Wildlife","floor":5,"turns":2},{"damage":0,"enemies":"Large Slime","floor":6,"turns":5},{"damage":0,"enemies":"Blue Slaver","floor":7,"turns":1},{"damage":16,"enemies":"Gremlin Nob","floor":11,"turns":4},{"damage":0,"enemies":"3 Louse","floor":13,"turns":2},{"damage":0,"enemies":"Large Slime","floor":14,"turns":1},{"damage":23,"enemies":"The Guardian","floor":16,"turns":13},{"damage":0,"enemies":"Shell Parasite","floor":18,"turns":1},{"damage":0,"enemies":"3 Byrds","floor":20,"turns":2},{"damage":0,"enemies":"Snake Plant","floor":21,"turns":1},{"damage":0,"enemies":"Chosen and Byrds","floor":22,"turns":4},{"damage":0,"enemies":"Book of Stabbing","floor":24,"turns":1},{"damage":0,"enemies":"Cultist and Chosen","floor":28,"turns":1},{"damage":0,"enemies":"Centurion and Healer","floor":30,"turns":1},{"damage":0,"enemies":"3 Cultists","floor":31,"turns":1},{"damage":0,"enemies":"Collector","floor":33,"turns":1},{"damage":0,"enemies":"3 Shapes","floor":35,"turns":1},{"damage":0,"enemies":"3 Darklings","floor":36,"turns":1},{"damage":0,"enemies":"Jaw Worm Horde","floor":37,"turns":1},{"damage":0,"enemies":"Mysterious Sphere","floor":38,"turns":1},{"damage":0,"enemies":"Nemesis","floor":41,"turns":1},{"damage":0,"enemies":"Spire Growth","floor":44,"turns":1},{"damage":0,"enemies":"Maw","floor":45,"turns":1},{"damage":0,"enemies":"Sphere and 2 Shapes","floor":48,"turns":1},{"damage":0,"enemies":"Time Eater","floor":50,"turns":1}],"seed_played":"-276946993801479710","potions_obtained":[{"floor":3,"key":"GamblersBrew"},{"floor":5,"key":"SpeedPotion"},{"floor":7,"key":"Strength Potion"},{"floor":13,"key":"EssenceOfSteel"},{"floor":16,"key":"PowerPotion"},{"floor":18,"key":"AttackPotion"},{"floor":35,"key":"AttackPotion"},{"floor":37,"key":"AttackPotion"}],"is_trial":false,"path_per_floor":["M","M","M","$","M","M","M","?","T","?","E","R","M","M","R","B",null,"M","?","M","M","M","R","E","?","T","R","M","$","M","M","R","B",null,"M","M","M","?","?","R","E","$","T","M","M","?","R","M","R","B"],"character_chosen":"THE_SILENT","items_purchased":["Mind Blast","Sucker Punch","Sucker Punch","Dagger Throw","Dagger Throw","Bane","Bane","Flying Knee","Flying Knee","Heel Hook","Bane","Poisoned Stab","Footwork","Flying Knee","Poisoned Stab","Dagger Throw","Acrobatics","Deflect"],"campfire_rested":2,"item_purchase_floors":[4,4,29,29,29,29,29,29,29,29,29,29,42,42,42,42,42,42],"current_hp_per_floor":[68,70,70,70,64,64,64,64,64,53,37,37,37,37,58,35,70,70,70,70,70,70,70,70,54,54,54,54,54,54,54,54,54,70,70,70,70,70,70,70,70,70,70,70,70,60,60,60,70,70],"gold":156,"neow_bonus":"","is_prod":false,"is_daily":true,"chose_seed":false,"campfire_upgraded":6,"win_rate":0,"timestamp":1537249110,"path_taken":["M","M","?","$","M","M","M","?","T","?","E","R","M","M","R","BOSS","M","?","M","?","M","R","E","?","T","R","M","$","M","M","R","BOSS","M","M","M","?","?","R","E","$","T","M","M","?","R","M","R","BOSS"],"build_version":"2018-09-17","purchased_purges":0,"victory":true,"max_hp_per_floor":[70,70,70,70,70,70,70,70,70,70,70,70,70,70,70,70,70,70,70,70,70,70,70,70,70,70,70,70,70,70,70,70,70,70,70,70,70,70,70,70,70,70,70,70,70,70,70,70,70,70],"card_choices":[{"not_picked":["Calculated Gamble","Dodge and Roll"],"picked":"Leg Sweep","floor":1},{"not_picked":["Predator","Reflex"],"picked":"Dash","floor":2},{"not_picked":["Endless Agony","Backflip"],"picked":"Cloak And Dagger","floor":3},{"not_picked":["Outmaneuver","Venomology"],"picked":"Choke","floor":5},{"not_picked":["Dodge and Roll","Endless Agony"],"picked":"Acrobatics","floor":6},{"not_picked":["All Out Attack","Acrobatics"],"picked":"Deadly Poison","floor":7},{"not_picked":["Envenom","Setup"],"picked":"Quick Slash","floor":11},{"not_picked":["Blur","Flechettes"],"picked":"Deflect","floor":13},{"not_picked":["Catalyst","Footwork"],"picked":"Backflip","floor":14},{"not_picked":["Grand Finale","Envenom"],"picked":"Bullet Time","floor":16},{"not_picked":[],"picked":"Leg Sweep","floor":18},{"not_picked":[],"picked":"Flechettes","floor":20},{"not_picked":[],"picked":"Backflip","floor":21},{"not_picked":[],"picked":"Deadly Poison","floor":22},{"not_picked":[],"picked":"Acrobatics","floor":24},{"not_picked":[],"picked":"Escape Plan","floor":28},{"not_picked":[],"picked":"Predator","floor":30},{"not_picked":[],"picked":"Deadly Poison+1","floor":31},{"not_picked":[],"picked":"Glass Knife","floor":33},{"not_picked":[],"picked":"Deadly Poison","floor":34},{"not_picked":[],"picked":"Dagger Throw","floor":34},{"not_picked":[],"picked":"Calculated Gamble","floor":34},{"not_picked":[],"picked":"Deflect","floor":34},{"not_picked":[],"picked":"Dodge and Roll","floor":34},{"not_picked":[],"picked":"Distraction+1","floor":35},{"not_picked":[],"picked":"Dodge and Roll+1","floor":36},{"not_picked":[],"picked":"Crippling Poison+1","floor":37},{"not_picked":[],"picked":"Dodge and Roll+1","floor":38},{"not_picked":[],"picked":"Outmaneuver","floor":41},{"not_picked":[],"picked":"Escape Plan+1","floor":44},{"not_picked":[],"picked":"Flying Knee","floor":45},{"not_picked":[],"picked":"Jack Of All Trades","floor":46},{"not_picked":[],"picked":"Finesse","floor":46},{"not_picked":[],"picked":"Madness","floor":46},{"not_picked":[],"picked":"Slice+1","floor":48}],"player_experience":136234,"relics_obtained":[{"floor":9,"key":"Snake Skull"},{"floor":11,"key":"Shuriken"},{"floor":24,"key":"Anchor"},{"floor":25,"key":"Necronomicon"},{"floor":26,"key":"The Courier"},{"floor":38,"key":"Unceasing Top"},{"floor":41,"key":"Matryoshka"},{"floor":43,"key":"MawBank"},{"floor":43,"key":"Mummified Hand"}],"event_choices":[{"event_name":"The Cleric","player_choice":"Leave","floor":8,"damage_taken":0},{"event_name":"World of Goop","player_choice":"Gather Gold","floor":10,"damage_taken":0},{"event_name":"Purifier","player_choice":"Skipped","floor":19,"damage_taken":0},{"event_name":"Cursed Tome","player_choice":"Obtained Book","floor":25,"damage_taken":0},{"event_name":"Mysterious Sphere","player_choice":"Fight","floor":38,"damage_taken":0},{"event_name":"Tomb of Lord Red Mask","player_choice":"Ignored","floor":39,"damage_taken":0},{"event_name":"SensoryStone","player_choice":"Memory 3","floor":46,"damage_taken":0}],"is_beta":true,"boss_relics":[{"not_picked":["Ectoplasm","HoveringKite"],"picked":"Busted Crown"},{"not_picked":["Snecko Eye","Tiny House"],"picked":"Orrery"}],"items_purged_floors":[],"is_endless":false,"potions_floor_spawned":[1,2,3,5,6,7,11,13,14,16,18,20,21,22,24,28,30,31,33,35,36,37,38,41,44,45,48],"ascension_level":0}