{"gold_per_floor":[115,65,65,77,43,76,76,102,127,142,142,217,217,231,231,328,328,339,356,356,356,356,356,366,366,366,366,401,419,419,433,433,433],"floor_reached":33,"playtime":1580,"items_purged":[],"score":382,"play_id":"177187ee-356c-4792-a74a-d6ccbf698c89","local_time":"20190105232040","is_ascension_mode":true,"campfire_choices":[{"floor":7,"key":"REST"},{"data":"Dualcast","floor":11,"key":"SMITH"},{"floor":15,"key":"REST"},{"floor":23,"key":"REST"},{"floor":25,"key":"REST"},{"floor":30,"key":"REST"},{"floor":32,"key":"REST"}],"neow_cost":"NONE","seed_source_timestamp":1356093438020623,"circlet_count":0,"master_deck":["Zap+1","Dualcast+1","Heatsinks","Steam","Capacitor","Ball Lightning","Conserve Battery","Cold Snap","Doom and Gloom","Force Field","Multi-Cast","Auto Shields","Seek","BootSequence","Lockon","Turbo","Fusion+1","Gash","Multi-Cast","Coolheaded","Hologram"],"relics":["Cracked Core","Smiling Mask","Orichalcum","PreservedInsect","Pandora\u0027s Box","Enchiridion","Bag of Marbles","Oddly Smooth Stone"],"potions_floor_usage":[6,6,14,20,28,31,31],"damage_taken":[{"damage":0,"enemies":"Small Slimes","floor":1,"turns":2},{"damage":3,"enemies":"2 Louse","floor":4,"turns":2},{"damage":35,"enemies":"Lagavulin","floor":6,"turns":8},{"damage":32,"enemies":"Gremlin Nob","floor":8,"turns":4},{"damage":0,"enemies":"Cultist","floor":10,"turns":3},{"damage":0,"enemies":"Large Slime","floor":14,"turns":3},{"damage":12,"enemies":"Slime Boss","floor":16,"turns":10},{"damage":22,"enemies":"2 Thieves","floor":18,"turns":5},{"damage":6,"enemies":"Shell Parasite","floor":19,"turns":6},{"damage":17,"enemies":"Colosseum Slavers","floor":20,"turns":4},{"damage":21,"enemies":"Snake Plant","floor":24,"turns":3},{"damage":1,"enemies":"Gremlin Leader","floor":28,"turns":5},{"damage":7,"enemies":"Snecko","floor":29,"turns":7},{"damage":29,"enemies":"Cultist and Chosen","floor":31,"turns":7},{"damage":50,"enemies":"Collector","floor":33,"turns":5}],"seed_played":"-5234620450541002750","potions_obtained":[{"floor":1,"key":"Weak Potion"},{"floor":4,"key":"PowerPotion"},{"floor":8,"key":"PowerPotion"},{"floor":16,"key":"Regen Potion"},{"floor":24,"key":"Explosive Potion"},{"floor":28,"key":"Poison Potion"},{"floor":29,"key":"Block Potion"}],"is_trial":false,"path_per_floor":["M","?","?","M","$","E","R","E","T","M","R","?","?","M","R","B",null,"M","M","?","?","?","R","M","R","T","?","E","M","R","M","R","B"],"character_chosen":"DEFECT","items_purchased":["Capacitor"],"campfire_rested":6,"item_purchase_floors":[5],"current_hp_per_floor":[68,68,61,58,58,23,45,13,13,13,13,2,2,2,24,12,59,37,31,26,10,10,32,11,33,33,33,32,25,47,18,40,0],"gold":433,"neow_bonus":"UPGRADE_CARD","is_prod":false,"is_daily":false,"chose_seed":false,"campfire_upgraded":1,"win_rate":0,"timestamp":1546752040,"path_taken":["M","?","?","M","$","E","R","E","T","M","R","?","?","M","R","BOSS","M","?","?","?","?","R","M","R","T","?","E","M","R","M","R","BOSS"],"build_version":"2019-01-03v4","purchased_purges":0,"victory":false,"max_hp_per_floor":[75,75,75,75,75,75,75,75,75,75,75,75,75,75,75,75,75,75,75,75,75,75,75,75,75,75,75,75,75,75,75,75,75],"card_choices":[{"not_picked":["Rip and Tear","Streamline"],"picked":"Heatsinks","floor":1},{"not_picked":["Fusion","Turbo"],"picked":"Steam","floor":4},{"not_picked":["Conserve Battery","Leap"],"picked":"Ball Lightning","floor":6},{"not_picked":["Rebound","Tempest"],"picked":"Conserve Battery","floor":8},{"not_picked":["Rebound","Barrage"],"picked":"Cold Snap","floor":10},{"not_picked":["Leap","Rip and Tear"],"picked":"Force Field","floor":14},{"not_picked":["Core Surge","Biased Cognition"],"picked":"Multi-Cast","floor":16},{"not_picked":["Streamline","Go for the Eyes"],"picked":"Rebound","floor":18},{"not_picked":["Streamline","Cold Snap"],"picked":"Turbo","floor":19},{"not_picked":["Biased Cognition","Hello World+1"],"picked":"Fusion+1","floor":24},{"not_picked":["Leap","Steam"],"picked":"Multi-Cast","floor":28},{"not_picked":["Streamline+1","Ball Lightning"],"picked":"Coolheaded","floor":29},{"not_picked":["Go for the Eyes","Blizzard"],"picked":"Hologram","floor":31}],"player_experience":393598,"relics_obtained":[{"floor":6,"key":"Smiling Mask"},{"floor":8,"key":"Orichalcum"},{"floor":9,"key":"PreservedInsect"},{"floor":21,"key":"Enchiridion"},{"floor":26,"key":"Bag of Marbles"},{"floor":28,"key":"Oddly Smooth Stone"}],"event_choices":[{"cards_removed":["Strike_B"],"damage_healed":0,"gold_gain":0,"player_choice":"Card Removal","damage_taken":0,"max_hp_gain":0,"max_hp_loss":0,"event_name":"The Cleric","floor":2,"gold_loss":50},{"cards_removed":["Defend_B"],"damage_healed":0,"gold_gain":0,"player_choice":"Card Removal","damage_taken":7,"max_hp_gain":0,"max_hp_loss":0,"event_name":"Golden Wing","floor":3,"gold_loss":0},{"damage_healed":0,"gold_gain":75,"player_choice":"Gather Gold","damage_taken":11,"max_hp_gain":0,"max_hp_loss":0,"event_name":"World of Goop","floor":12,"gold_loss":0},{"damage_healed":0,"gold_gain":0,"cards_transformed":["Strike_B"],"player_choice":"Transformed","damage_taken":0,"max_hp_gain":0,"max_hp_loss":0,"event_name":"Transmorgrifier","floor":13,"gold_loss":0,"cards_obtained":["Doom and Gloom"]},{"damage_healed":0,"gold_gain":0,"player_choice":"Fight","damage_taken":0,"max_hp_gain":0,"max_hp_loss":0,"event_name":"Colosseum","floor":20,"gold_loss":0},{"damage_healed":0,"gold_gain":0,"player_choice":"Fled From Nobs","damage_taken":0,"max_hp_gain":0,"max_hp_loss":0,"event_name":"Colosseum","floor":20,"gold_loss":0},{"damage_healed":0,"gold_gain":0,"player_choice":"Obtained Book","damage_taken":16,"max_hp_gain":0,"max_hp_loss":0,"event_name":"Cursed Tome","floor":21,"gold_loss":0},{"cards_removed":["Fusion"],"damage_healed":0,"gold_gain":0,"player_choice":"Elegance","damage_taken":0,"max_hp_gain":0,"max_hp_loss":0,"event_name":"Back to Basics","floor":22,"gold_loss":0},{"damage_healed":0,"gold_gain":0,"cards_transformed":["Rebound"],"player_choice":"Transformed","damage_taken":0,"max_hp_gain":0,"max_hp_loss":0,"event_name":"Transmorgrifier","floor":27,"gold_loss":0,"cards_obtained":["Gash"]}],"is_beta":false,"boss_relics":[{"not_picked":["FrozenCore","Philosopher\u0027s Stone"],"picked":"Pandora\u0027s Box"}],"items_purged_floors":[],"is_endless":false,"potions_floor_spawned":[1,4,8,16,24,28,29],"killed_by":"Collector","ascension_level":8}