{"gold_per_floor":[110,110,126,126,139,174,209,221],"floor_reached":8,"playtime":631,"items_purged":[],"score":110,"play_id":"33acf7da-aee1-420a-9982-6987ada9a383","local_time":"20181129000727","is_ascension_mode":true,"campfire_choices":[],"neow_cost":"NONE","seed_source_timestamp":0,"circlet_count":0,"master_deck":["AscendersBane","Strike_B","Strike_B","Strike_B","Strike_B","Defend_B","Defend_B","Defend_B","Defend_B","Zap","Dualcast","Defragment","Go for the Eyes","Coolheaded","FTL","FTL"],"special_seed":0,"relics":["Cracked Core","NeowsBlessing","Golden Idol","Blood Vial","MawBank"],"potions_floor_usage":[7,8,8],"damage_taken":[{"damage":0.0,"enemies":"Small Slimes","floor":1.0,"turns":1.0},{"damage":0.0,"enemies":"2 Louse","floor":3.0,"turns":1.0},{"damage":0.0,"enemies":"Cultist","floor":5.0,"turns":1.0},{"damage":19.0,"enemies":"Lagavulin","floor":6.0,"turns":9.0},{"damage":12,"enemies":"Gremlin Gang","floor":7,"turns":4},{"damage":15,"enemies":"3 Sentries","floor":8,"turns":5}],"seed_played":"6040625925464845549","potions_obtained":[{"floor":1.0,"key":"Strength Potion"},{"floor":5.0,"key":"Dexterity Potion"},{"floor":6.0,"key":"Poison Potion"},{"floor":7,"key":"Dexterity Potion"}],"is_trial":false,"path_per_floor":["M","?","M","?","M","E","M","E"],"character_chosen":"DEFECT","items_purchased":[],"campfire_rested":0,"item_purchase_floors":[],"current_hp_per_floor":[64,40,40,40,42,25,15,2],"gold":221,"neow_bonus":"THREE_ENEMY_KILL","is_prod":false,"is_daily":false,"chose_seed":false,"campfire_upgraded":0,"win_rate":0,"timestamp":1543450047,"path_taken":["M","?","M","?","?","E","M","E"],"build_version":"2018-11-15","purchased_purges":0,"victory":false,"max_hp_per_floor":[71,71,71,71,71,71,71,71],"card_choices":[{"not_picked":["Chaos","Conserve Battery"],"picked":"Defragment","floor":1.0},{"not_picked":["Gash","Stack"],"picked":"Go for the Eyes","floor":3.0},{"not_picked":["Double Energy","Turbo"],"picked":"Coolheaded","floor":5.0},{"not_picked":["Steam","Cold Snap"],"picked":"FTL","floor":6.0},{"not_picked":["Ball Lightning","Gash"],"picked":"FTL","floor":7}],"player_experience":942544,"relics_obtained":[{"floor":6.0,"key":"MawBank"}],"event_choices":[{"damage_healed":0.0,"max_hp_gain":0.0,"max_hp_loss":0.0,"gold_gain":0.0,"event_name":"Golden Idol","player_choice":"Take Damage","floor":2.0,"gold_loss":0.0,"damage_taken":24.0,"relics_obtained":["Golden Idol"]},{"damage_healed":0.0,"max_hp_gain":0.0,"max_hp_loss":0.0,"gold_gain":0.0,"event_name":"WeMeetAgain","player_choice":"Gave Potion","floor":4.0,"gold_loss":0.0,"damage_taken":0.0,"relics_obtained":["Blood Vial"]}],"is_beta":true,"boss_relics":[],"items_purged_floors":[],"is_endless":false,"potions_floor_spawned":[1,5,6,7],"killed_by":"3 Sentries","ascension_level":18}