{"path_per_floor":["M","M","M","M","M","R","$","M","T","R","?","R","M","?","R","B",null,"M","?","?","?","M","R","M","M","T"],"character_chosen":"THE_SILENT","items_purchased":["Noxious Fumes"],"gold_per_floor":[117,130,144,161,174,174,22,0,0,0,100,100,115,145,145,246,246,246,246,246,246,246,246,246,246,246,246],"floor_reached":27,"campfire_rested":1,"playtime":1437,"item_purchase_floors":[7],"current_hp_per_floor":[62,62,61,52,37,37,37,34,34,34,34,34,28,28,49,41,63,57,57,44,44,39,39,30,24,24,0],"items_purged":["Strike_G"],"gold":246,"score":308,"play_id":"6cb26d5d-cdfd-49dc-9ff0-d781ad3dbdde","local_time":"20180529090422","is_prod":false,"is_daily":false,"chose_seed":false,"is_ascension_mode":true,"campfire_upgraded":4,"win_rate":0,"timestamp":1527609862,"campfire_choices":[{"data":"Footwork","floor":6,"key":"SMITH"},{"data":"Noxious Fumes","floor":10,"key":"SMITH"},{"data":"Leg Sweep","floor":12,"key":"SMITH"},{"floor":15,"key":"REST"},{"data":"After Image","floor":23,"key":"SMITH"}],"path_taken":["M","M","?","M","M","R","$","M","T","R","?","R","M","?","R","BOSS","M","?","?","?","M","R","M","M","T","E"],"build_version":"2018-05-24","seed_source_timestamp":674308296222629,"purchased_purges":1,"victory":false,"master_deck":["Defend_G","Defend_G","Defend_G","Defend_G","Defend_G","Strike_G","Strike_G","Strike_G","Survivor","Neutralize","AscendersBane","Sucker Punch","PiercingWail","Dagger Spray","Leg Sweep+1","Footwork+1","Noxious Fumes+1","Bouncing Flask","Backflip","After Image+1","Slice+1","Riddle With Holes+1","Slice+1"],"max_hp_per_floor":[70,70,70,70,70,70,70,70,70,70,70,70,70,70,70,70,70,70,70,75,75,75,75,75,75,75,75],"relics":["Ring of the Snake","Ninja Scroll","Ectoplasm","Pen Nib"],"card_choices":[{"not_picked":["Slice","Heel Hook"],"picked":"PiercingWail","floor":1},{"not_picked":["PiercingWail","Deadly Poison"],"picked":"Dagger Spray","floor":2},{"not_picked":["Blade Dance","Outmaneuver"],"picked":"Leg Sweep","floor":3},{"not_picked":["Bane","Poisoned Stab","Slice"],"picked":"SKIP","floor":4},{"not_picked":["Expertise","Outmaneuver"],"picked":"Footwork","floor":5},{"not_picked":["Flechettes","Dodge and Roll"],"picked":"Bouncing Flask","floor":8},{"not_picked":["Dagger Throw","Reflex"],"picked":"Backflip","floor":13},{"not_picked":["Phantasmal Killer","Adrenaline"],"picked":"After Image","floor":16},{"not_picked":["Sucker Punch","Poisoned Stab","Noxious Fumes"],"picked":"SKIP","floor":18},{"not_picked":["Deadly Poison","Bouncing Flask"],"picked":"Slice+1","floor":22},{"not_picked":["Cloak And Dagger+1","Backstab"],"picked":"Riddle With Holes+1","floor":24},{"not_picked":["Predator","Backstab"],"picked":"Slice+1","floor":25}],"player_experience":710503,"potions_floor_usage":[5,22,25,25,25,27],"damage_taken":[{"damage":1,"enemies":"Cultist","floor":1,"turns":4},{"damage":0,"enemies":"2 Louse","floor":2,"turns":4},{"damage":1,"enemies":"Jaw Worm","floor":3,"turns":6},{"damage":9,"enemies":"Lots of Slimes","floor":4,"turns":4},{"damage":15,"enemies":"Large Slime","floor":5,"turns":5},{"damage":3,"enemies":"Looter","floor":8,"turns":4},{"damage":6,"enemies":"Lots of Slimes","floor":13,"turns":4},{"damage":8,"enemies":"The Guardian","floor":16,"turns":9},{"damage":6,"enemies":"Shell Parasite","floor":18,"turns":7},{"damage":5,"enemies":"3 Byrds","floor":22,"turns":6},{"damage":9,"enemies":"Snake Plant","floor":24,"turns":6},{"damage":6,"enemies":"Cultist and Chosen","floor":25,"turns":3},{"damage":39,"enemies":"Slavers","floor":27,"turns":5}],"relics_obtained":[{"floor":9,"key":"Ninja Scroll"},{"floor":26,"key":"Pen Nib"}],"event_choices":[{"event_name":"Golden Shrine","player_choice":"Pray","floor":11,"damage_taken":0},{"event_name":"Dead Adventurer","player_choice":"Searched \u00272\u0027 times","floor":14,"damage_taken":0},{"event_name":"Vampires","player_choice":"Ignored","floor":19,"damage_taken":0},{"event_name":"Forgotten Altar","player_choice":"Shed Blood","floor":20,"damage_taken":0},{"event_name":"Golden Shrine","player_choice":"Pray","floor":21,"damage_taken":0}],"boss_relics":[{"not_picked":["Snecko Eye","Tiny House"],"picked":"Ectoplasm"}],"items_purged_floors":[7],"potions_floor_spawned":[4,5,13,16,22,25],"seed_played":"-7796554718145343326","killed_by":"Slavers","ascension_level":10,"potions_obtained":[{"floor":4,"key":"Fire Potion"},{"floor":5,"key":"FearPotion"},{"floor":13,"key":"Weak Potion"},{"floor":16,"key":"Block Potion"},{"floor":22,"key":"SteroidPotion"},{"floor":25,"key":"Regen Potion"}],"is_trial":false}