{"gold_per_floor":[11,11,29,44,57,86,2,2,28,28,53,73,84,97,97,192,192,203,302,321,236,252,252,268,268,268,268,282,207,223,223,223,321,321,332,351,233,251,251,283,298,298,298,298,173,173,188,288,288,288,288,288,37,37],"floor_reached":54,"playtime":2487,"items_purged":["Defend_R"],"score":706,"play_id":"c9d521af-d879-4399-9b72-3f3b643a1d29","local_time":"20181101083720","is_ascension_mode":false,"campfire_choices":[{"floor":8,"key":"RECALL"},{"data":"Dramatic Entrance","floor":10,"key":"SMITH"},{"data":"True Grit","floor":15,"key":"SMITH"},{"data":"Barricade","floor":23,"key":"SMITH"},{"data":"Intimidate","floor":25,"key":"SMITH"},{"data":"Berserk","floor":32,"key":"SMITH"},{"floor":42,"key":"REST"},{"floor":44,"key":"REST"},{"data":"Exhume","floor":49,"key":"SMITH"},{"data":"Juggernaut","floor":52,"key":"SMITH"}],"neow_cost":"NO_GOLD","seed_source_timestamp":596654758984443,"circlet_count":0,"master_deck":["Defend_R","Defend_R+1","Bash","Dramatic Entrance+1","Apotheosis+1","Metallicize","True Grit+1","Cleave+1","Pommel Strike","Pommel Strike","Rampage","Impervious","Shrug It Off","Barricade+1","Body Slam+1","Headbutt+1","Intimidate+1","Feel No Pain","Brutality","Berserk+1","Exhume+1","Disarm","Ghostly Armor+1","Juggernaut+1","Flame Barrier"],"relics":["Burning Blood","War Paint","Oddly Smooth Stone","Paper Frog","Empty Cage","Pantograph","Dream Catcher","Philosopher\u0027s Stone","Whetstone","Letter Opener","Magic Flower","Strawberry"],"potions_floor_usage":[11,16,16,20,24,33,33,33,33,40,50,50,50],"damage_taken":[{"damage":8,"enemies":"Jaw Worm","floor":1,"turns":3},{"damage":0,"enemies":"Cultist","floor":3,"turns":4},{"damage":0,"enemies":"Small Slimes","floor":4,"turns":3},{"damage":1,"enemies":"2 Fungi Beasts","floor":5,"turns":2},{"damage":12,"enemies":"Lagavulin","floor":6,"turns":7},{"damage":0,"enemies":"3 Sentries","floor":11,"turns":7},{"damage":0,"enemies":"3 Louse","floor":12,"turns":2},{"damage":0,"enemies":"Large Slime","floor":13,"turns":6},{"damage":0,"enemies":"2 Fungi Beasts","floor":14,"turns":3},{"damage":10,"enemies":"Hexaghost","floor":16,"turns":11},{"damage":9,"enemies":"Shell Parasite","floor":18,"turns":9},{"damage":11,"enemies":"2 Thieves","floor":20,"turns":3},{"damage":19,"enemies":"Snake Plant","floor":22,"turns":8},{"damage":0,"enemies":"Snecko","floor":24,"turns":6},{"damage":25,"enemies":"3 Cultists","floor":28,"turns":7},{"damage":12,"enemies":"Shelled Parasite and Fungi","floor":30,"turns":6},{"damage":60,"enemies":"Automaton","floor":33,"turns":12},{"damage":0,"enemies":"3 Shapes","floor":35,"turns":6},{"damage":28,"enemies":"3 Darklings","floor":36,"turns":5},{"damage":7,"enemies":"Maw","floor":38,"turns":7},{"damage":33,"enemies":"Reptomancer","floor":40,"turns":7},{"damage":12,"enemies":"Sphere and 2 Shapes","floor":41,"turns":6},{"damage":0,"enemies":"4 Shapes","floor":47,"turns":7},{"damage":5,"enemies":"Mind Bloom Boss Battle","floor":48,"turns":6},{"damage":33,"enemies":"Time Eater","floor":50,"turns":11},{"damage":100,"enemies":"Shield and Spear","floor":54,"turns":5}],"seed_played":"-149324160805604535","potions_obtained":[{"floor":3,"key":"Fire Potion"},{"floor":4,"key":"Explosive Potion"},{"floor":11,"key":"Block Potion"},{"floor":13,"key":"Weak Potion"},{"floor":16,"key":"EntropicBrew"},{"floor":18,"key":"Ancient Potion"},{"floor":22,"key":"BloodPotion"},{"floor":30,"key":"SteroidPotion"},{"floor":36,"key":"Dexterity Potion"}],"is_trial":false,"path_per_floor":["M","?","M","M","M","E","?","R","T","R","E","M","M","M","R","B",null,"M","?","M","?","M","R","M","R","T","?","M","$","M","?","R","B",null,"M","M","$","M","?","E","M","R","T","R","$","?","M","?","R","B",null,"R","$","E"],"character_chosen":"IRONCLAD","items_purchased":["Disarm","Dexterity Potion","Dexterity Potion","Flame Barrier","Dexterity Potion","Strawberry","Strength Potion"],"campfire_rested":2,"item_purchase_floors":[37,37,45,45,53,53,53],"current_hp_per_floor":[78,71,77,80,80,74,74,74,74,74,80,80,80,80,80,76,80,77,77,72,72,59,59,65,65,65,65,46,46,40,40,40,27,80,80,58,58,57,57,30,24,48,48,72,72,72,76,76,76,52,76,76,83,0],"gold":37,"neow_bonus":"RANDOM_COLORLESS_2","is_prod":false,"is_daily":false,"chose_seed":false,"campfire_upgraded":7,"win_rate":0,"timestamp":1541086640,"path_taken":["M","?","M","M","M","E","?","R","T","R","E","M","?","?","R","BOSS","M","?","M","?","M","R","M","R","T","?","M","$","M","?","R","BOSS","M","M","$","M","?","E","M","R","T","R","$","?","M","?","R","BOSS","R","$","E"],"build_version":"2018-10-30","purchased_purges":1,"victory":false,"max_hp_per_floor":[80,80,80,80,80,80,80,80,80,80,80,80,80,80,80,80,80,80,80,80,80,80,80,80,80,80,80,80,80,80,80,80,80,80,80,80,80,80,80,80,80,80,80,80,80,76,76,76,76,76,76,76,83,83],"card_choices":[{"not_picked":["Battle Trance","Flex"],"picked":"Metallicize","floor":1},{"not_picked":["Armaments","Iron Wave"],"picked":"True Grit","floor":3},{"not_picked":["Corruption","Armaments"],"picked":"Cleave","floor":4},{"not_picked":["Sword Boomerang","Burning Pact"],"picked":"Pommel Strike","floor":5},{"not_picked":["Clash","Rupture"],"picked":"Pommel Strike","floor":6},{"not_picked":["Second Wind","Anger"],"picked":"Rampage","floor":11},{"not_picked":["Twin Strike","Pommel Strike"],"picked":"Impervious","floor":12},{"not_picked":["Wild Strike","Twin Strike"],"picked":"Shrug It Off","floor":13},{"not_picked":["Headbutt","Flex","Heavy Blade"],"picked":"SKIP","floor":14},{"not_picked":["Impervious","Limit Break"],"picked":"Barricade","floor":16},{"not_picked":["True Grit","Cleave+1"],"picked":"Body Slam+1","floor":18},{"not_picked":["Rage","Dropkick"],"picked":"Headbutt","floor":20},{"not_picked":["Body Slam","True Grit"],"picked":"Intimidate","floor":22},{"not_picked":["Cleave","Pommel Strike","Dark Embrace"],"picked":"SKIP","floor":24},{"not_picked":["Sever Soul","Anger","Perfected Strike"],"picked":"SKIP","floor":28},{"not_picked":["Infernal Blade","Sword Boomerang"],"picked":"Feel No Pain","floor":30},{"not_picked":["Bludgeon","Feed"],"picked":"Exhume","floor":33},{"not_picked":["Iron Wave","Heavy Blade+1","Flex+1"],"picked":"SKIP","floor":35},{"not_picked":["Pommel Strike+1","Heavy Blade+1","Flex"],"picked":"SKIP","floor":36},{"not_picked":["Flex+1","Twin Strike"],"picked":"Ghostly Armor+1","floor":38},{"not_picked":["Cleave+1","Intimidate+1","Thunderclap"],"picked":"SKIP","floor":40},{"not_picked":["Headbutt","Fire Breathing+1","True Grit"],"picked":"SKIP","floor":41},{"not_picked":["Battle Trance","Burning Pact+1"],"picked":"Juggernaut","floor":44},{"not_picked":["Clash","Warcry+1","Rampage+1"],"picked":"SKIP","floor":47}],"player_experience":912201,"relics_obtained":[{"floor":6,"key":"War Paint"},{"floor":11,"key":"Paper Frog"},{"floor":26,"key":"Dream Catcher"},{"floor":40,"key":"Whetstone"},{"floor":43,"key":"Letter Opener"},{"floor":48,"key":"Magic Flower"}],"event_choices":[{"cards_removed":["Strike_R"],"damage_healed":0,"gold_gain":0,"player_choice":"Card Removal","damage_taken":7,"max_hp_gain":0,"max_hp_loss":0,"event_name":"Golden Wing","floor":2,"gold_loss":0},{"damage_healed":0,"gold_gain":0,"player_choice":"Paid Gold","damage_taken":0,"relics_obtained":["Oddly Smooth Stone"],"max_hp_gain":0,"max_hp_loss":0,"event_name":"WeMeetAgain","floor":7,"gold_loss":84},{"damage_healed":0,"gold_gain":99,"player_choice":"Stole From Cult","damage_taken":0,"max_hp_gain":0,"max_hp_loss":0,"event_name":"Nest","floor":19,"gold_loss":0},{"damage_healed":0,"gold_gain":0,"player_choice":"Obtained Relic","damage_taken":0,"relics_obtained":["Pantograph"],"max_hp_gain":0,"max_hp_loss":0,"event_name":"Addict","floor":21,"gold_loss":85},{"cards_removed":["Strike_R"],"damage_healed":0,"gold_gain":0,"player_choice":"Elegance","damage_taken":0,"max_hp_gain":0,"max_hp_loss":0,"event_name":"Back to Basics","floor":27,"gold_loss":0},{"damage_healed":0,"gold_gain":0,"cards_transformed":["Strike_R","Defend_R"],"player_choice":"Became Test Subject","damage_taken":0,"max_hp_gain":0,"max_hp_loss":0,"event_name":"Drug Dealer","floor":31,"gold_loss":0,"cards_obtained":["Brutality","Berserk"]},{"damage_healed":0,"gold_gain":0,"player_choice":"Ignored","damage_taken":0,"max_hp_gain":0,"max_hp_loss":0,"event_name":"Mysterious Sphere","floor":39,"gold_loss":0},{"damage_healed":0,"gold_gain":0,"player_choice":"Max HP","damage_taken":0,"max_hp_gain":0,"max_hp_loss":4,"event_name":"Winding Halls","floor":46,"gold_loss":0},{"damage_healed":0,"gold_gain":0,"player_choice":"Fight","damage_taken":0,"max_hp_gain":0,"max_hp_loss":0,"event_name":"MindBloom","floor":48,"gold_loss":0}],"is_beta":true,"boss_relics":[{"not_picked":["Busted Crown","Calling Bell"],"picked":"Empty Cage"},{"not_picked":["Black Blood","Sozu"],"picked":"Philosopher\u0027s Stone"}],"items_purged_floors":[29],"is_endless":false,"potions_floor_spawned":[3,4,11,13,16,18,22,30,36,38,48],"killed_by":"Shield and Spear","ascension_level":0}