{"gold_per_floor":[115,127,138,213,223,223,223,242,242,254,269,297,60,73,73,150,150,163,183,198,216,216],"floor_reached":22,"playtime":879,"items_purged":["Strike_B"],"score":369,"play_id":"01b0d70b-f5ff-417c-92ee-51e11d7126a6","local_time":"20181020002157","is_ascension_mode":true,"campfire_choices":[{"data":"Zap","floor":6,"key":"SMITH"},{"data":"Beam Cell","floor":15,"key":"SMITH"}],"neow_cost":"NONE","seed_source_timestamp":431599229086470,"circlet_count":0,"master_deck":["Strike_B","Strike_B","Strike_B","Defend_B","Defend_B","Defend_B","Defend_B","Zap+1","Dualcast+1","AscendersBane","Compile Driver","Ball Lightning","Undo","BootSequence","Go for the Eyes","Coolheaded","Cold Snap","Beam Cell+1","All For One","Self Repair","Gash"],"relics":["Cracked Core","Dream Catcher","Meat on the Bone","Lantern","Bronze Scales","Cursed Key"],"potions_floor_usage":[12,16,19,22],"damage_taken":[{"damage":5,"enemies":"Small Slimes","floor":1,"turns":4},{"damage":0,"enemies":"2 Louse","floor":2,"turns":3},{"damage":2,"enemies":"Jaw Worm","floor":3,"turns":3},{"damage":1,"enemies":"2 Fungi Beasts","floor":5,"turns":3},{"damage":2,"enemies":"Lots of Slimes","floor":8,"turns":5},{"damage":9,"enemies":"Looter","floor":10,"turns":3},{"damage":11,"enemies":"Exordium Thugs","floor":11,"turns":4},{"damage":2,"enemies":"3 Sentries","floor":12,"turns":7},{"damage":2,"enemies":"Red Slaver","floor":14,"turns":3},{"damage":7,"enemies":"Slime Boss","floor":16,"turns":8},{"damage":1,"enemies":"Chosen","floor":18,"turns":4},{"damage":12,"enemies":"Spheric Guardian","floor":19,"turns":4},{"damage":32,"enemies":"Centurion and Healer","floor":20,"turns":8},{"damage":25,"enemies":"Shelled Parasite and Fungi","floor":21,"turns":5},{"damage":42,"enemies":"Cultist and Chosen","floor":22,"turns":5}],"seed_played":"-2062523634479905564","potions_obtained":[{"floor":1,"key":"EssenceOfSteel"},{"floor":5,"key":"Strength Potion"},{"floor":12,"key":"SkillPotion"},{"floor":19,"key":"FearPotion"}],"is_trial":false,"path_per_floor":["M","M","M","?","M","R","?","M","T","M","M","E","$","M","R","B",null,"M","M","M","M"],"character_chosen":"DEFECT","items_purchased":["Bronze Scales"],"campfire_rested":0,"item_purchase_floors":[13],"current_hp_per_floor":[59,59,57,46,45,45,45,43,43,46,47,45,45,43,43,36,62,61,49,36,30,0],"gold":216,"neow_bonus":"RANDOM_COMMON_RELIC","is_prod":false,"is_daily":false,"chose_seed":false,"campfire_upgraded":2,"win_rate":0,"timestamp":1540020117,"path_taken":["M","M","M","?","M","R","?","M","T","M","M","E","$","?","R","BOSS","M","M","M","M","M"],"build_version":"2018-10-19","purchased_purges":1,"victory":false,"max_hp_per_floor":[71,71,71,71,71,71,71,71,71,71,71,71,71,71,71,71,71,71,71,71,71,71],"card_choices":[{"not_picked":["Aggregate","Stack"],"picked":"Compile Driver","floor":1},{"not_picked":["Hologram","Streamline"],"picked":"Ball Lightning","floor":2},{"not_picked":["Reinforced Body","Streamline"],"picked":"Undo","floor":3},{"not_picked":["Loop","Redo"],"picked":"BootSequence","floor":5},{"not_picked":["Darkness","Reprogram"],"picked":"Go for the Eyes","floor":8},{"not_picked":["Melter","Turbo"],"picked":"Coolheaded","floor":10},{"not_picked":["Amplify","Chill"],"picked":"Cold Snap","floor":11},{"not_picked":["Streamline","Turbo","Reinforced Body"],"picked":"SKIP","floor":12},{"not_picked":["Leap","Undo"],"picked":"Beam Cell","floor":14},{"not_picked":["Reboot","Biased Cognition"],"picked":"All For One","floor":16},{"not_picked":["Redo","Turbo","Aggregate"],"picked":"SKIP","floor":18},{"not_picked":["Static Discharge","Beam Cell"],"picked":"Self Repair","floor":19},{"not_picked":["Hologram","Chaos","Turbo"],"picked":"SKIP","floor":20},{"not_picked":["Redo","Thunder Strike"],"picked":"Gash","floor":21}],"player_experience":888579,"relics_obtained":[{"floor":9,"key":"Meat on the Bone"},{"floor":12,"key":"Lantern"}],"event_choices":[{"damage_healed":0,"gold_gain":75,"player_choice":"Gather Gold","damage_taken":11,"max_hp_gain":0,"max_hp_loss":0,"event_name":"World of Goop","floor":4,"gold_loss":0},{"damage_healed":0,"gold_gain":0,"player_choice":"Forge","damage_taken":0,"max_hp_gain":0,"max_hp_loss":0,"event_name":"Accursed Blacksmith","floor":7,"gold_loss":0,"cards_upgraded":["Dualcast"]}],"is_beta":true,"boss_relics":[{"not_picked":["Calling Bell","Runic Dome"],"picked":"Cursed Key"}],"items_purged_floors":[13],"is_endless":false,"potions_floor_spawned":[1,5,12,14,19],"killed_by":"Cultist and Chosen","ascension_level":18}