{"gold_per_floor":[111,111,142,154,183,195,238,250,330,354,385,42,62,95,95,199,199,211,211,211,226,226],"floor_reached":22,"playtime":1639,"items_purged":[],"score":309,"play_id":"9b1bfead-e4af-4c30-9c05-f1f7d677940c","local_time":"20190108013704","is_ascension_mode":true,"campfire_choices":[{"data":"Shockwave","floor":6.0,"key":"SMITH"},{"data":"Metallicize","floor":8.0,"key":"SMITH"},{"data":"Barricade","floor":15,"key":"SMITH"}],"neow_cost":"NONE","seed_source_timestamp":1747340354662833,"circlet_count":0,"master_deck":["Strike_R","Strike_R","Strike_R","Defend_R","Defend_R","Defend_R","Defend_R","Bash","Shockwave+1","Headbutt","Metallicize+1","Ghostly Armor","Iron Wave","Hemokinesis","Corruption","Barricade+1","Juggernaut","Pain","Regret","Pain","Anger+1","Uppercut+1"],"special_seed":0,"relics":["Burning Blood","MawBank","Smiling Mask","Matryoshka","Sling","Anchor","Dream Catcher","Calling Bell","Centennial Puzzle","Blue Candle","Ginger"],"potions_floor_usage":[10,14,16,21,22,22],"damage_taken":[{"damage":7.0,"enemies":"Jaw Worm","floor":1.0,"turns":4.0},{"damage":1.0,"enemies":"Cultist","floor":3.0,"turns":3.0},{"damage":3.0,"enemies":"2 Louse","floor":5.0,"turns":3.0},{"damage":16.0,"enemies":"Lagavulin","floor":7.0,"turns":10.0},{"damage":0,"enemies":"Gremlin Gang","floor":10,"turns":5},{"damage":7,"enemies":"2 Fungi Beasts","floor":11,"turns":4},{"damage":8,"enemies":"3 Louse","floor":13,"turns":3},{"damage":9,"enemies":"3 Sentries","floor":14,"turns":11},{"damage":18,"enemies":"The Guardian","floor":16,"turns":14},{"damage":20,"enemies":"Shell Parasite","floor":18,"turns":6},{"damage":25,"enemies":"Spheric Guardian","floor":21,"turns":4},{"damage":36,"enemies":"Snake Plant","floor":22,"turns":4}],"seed_played":"7223368337224624926","potions_obtained":[{"floor":1.0,"key":"Weak Potion"},{"floor":7.0,"key":"SteroidPotion"},{"floor":10,"key":"Dexterity Potion"},{"floor":14,"key":"LiquidBronze"},{"floor":16,"key":"Fire Potion"},{"floor":20,"key":"FairyPotion"},{"floor":20,"key":"SteroidPotion"},{"floor":21,"key":"Fire Potion"}],"is_trial":false,"path_per_floor":["M","?","M","?","M","R","E","R","T","M","M","$","M","E","R","B",null,"M","?","?","M","M"],"character_chosen":"IRONCLAD","items_purchased":["Sling","Anchor"],"campfire_rested":0,"item_purchase_floors":[12,12],"current_hp_per_floor":[71,71,76,76,79,79,69,69,69,75,74,74,72,69,69,57,74,60,45,45,26,0],"gold":226,"neow_bonus":"TRANSFORM_CARD","is_prod":false,"is_daily":false,"chose_seed":false,"campfire_upgraded":3,"win_rate":0,"timestamp":1546929424,"path_taken":["M","?","?","?","M","R","E","R","T","M","?","$","M","E","R","BOSS","M","?","?","M","?"],"build_version":"2019-01-03v4","purchased_purges":0,"victory":false,"max_hp_per_floor":[80,80,80,80,80,80,80,80,80,80,80,80,80,80,80,80,80,80,85,85,85,85],"card_choices":[{"not_picked":["Entrench","Warcry"],"picked":"Headbutt","floor":1.0},{"not_picked":["Ghostly Armor","Body Slam"],"picked":"Metallicize","floor":3.0},{"not_picked":["Bloodletting","Cleave"],"picked":"Ghostly Armor","floor":5.0},{"not_picked":["Blood for Blood","Shockwave","Rage"],"picked":"SKIP","floor":7.0},{"not_picked":["Evolve","Cleave"],"picked":"Iron Wave","floor":10},{"not_picked":["Flex","Clothesline"],"picked":"Hemokinesis","floor":11},{"not_picked":["Perfected Strike","Bludgeon"],"picked":"Corruption","floor":13},{"not_picked":["Evolve","Whirlwind"],"picked":"Barricade","floor":14},{"not_picked":["Offering","Barricade"],"picked":"Juggernaut","floor":16},{"not_picked":["Rupture+1","Clash+1"],"picked":"Anger+1","floor":18},{"not_picked":["Sever Soul","Sword Boomerang+1"],"picked":"Uppercut+1","floor":21}],"player_experience":433323,"relics_obtained":[{"floor":2.0,"key":"MawBank"},{"floor":7.0,"key":"Smiling Mask"},{"floor":9.0,"key":"Matryoshka"},{"floor":14,"key":"Dream Catcher"},{"floor":17,"key":"Centennial Puzzle"},{"floor":17,"key":"Blue Candle"},{"floor":17,"key":"Ginger"}],"event_choices":[{"damage_healed":0.0,"max_hp_gain":0.0,"max_hp_loss":0.0,"gold_gain":0.0,"event_name":"Wheel of Change","player_choice":"Relic","floor":2.0,"gold_loss":0.0,"damage_taken":0.0},{"cards_removed":["Strike_R"],"damage_healed":0.0,"max_hp_gain":0.0,"max_hp_loss":0.0,"gold_gain":0.0,"event_name":"Bonfire Elementals","player_choice":"Offered Basic","floor":4.0,"gold_loss":0.0,"damage_taken":0.0},{"damage_healed":0,"gold_gain":0,"player_choice":"Shed Blood","damage_taken":20,"max_hp_gain":5,"max_hp_loss":0,"event_name":"Forgotten Altar","floor":19,"gold_loss":0},{"damage_healed":0,"gold_gain":0,"player_choice":"Got Potions","damage_taken":0,"max_hp_gain":0,"max_hp_loss":0,"event_name":"Lab","floor":20,"gold_loss":0}],"is_beta":false,"boss_relics":[{"not_picked":["White Beast Statue","Snecko Eye"],"picked":"Calling Bell"}],"items_purged_floors":[],"is_endless":false,"potions_floor_spawned":[1,7,10,14,16,21],"killed_by":"Snake Plant","ascension_level":8}