{"gold_per_floor":[114,35,210,224,224,257,292,327,327,327,345,363,363,373,373,474,474,490,91,28,40,58,58,89,89,138,170,170,180,180,65,65,165,165,184,184,199,199],"floor_reached":38,"playtime":1990,"items_purged":["Clumsy"],"score":603,"play_id":"265d968d-4dc8-4cf0-9b3d-9cb3050eb773","local_time":"20181227002445","is_ascension_mode":true,"campfire_choices":[{"data":"Bouncing Flask","floor":10.0,"key":"SMITH"},{"floor":15.0,"key":"REST"},{"data":"Glass Knife","floor":23.0,"key":"SMITH"},{"floor":25.0,"key":"REST"},{"floor":28.0,"key":"RECALL"},{"floor":30.0,"key":"REST"},{"data":"Sucker Punch","floor":32.0,"key":"SMITH"}],"neow_cost":"NONE","seed_source_timestamp":705838906933203,"circlet_count":0,"master_deck":["Defend_G","Defend_G","Defend_G","Defend_G","Defend_G","Strike_G","Strike_G","Strike_G","Strike_G","Survivor","Neutralize","Sucker Punch+1","Backstab","Bouncing Flask+1","Distraction","Bane","Bane","Storm of Steel","Poisoned Stab","Heel Hook","All Out Attack","Burst","Sucker Punch+1","Glass Knife+1","Noxious Fumes","Backflip+1","Flying Knee+1","Deadly Poison+1","Dagger Throw","Bane","Footwork","Corpse Explosion","Distraction+1","Bane+1"],"special_seed":0,"relics":["Ring of the Snake","NeowsBlessing","WingedGreaves","Pantograph","Nunchaku","Mango","Cursed Key","Shuriken","Pen Nib","Oddly Smooth Stone","Regal Pillow","White Beast Statue"],"potions_floor_usage":[],"damage_taken":[{"damage":0.0,"enemies":"Small Slimes","floor":1.0,"turns":1.0},{"damage":0.0,"enemies":"Cultist","floor":4.0,"turns":1.0},{"damage":0.0,"enemies":"Gremlin Nob","floor":6.0,"turns":1.0},{"damage":28.0,"enemies":"Lagavulin","floor":7.0,"turns":6.0},{"damage":17.0,"enemies":"3 Sentries","floor":8.0,"turns":8.0},{"damage":0.0,"enemies":"2 Louse","floor":11.0,"turns":1.0},{"damage":6.0,"enemies":"Exordium Thugs","floor":12.0,"turns":4.0},{"damage":8.0,"enemies":"Looter","floor":14.0,"turns":2.0},{"damage":50.0,"enemies":"Slime Boss","floor":16.0,"turns":10.0},{"damage":6.0,"enemies":"3 Byrds","floor":18.0,"turns":5.0},{"damage":13.0,"enemies":"Shell Parasite","floor":21.0,"turns":4.0},{"damage":15.0,"enemies":"Centurion and Healer","floor":22.0,"turns":4.0},{"damage":10.0,"enemies":"Slavers","floor":24.0,"turns":4.0},{"damage":22.0,"enemies":"Book of Stabbing","floor":27.0,"turns":5.0},{"damage":11.0,"enemies":"3 Cultists","floor":29.0,"turns":4.0},{"damage":46,"enemies":"Automaton","floor":33,"turns":6},{"damage":20,"enemies":"Orb Walker","floor":35,"turns":3},{"damage":17,"enemies":"3 Darklings","floor":37,"turns":2},{"damage":51,"enemies":"Jaw Worm Horde","floor":38,"turns":3}],"seed_played":"5205204163177661040","potions_obtained":[{"floor":1.0,"key":"Explosive Potion"},{"floor":4.0,"key":"GhostInAJar"},{"floor":6.0,"key":"Swift Potion"},{"floor":12.0,"key":"Block Potion"},{"floor":16.0,"key":"SpeedPotion"},{"floor":21.0,"key":"Dexterity Potion"},{"floor":29.0,"key":"LiquidBronze"},{"floor":35,"key":"GamblersBrew"},{"floor":37,"key":"SpeedPotion"}],"is_trial":false,"path_per_floor":["M","$","?","M","?","E","E","E","T","R","M","M","?","M","R","B",null,"M","$","?","M","M","R","E","R","T","E","R","M","R","$","R","B",null,"M","?","M","M"],"character_chosen":"THE_SILENT","items_purchased":["Backstab","Glass Knife","Shuriken","Noxious Fumes","Footwork"],"campfire_rested":3,"item_purchase_floors":[2,19,19,19,31],"current_hp_per_floor":[70,70,70,70,70,70,42,25,39,39,39,33,33,25,50,25,84,78,78,78,65,50,50,40,65,65,43,43,32,72,72,72,38,84,64,64,47,0],"gold":199,"neow_bonus":"THREE_ENEMY_KILL","is_prod":false,"is_daily":false,"chose_seed":false,"campfire_upgraded":3,"win_rate":0,"timestamp":1545888285,"path_taken":["M","$","?","M","?","E","E","E","T","R","?","M","?","M","R","BOSS","M","$","?","M","M","R","E","R","T","E","R","M","R","?","R","BOSS","M","?","M","M"],"build_version":"2018-12-20","purchased_purges":1,"victory":false,"max_hp_per_floor":[70,70,70,70,70,70,70,70,84,84,84,84,84,84,84,84,84,84,84,84,84,84,84,84,84,84,84,84,84,84,84,84,84,84,84,80,80,80],"card_choices":[{"not_picked":["Expertise","Dagger Spray"],"picked":"Sucker Punch","floor":1.0},{"not_picked":["Acrobatics","Bane"],"picked":"Bouncing Flask","floor":4.0},{"not_picked":["Calculated Gamble","Slice"],"picked":"Bane","floor":6.0},{"not_picked":["Heel Hook","Outmaneuver"],"picked":"Bane","floor":7.0},{"not_picked":["Skewer","Flechettes"],"picked":"Storm of Steel","floor":8.0},{"not_picked":["Dagger Throw","Underhanded Strike"],"picked":"Poisoned Stab","floor":11.0},{"not_picked":["Slice","Calculated Gamble"],"picked":"Heel Hook","floor":12.0},{"not_picked":["Outmaneuver","Cloak And Dagger"],"picked":"All Out Attack","floor":14.0},{"not_picked":["Wraith Form v2","Night Terror"],"picked":"Burst","floor":16.0},{"not_picked":["Caltrops","Eviscerate"],"picked":"Sucker Punch+1","floor":18.0},{"not_picked":["Riddle With Holes","Expertise"],"picked":"Backflip+1","floor":21.0},{"not_picked":["Dagger Throw","Quick Slash"],"picked":"Flying Knee+1","floor":22.0},{"not_picked":["Distraction","Riddle With Holes+1"],"picked":"Deadly Poison+1","floor":24.0},{"not_picked":["Blur","Night Terror"],"picked":"Dagger Throw","floor":27.0},{"not_picked":["Expertise","Blade Dance"],"picked":"Bane","floor":29.0},{"not_picked":["After Image","Phantasmal Killer"],"picked":"Corpse Explosion","floor":33},{"not_picked":["Well Laid Plans+1","Dash+1"],"picked":"Distraction+1","floor":35},{"not_picked":["Flying Knee+1","Slice"],"picked":"Bane+1","floor":37}],"player_experience":255402,"relics_obtained":[{"floor":6.0,"key":"WingedGreaves"},{"floor":7.0,"key":"Pantograph"},{"floor":8.0,"key":"Nunchaku"},{"floor":9.0,"key":"Mango"},{"floor":24.0,"key":"Oddly Smooth Stone"},{"floor":27.0,"key":"Regal Pillow"}],"event_choices":[{"damage_healed":0.0,"max_hp_gain":0.0,"max_hp_loss":0.0,"gold_gain":175.0,"event_name":"Liars Game","player_choice":"AGREE","floor":3.0,"gold_loss":0.0,"damage_taken":0.0,"cards_obtained":["Doubt"]},{"damage_healed":0.0,"max_hp_gain":0.0,"max_hp_loss":0.0,"gold_gain":0.0,"cards_transformed":["Strike_G"],"event_name":"Transmorgrifier","player_choice":"Transformed","floor":5.0,"gold_loss":0.0,"damage_taken":0.0,"cards_obtained":["Distraction"]},{"cards_removed":["Doubt"],"damage_healed":0.0,"max_hp_gain":0.0,"max_hp_loss":0.0,"gold_gain":0.0,"event_name":"Living Wall","player_choice":"Forget","floor":13.0,"gold_loss":0.0,"damage_taken":0.0},{"damage_healed":0.0,"max_hp_gain":0.0,"max_hp_loss":0.0,"gold_gain":0.0,"event_name":"WeMeetAgain","player_choice":"Paid Gold","floor":20.0,"gold_loss":63.0,"damage_taken":0.0,"relics_obtained":["Pen Nib"]},{"damage_healed":0,"gold_gain":0,"player_choice":"Max HP","damage_taken":0,"max_hp_gain":0,"max_hp_loss":4,"event_name":"Winding Halls","floor":36,"gold_loss":0}],"is_beta":false,"boss_relics":[{"not_picked":["Runic Dome","Orrery"],"picked":"Cursed Key"},{"not_picked":["Coffee Dripper","WristBlade"],"picked":"White Beast Statue"}],"items_purged_floors":[31],"is_endless":false,"potions_floor_spawned":[1,4,6,12,16,21,22,29,35,37],"killed_by":"Jaw Worm Horde","ascension_level":4}