{"gold_per_floor":[119,119,194,27,27,60,60,79,106,126,11,11,44,44,44,121,121,139,139,139,210,221,249,249,266,292,304,219,233,233,244,244,320,320,339,355,365,365,13,27,60,60,60,32,57,57,57,70,70,70],"floor_reached":50,"playtime":2793,"items_purged":[],"score":1106,"play_id":"8f0cdcf8-80e6-41b9-af4c-b921b6d6a60f","local_time":"20181209163656","is_ascension_mode":true,"campfire_choices":[{"floor":7.0,"key":"REST"},{"data":"Body Slam","floor":12.0,"key":"SMITH"},{"floor":15.0,"key":"REST"},{"floor":24.0,"key":"REST"},{"data":"Demon Form","floor":32.0,"key":"SMITH"},{"floor":42.0,"key":"REST"},{"floor":47.0,"key":"RECALL"},{"floor":49.0,"key":"REST"}],"neow_cost":"TEN_PERCENT_HP_LOSS","seed_source_timestamp":0,"circlet_count":0,"master_deck":["AscendersBane","Strike_R+1","Strike_R","Strike_R","Strike_R","Strike_R","Defend_R","Defend_R","Defend_R","Defend_R+1","Bash","Headbutt","Armaments+1","Flame Barrier","Body Slam+1","Demon Form+1","Metallicize","Shockwave","Shrug It Off","Headbutt","Dark Embrace","Iron Wave+1","Sentinel","Juggernaut","Shrug It Off","Burning Pact","Sword Boomerang","Pummel","Reaper","Warcry","Burning Pact","Cleave","Impervious","Panache","Intimidate","Seeing Red","True Grit"],"special_seed":0,"relics":["Burning Blood","Gambling Chip","Oddly Smooth Stone","Red Skull","Philosopher\u0027s Stone","Nunchaku","Kunai","Bag of Preparation","Orichalcum","Self Forming Clay","Sozu","Bronze Scales","Bottled Lightning","Vajra","Ginger","SsserpentHead"],"potions_floor_usage":[],"damage_taken":[{"damage":11.0,"enemies":"Jaw Worm","floor":1.0,"turns":4.0},{"damage":35.0,"enemies":"3 Sentries","floor":6.0,"turns":10.0},{"damage":0.0,"enemies":"Small Slimes","floor":8.0,"turns":3.0},{"damage":0.0,"enemies":"2 Louse","floor":10.0,"turns":3.0},{"damage":12.0,"enemies":"Lagavulin","floor":13.0,"turns":8.0},{"damage":39.0,"enemies":"The Guardian","floor":16.0,"turns":10.0},{"damage":12.0,"enemies":"Shell Parasite","floor":18.0,"turns":6.0},{"damage":9.0,"enemies":"Chosen","floor":22.0,"turns":6.0},{"damage":33.0,"enemies":"Slavers","floor":23.0,"turns":8.0},{"damage":10.0,"enemies":"Snake Plant","floor":25.0,"turns":5.0},{"damage":1.0,"enemies":"3 Cultists","floor":27.0,"turns":5.0},{"damage":36.0,"enemies":"Cultist and Chosen","floor":29.0,"turns":7.0},{"damage":20.0,"enemies":"Sentry and Sphere","floor":31.0,"turns":5.0},{"damage":63.0,"enemies":"Automaton","floor":33.0,"turns":10.0},{"damage":7.0,"enemies":"3 Shapes","floor":35.0,"turns":5.0},{"damage":45.0,"enemies":"3 Darklings","floor":36.0,"turns":5.0},{"damage":48.0,"enemies":"Maw","floor":37.0,"turns":7.0},{"damage":1.0,"enemies":"Spire Growth","floor":40.0,"turns":6.0},{"damage":66.0,"enemies":"Reptomancer","floor":41.0,"turns":7.0},{"damage":22.0,"enemies":"Nemesis","floor":45.0,"turns":7.0},{"damage":29.0,"enemies":"Sphere and 2 Shapes","floor":48.0,"turns":6.0},{"damage":72,"enemies":"Time Eater","floor":50,"turns":7}],"seed_played":"-6389086751709919936","potions_obtained":[{"floor":1.0,"key":"Ancient Potion"},{"floor":6.0,"key":"Explosive Potion"},{"floor":8.0,"key":"Swift Potion"},{"floor":10.0,"key":"SteroidPotion"},{"floor":16.0,"key":"Poison Potion"},{"floor":23.0,"key":"Fire Potion"},{"floor":25.0,"key":"LiquidBronze"},{"floor":29.0,"key":"Ancient Potion"},{"floor":33.0,"key":"Ancient Potion"}],"is_trial":false,"path_per_floor":["M","?","?","$","?","E","R","M","T","M","$","R","E","?","R","B",null,"M","?","T","T","M","E","R","M","T","M","?","M","?","M","R","B",null,"M","M","M","?","$","M","E","R","T","$","E","?","R","M","R","B"],"character_chosen":"IRONCLAD","items_purchased":["Armaments","Flame Barrier","Body Slam","Shrug It Off","Headbutt","Panache","Bronze Scales","True Grit"],"campfire_rested":5,"item_purchase_floors":[4,4,4,11,11,39,39,44],"current_hp_per_floor":[63,63,52,52,52,23,43,49,49,55,55,55,49,29,49,16,55,49,49,49,49,46,19,39,35,35,40,40,10,78,64,64,7,60,67,59,37,37,37,42,18,41,41,41,51,51,51,28,51,0],"gold":70,"neow_bonus":"ONE_RARE_RELIC","is_prod":false,"is_daily":false,"chose_seed":false,"campfire_upgraded":2,"win_rate":0,"timestamp":1544398616,"path_taken":["M","?","?","$","?","E","R","M","T","?","$","R","E","?","R","BOSS","M","?","?","?","M","E","R","M","T","?","?","M","?","M","R","BOSS","M","M","?","?","$","M","E","R","T","?","E","?","R","M","R","BOSS"],"build_version":"2018-12-06","purchased_purges":0,"victory":false,"max_hp_per_floor":[68,68,68,68,68,68,68,68,68,68,68,68,68,68,68,68,68,68,68,68,68,68,68,68,68,68,68,68,68,78,78,78,78,78,78,78,78,78,78,78,78,78,78,78,78,78,78,78,78,78],"card_choices":[{"not_picked":["Hemokinesis","Body Slam"],"picked":"Headbutt","floor":1.0},{"not_picked":["Twin Strike","Seeing Red"],"picked":"Demon Form","floor":6.0},{"not_picked":["Pommel Strike","Clash"],"picked":"Metallicize","floor":8.0},{"not_picked":["Armaments","Second Wind"],"picked":"Shockwave","floor":10.0},{"not_picked":["Body Slam","Twin Strike"],"picked":"Double Tap","floor":13.0},{"not_picked":["Juggernaut","Fiend Fire"],"picked":"Dark Embrace","floor":16.0},{"not_picked":["Power Through","Second Wind"],"picked":"Iron Wave+1","floor":18.0},{"not_picked":["Sword Boomerang","Dropkick+1"],"picked":"Sentinel","floor":22.0},{"not_picked":["Cleave","Clash"],"picked":"Juggernaut","floor":23.0},{"not_picked":["Clash","Second Wind"],"picked":"Shrug It Off","floor":25.0},{"not_picked":["Havoc","Perfected Strike"],"picked":"Burning Pact","floor":27.0},{"not_picked":["Rampage","Fire Breathing"],"picked":"Sword Boomerang","floor":29.0},{"not_picked":["Rupture+1","Shockwave"],"picked":"Pummel","floor":31.0},{"not_picked":["Bludgeon","Berserk"],"picked":"Reaper","floor":33.0},{"not_picked":["Twin Strike","Searing Blow"],"picked":"Warcry","floor":35.0},{"not_picked":["Rage","Iron Wave","Wild Strike+1"],"picked":"SKIP","floor":36.0},{"not_picked":["Sword Boomerang","Heavy Blade"],"picked":"Burning Pact","floor":37.0},{"not_picked":["Rampage","Shrug It Off"],"picked":"Intimidate","floor":40.0},{"not_picked":["Sever Soul","Blood for Blood"],"picked":"Seeing Red","floor":41.0},{"not_picked":["Sword Boomerang","Flame Barrier","Twin Strike"],"picked":"SKIP","floor":45.0},{"not_picked":["Wild Strike","Second Wind","Armaments"],"picked":"SKIP","floor":48.0}],"player_experience":559740,"relics_obtained":[{"floor":6.0,"key":"Oddly Smooth Stone"},{"floor":13.0,"key":"Red Skull"},{"floor":20.0,"key":"Nunchaku"},{"floor":21.0,"key":"Kunai"},{"floor":23.0,"key":"Bag of Preparation"},{"floor":26.0,"key":"Orichalcum"},{"floor":41.0,"key":"Bottled Lightning"},{"floor":43.0,"key":"Vajra"},{"floor":45.0,"key":"Ginger"}],"event_choices":[{"damage_healed":0.0,"max_hp_gain":0.0,"max_hp_loss":0.0,"gold_gain":0.0,"event_name":"The Cleric","player_choice":"Leave","floor":2.0,"gold_loss":0.0,"damage_taken":0.0},{"damage_healed":0.0,"max_hp_gain":0.0,"max_hp_loss":0.0,"gold_gain":75.0,"event_name":"World of Goop","player_choice":"Gather Gold","floor":3.0,"gold_loss":0.0,"damage_taken":11.0},{"damage_healed":0.0,"max_hp_gain":0.0,"max_hp_loss":0.0,"gold_gain":0.0,"event_name":"Living Wall","player_choice":"Grow","floor":5.0,"gold_loss":0.0,"damage_taken":0.0,"cards_upgraded":["Armaments"]},{"damage_healed":0.0,"max_hp_gain":0.0,"max_hp_loss":0.0,"gold_gain":0.0,"event_name":"Shining Light","player_choice":"Entered Light","floor":14.0,"gold_loss":0.0,"damage_taken":20.0,"cards_upgraded":["Defend_R","Strike_R"]},{"damage_healed":0.0,"max_hp_gain":0.0,"max_hp_loss":0.0,"gold_gain":0.0,"event_name":"Ghosts","player_choice":"Ignored","floor":19.0,"gold_loss":0.0,"damage_taken":0.0},{"damage_healed":0.0,"max_hp_gain":0.0,"max_hp_loss":0.0,"gold_gain":0.0,"event_name":"Addict","player_choice":"Obtained Relic","floor":28.0,"gold_loss":85.0,"damage_taken":0.0,"relics_obtained":["Self Forming Clay"]},{"cards_removed":["Double Tap"],"damage_healed":58.0,"max_hp_gain":10.0,"max_hp_loss":0.0,"gold_gain":0.0,"event_name":"Bonfire Elementals","player_choice":"Offered Rare","floor":30.0,"gold_loss":0.0,"damage_taken":0.0},{"damage_healed":0.0,"max_hp_gain":0.0,"max_hp_loss":0.0,"gold_gain":0.0,"event_name":"Match and Keep!","player_choice":"2 cards matched","floor":38.0,"gold_loss":0.0,"damage_taken":0.0,"cards_obtained":["Cleave","Impervious"]},{"damage_healed":0.0,"max_hp_gain":0.0,"max_hp_loss":0.0,"gold_gain":0.0,"event_name":"FaceTrader","player_choice":"Trade","floor":46.0,"gold_loss":0.0,"damage_taken":0.0,"relics_obtained":["SsserpentHead"]}],"is_beta":false,"boss_relics":[{"not_picked":["Black Blood","Velvet Choker"],"picked":"Philosopher\u0027s Stone"},{"not_picked":["Calling Bell","Snecko Eye"],"picked":"Sozu"}],"items_purged_floors":[],"is_endless":false,"potions_floor_spawned":[1,6,8,10,16,23,25,29,33,35,36,40,45],"killed_by":"Time Eater","ascension_level":20}