{"path_per_floor":["M","M","?","M","M","R","M","M","T","M","M","R","?","M","R","B",null,"M","?","$","?","$","R","T","E","T","M","R","M","E","M","R"],"character_chosen":"THE_SILENT","items_purchased":["Regal Pillow"],"gold_per_floor":[111,121,121,140,156,156,166,183,183,203,215,215,215,230,230,335,335,354,354,354,354,203,203,228,262,310,328,328,338,373,390,390,390],"floor_reached":33,"campfire_rested":2,"playtime":6289,"item_purchase_floors":[22],"current_hp_per_floor":[62,62,62,62,43,43,38,34,34,18,18,18,70,53,53,46,64,53,40,40,33,33,70,70,54,54,54,54,46,18,4,41,0],"items_purged":[],"gold":390,"score":422,"play_id":"551735be-3640-4318-b227-26e80bb6e0b7","local_time":"20180530110522","is_prod":false,"is_daily":false,"chose_seed":false,"is_ascension_mode":true,"campfire_upgraded":4,"win_rate":0,"timestamp":1527703522,"campfire_choices":[{"data":"Blade Dance","floor":6,"key":"SMITH"},{"data":"Envenom","floor":12,"key":"SMITH"},{"data":"Dagger Spray","floor":15,"key":"SMITH"},{"floor":23,"key":"REST"},{"data":"Predator","floor":28,"key":"SMITH"},{"floor":32,"key":"REST"}],"path_taken":["M","M","?","M","M","R","M","M","T","M","M","R","?","M","R","BOSS","M","?","$","?","$","R","?","E","T","M","R","M","E","M","R","BOSS"],"build_version":"2018-05-24","seed_source_timestamp":763119657761084,"purchased_purges":0,"victory":false,"master_deck":["Defend_G+1","Defend_G+1","Defend_G","Defend_G","Defend_G","Strike_G","Strike_G","Strike_G","Strike_G","Strike_G","Survivor","Neutralize+1","AscendersBane","Dagger Throw","Blade Dance+1","Backflip","Predator+1","Envenom+1","Dagger Spray+1","Poisoned Stab","Glass Knife","Sucker Punch","After Image"],"max_hp_per_floor":[70,70,70,70,70,70,70,70,70,70,70,70,70,70,70,70,70,70,75,75,75,75,75,75,75,75,75,75,75,75,75,75,75],"relics":["Ring of the Snake","Paper Crane","Snecko Eye","Regal Pillow","Orichalcum","Matryoshka","Oddly Smooth Stone","War Paint","Ginger"],"card_choices":[{"not_picked":["Underhanded Strike","Flying Knee"],"picked":"Dagger Throw","floor":1},{"not_picked":["Eviscerate","Flying Knee"],"picked":"Blade Dance","floor":2},{"not_picked":["Underhanded Strike","Prepared"],"picked":"Backflip","floor":4},{"not_picked":["Acrobatics","Dagger Throw"],"picked":"Terror","floor":5},{"not_picked":["PiercingWail","Finisher"],"picked":"Predator","floor":7},{"not_picked":["Acrobatics","Outmaneuver"],"picked":"Envenom","floor":8},{"not_picked":["Sucker Punch","Bouncing Flask"],"picked":"Dagger Spray","floor":10},{"not_picked":["Accuracy","Slice"],"picked":"Poisoned Stab","floor":11},{"not_picked":["Burst","Outmaneuver","Dagger Throw"],"picked":"SKIP","floor":14},{"not_picked":["Grand Finale","Wraith Form v2"],"picked":"Glass Knife","floor":16},{"not_picked":["Acrobatics","PiercingWail+1","Dagger Throw+1"],"picked":"SKIP","floor":18},{"not_picked":["Skewer","Deadly Poison"],"picked":"Sucker Punch","floor":25},{"not_picked":["Quick Slash","Flechettes","Distraction"],"picked":"SKIP","floor":27},{"not_picked":["Dagger Spray","Die Die Die","PiercingWail"],"picked":"SKIP","floor":29},{"not_picked":["Dagger Spray","Blade Dance"],"picked":"After Image","floor":30},{"not_picked":["Dagger Throw+1","Bane","Blur"],"picked":"SKIP","floor":31}],"player_experience":735472,"potions_floor_usage":[5,16,25,29,30,30,30,30,31,33],"damage_taken":[{"damage":1,"enemies":"Small Slimes","floor":1,"turns":3},{"damage":0,"enemies":"Cultist","floor":2,"turns":4},{"damage":0,"enemies":"2 Louse","floor":4,"turns":2},{"damage":19,"enemies":"Exordium Wildlife","floor":5,"turns":4},{"damage":5,"enemies":"Red Slaver","floor":7,"turns":3},{"damage":4,"enemies":"Large Slime","floor":8,"turns":5},{"damage":16,"enemies":"Exordium Wildlife","floor":10,"turns":6},{"damage":0,"enemies":"Red Slaver","floor":11,"turns":5},{"damage":17,"enemies":"Exordium Thugs","floor":14,"turns":5},{"damage":7,"enemies":"The Guardian","floor":16,"turns":11},{"damage":11,"enemies":"Shell Parasite","floor":18,"turns":4},{"damage":16,"enemies":"Book of Stabbing","floor":25,"turns":6},{"damage":0,"enemies":"3 Byrds","floor":27,"turns":3},{"damage":23,"enemies":"Centurion and Healer","floor":29,"turns":7},{"damage":28,"enemies":"Gremlin Leader","floor":30,"turns":6},{"damage":14,"enemies":"Snake Plant","floor":31,"turns":5},{"damage":43,"enemies":"Collector","floor":33,"turns":12}],"relics_obtained":[{"floor":9,"key":"Paper Crane"},{"floor":24,"key":"Orichalcum"},{"floor":25,"key":"Matryoshka"},{"floor":26,"key":"Oddly Smooth Stone"},{"floor":26,"key":"War Paint"},{"floor":30,"key":"Ginger"}],"event_choices":[{"event_name":"Upgrade Shrine","player_choice":"Upgraded","floor":3,"damage_taken":0},{"event_name":"Bonfire Elementals","player_choice":"UNCOMMON","floor":13,"damage_taken":0},{"event_name":"Forgotten Altar","player_choice":"Shed Blood","floor":19,"damage_taken":0},{"event_name":"Knowing Skull","player_choice":"","floor":21,"damage_taken":0}],"boss_relics":[{"not_picked":["Ectoplasm","Sozu"],"picked":"Snecko Eye"}],"items_purged_floors":[],"potions_floor_spawned":[2,5,7,10,16,30,31],"seed_played":"5846394848610958157","killed_by":"Collector","ascension_level":10,"potions_obtained":[{"floor":2,"key":"Explosive Potion"},{"floor":5,"key":"Regen Potion"},{"floor":7,"key":"EntropicBrew"},{"floor":10,"key":"Energy Potion"},{"floor":16,"key":"Fire Potion"},{"floor":30,"key":"Poison Potion"},{"floor":31,"key":"PowerPotion"}],"is_trial":false}