{"path_per_floor":["M","?","M","M","?","E","?","M","T","$","E","?","M","M","R","B",null,"M","?","?","?","M","E","R"],"character_chosen":"IRONCLAD","items_purchased":[],"gold_per_floor":[113,113,137,151,151,190,190,210,210,135,179,179,195,214,214,339,339,327,227,227,227,246,581,581],"floor_reached":25,"campfire_rested":1,"playtime":2233,"current_hp_per_floor":[80,60,66,72,56,36,62,54,54,54,40,40,42,37,37,19,80,59,59,59,59,40,9,33],"items_purged":["Defend_R"],"gold":581,"score":231,"play_id":"ab99a687-8694-439b-9f02-f5d03c83f775","is_prod":false,"is_daily":false,"is_ascension_mode":false,"campfire_upgraded":0,"path_taken":["M","?","M","M","?","E","?","M","T","$","E","?","M","M","R","BOSS","M","?","?","?","M","E","R","E"],"build_version":"2018-02-15-PROD1","purchased_purges":1,"victory":false,"master_deck":["Strike_R","Strike_R+1","Strike_R","Strike_R","Strike_R","Defend_R","Bash","Perfected Strike+1","Inflame","Uppercut","Shrug It Off","Shrug It Off","Berserk","Pommel Strike","Burning Pact","Berserk","Clash","J.A.X.","Writhe","Sever Soul","Headbutt+1"],"max_hp_per_floor":[80,80,80,80,80,80,80,80,80,80,80,80,80,80,80,80,80,80,80,80,80,80,80,80],"relics":["Burning Blood","Golden Idol","Pantograph","Peace Pipe","Letter Opener","Black Star","Toxic Egg 2","Old Coin","Charon\u0027s Ashes"],"card_choices":[{"not_picked":["Armaments","Twin Strike"],"picked":"Perfected Strike"},{"not_picked":["Sword Boomerang","Seeing Red"],"picked":"Inflame"},{"not_picked":["Thunderclap","Anger"],"picked":"Uppercut"},{"not_picked":["Cleave","Iron Wave"],"picked":"Shrug It Off"},{"not_picked":["Flex","Sword Boomerang"],"picked":"Shrug It Off"},{"not_picked":["True Grit","Iron Wave"],"picked":"Berserk"},{"not_picked":["Body Slam","Warcry"],"picked":"Pommel Strike"},{"not_picked":["Infernal Blade","Armaments"],"picked":"Burning Pact"},{"not_picked":["Dark Embrace","Brutality"],"picked":"Berserk"},{"not_picked":["Flex","Sword Boomerang"],"picked":"Clash"},{"not_picked":["Pummel","Shrug It Off"],"picked":"Sever Soul"},{"not_picked":["Iron Wave","Thunderclap"],"picked":"Headbutt"}],"player_experience":1335,"potions_floor_usage":[13,16,23,23,25],"damage_taken":[{"damage":1,"enemies":"Jaw Worm","floor":1,"turns":5},{"damage":0,"enemies":"Small Slimes","floor":3,"turns":4},{"damage":0,"enemies":"2 Louse","floor":4,"turns":3},{"damage":26,"enemies":"Lagavulin","floor":6,"turns":5},{"damage":14,"enemies":"Large Slime","floor":8,"turns":5},{"damage":20,"enemies":"Gremlin Nob","floor":11,"turns":4},{"damage":7,"enemies":"Looter","floor":13,"turns":3},{"damage":11,"enemies":"Exordium Wildlife","floor":14,"turns":4},{"damage":49,"enemies":"The Guardian","floor":16,"turns":9},{"damage":27,"enemies":"2 Thieves","floor":18,"turns":4},{"damage":25,"enemies":"Chosen","floor":22,"turns":4},{"damage":43,"enemies":"Book of Stabbing","floor":23,"turns":5},{"damage":34,"enemies":"Slavers","floor":25,"turns":3}],"event_choices":[{"event_name":"Golden Idol","player_choice":"Take Damage","floor":2,"damage_taken":0},{"event_name":"Shining Light","player_choice":"Entered Light","floor":5,"damage_taken":0},{"event_name":"Big Fish","player_choice":"Banana","floor":7,"damage_taken":0},{"event_name":"Living Wall","player_choice":"Forget","floor":12,"damage_taken":0},{"event_name":"Drug Dealer","player_choice":"Got JAXXED","floor":19,"damage_taken":0},{"event_name":"The Woman in Blue","player_choice":"Bought 0 Potions","floor":20,"damage_taken":0},{"event_name":"The Mausoleum","player_choice":"Yes","floor":21,"damage_taken":0}],"boss_relics":[{"not_picked":["Calling Bell","Philosopher\u0027s Stone"],"picked":"Black Star"}],"potions_floor_spawned":[6,11,13,14,16,22],"seed_played":"-2265420904442198187","killed_by":"Slavers","ascension_level":0,"is_trial":false}