{"gold_per_floor":[119,119,194,206,206,206,216,274,274,274,297,321,359,336,348,465,477,508,535,465,490,520,532,556,568,606,618,288,303,303,331,331,427,427,446,457,473,206,225,254,254,283,310,106,106,106,125,135,135,135,135,135,85,85],"floor_reached":54,"playtime":3792,"items_purged":["Strike_B","Strike_B","Strike_B","Bandage Up"],"score":1008,"play_id":"93e9e447-3e54-42e3-bf72-d86ccf12e007","local_time":"20190106112916","is_ascension_mode":true,"campfire_choices":[{"data":"Zap","floor":6,"key":"SMITH"},{"data":"Dualcast","floor":10,"key":"SMITH"},{"data":"Streamline","floor":15,"key":"SMITH"},{"data":"Creative AI","floor":23,"key":"SMITH"},{"floor":25,"key":"REST"},{"floor":27,"key":"REST"},{"data":"Panache","floor":30,"key":"SMITH"},{"data":"Glacier","floor":32,"key":"SMITH"},{"data":"Trip","floor":41,"key":"SMITH"},{"floor":45,"key":"REST"},{"floor":49,"key":"RECALL"},{"data":"FTL","floor":52,"key":"SMITH"}],"neow_cost":"NONE","seed_source_timestamp":1397597122718651,"circlet_count":0,"master_deck":["Defend_B","Defend_B","Defend_B","Zap+1","Dualcast+1","Conserve Battery+1","Leap","Force Field+1","Streamline+1","Conserve Battery","Beam Cell","FTL+1","Creative AI+1","BootSequence+1","Cold Snap","Glacier+1","Panache+1","Defragment+1","Echo Form","Compile Driver+1","Capacitor","Trip+1","Force Field+1","Melter+1"],"relics":["Cracked Core","Oddly Smooth Stone","Tiny Chest","Matryoshka","MawBank","Pen Nib","War Paint","Velvet Choker","Singing Bowl","Orichalcum","Bag of Preparation","Ancient Tea Set","White Beast Statue","Vajra","Smiling Mask","Regal Pillow"],"potions_floor_usage":[8,16,22,24,33,37,48,50,50],"damage_taken":[{"damage":1,"enemies":"Jaw Worm","floor":1,"turns":3},{"damage":0,"enemies":"2 Louse","floor":4,"turns":2},{"damage":0,"enemies":"Cultist","floor":7,"turns":4},{"damage":14,"enemies":"Gremlin Nob","floor":8,"turns":4},{"damage":3,"enemies":"Gremlin Gang","floor":12,"turns":4},{"damage":2,"enemies":"Lagavulin","floor":13,"turns":6},{"damage":15,"enemies":"The Guardian","floor":16,"turns":10},{"damage":16,"enemies":"Chosen","floor":18,"turns":5},{"damage":17,"enemies":"Spheric Guardian","floor":19,"turns":4},{"damage":12,"enemies":"Snake Plant","floor":21,"turns":5},{"damage":1,"enemies":"Cultist and Chosen","floor":22,"turns":8},{"damage":20,"enemies":"3 Cultists","floor":24,"turns":8},{"damage":17,"enemies":"Chosen and Byrds","floor":29,"turns":6},{"damage":12,"enemies":"Slavers","floor":31,"turns":6},{"damage":17,"enemies":"Automaton","floor":33,"turns":11},{"damage":3,"enemies":"3 Shapes","floor":35,"turns":5},{"damage":11,"enemies":"Orb Walker","floor":36,"turns":6},{"damage":0,"enemies":"4 Shapes","floor":37,"turns":5},{"damage":6,"enemies":"Jaw Worm Horde","floor":39,"turns":4},{"damage":20,"enemies":"Giant Head","floor":40,"turns":8},{"damage":32,"enemies":"Reptomancer","floor":42,"turns":8},{"damage":13,"enemies":"Sphere and 2 Shapes","floor":47,"turns":5},{"damage":4,"enemies":"4 Shapes","floor":48,"turns":6},{"damage":33,"enemies":"Donu and Deca","floor":50,"turns":11},{"damage":94,"enemies":"Shield and Spear","floor":54,"turns":6}],"seed_played":"1716869635619335885","potions_obtained":[{"floor":1,"key":"Ancient Potion"},{"floor":7,"key":"Block Potion"},{"floor":13,"key":"Poison Potion"},{"floor":19,"key":"SpeedPotion"},{"floor":24,"key":"FearPotion"},{"floor":31,"key":"Fruit Juice"},{"floor":35,"key":"FairyPotion"},{"floor":36,"key":"Swift Potion"},{"floor":37,"key":"SpeedPotion"},{"floor":39,"key":"Fire Potion"},{"floor":40,"key":"Energy Potion"},{"floor":48,"key":"Energy Potion"}],"is_trial":false,"path_per_floor":["M","?","?","M","?","R","M","E","T","R","T","M","E","?","R","B",null,"M","M","?","M","M","R","M","R","T","R","$","M","R","E","R","B",null,"M","M","M","$","M","E","R","E","T","$","R","?","M","M","R","B",null,"R","$","E"],"character_chosen":"DEFECT","items_purchased":["Panache","Bandage Up","Capacitor","Trip","Regal Pillow"],"campfire_rested":3,"item_purchase_floors":[28,28,38,38,44],"current_hp_per_floor":[67,60,49,49,49,49,49,35,35,35,35,32,30,48,48,33,65,49,32,32,22,21,21,3,26,26,49,49,36,36,30,30,22,70,73,70,80,80,80,64,64,36,36,36,78,78,69,75,75,46,82,82,82,0],"gold":85,"neow_bonus":"RANDOM_COMMON_RELIC","is_prod":false,"is_daily":false,"chose_seed":false,"campfire_upgraded":8,"win_rate":0,"timestamp":1546795756,"path_taken":["M","?","?","M","?","R","M","E","T","R","?","?","E","?","R","BOSS","M","M","?","M","M","R","M","R","T","R","?","M","R","E","R","BOSS","M","?","M","$","M","E","R","E","T","$","R","?","M","M","R","BOSS","R","$","E"],"build_version":"2019-01-03v4","purchased_purges":4,"victory":false,"max_hp_per_floor":[75,75,75,75,75,75,75,75,75,75,75,75,75,75,75,75,75,75,75,75,77,77,77,79,79,79,79,79,79,79,81,81,86,86,88,88,90,90,92,92,92,92,92,92,92,92,92,94,94,94,94,94,94,94],"card_choices":[{"not_picked":["Steam Power","Barrage"],"picked":"Conserve Battery","floor":1},{"not_picked":["Chaos","Rebound"],"picked":"Leap","floor":4},{"not_picked":["Reprogram","Beam Cell"],"picked":"Streamline","floor":7},{"not_picked":["Meteor Strike","Beam Cell"],"picked":"Conserve Battery","floor":8},{"not_picked":["Skim","Streamline"],"picked":"Beam Cell","floor":12},{"not_picked":["Rip and Tear","Undo"],"picked":"FTL","floor":13},{"not_picked":["Thunder Strike","Fission"],"picked":"Creative AI","floor":16},{"not_picked":["Chill","Go for the Eyes"],"picked":"BootSequence+1","floor":18},{"not_picked":["Skim","Streamline"],"picked":"Cold Snap","floor":19},{"not_picked":["Rebound","Go for the Eyes","Gash+1"],"picked":"Singing Bowl","floor":21},{"not_picked":["Recycle+1","FTL"],"picked":"Glacier","floor":22},{"not_picked":["Gash","Leap","Chill"],"picked":"Singing Bowl","floor":24},{"not_picked":["Scrape+1","Compile Driver+1"],"picked":"Defragment+1","floor":29},{"not_picked":["Doom and Gloom","Auto Shields","Rebound"],"picked":"Singing Bowl","floor":31},{"not_picked":["Creative AI","Core Surge"],"picked":"Echo Form","floor":33},{"not_picked":["Cold Snap","Steam","Ball Lightning"],"picked":"Singing Bowl","floor":35},{"not_picked":["Chill+1","FTL"],"picked":"Compile Driver+1","floor":36},{"not_picked":["Recycle+1","Rebound","Fusion+1"],"picked":"Singing Bowl","floor":37},{"not_picked":["Cold Snap","Blizzard+1","Multi-Cast"],"picked":"Singing Bowl","floor":39},{"not_picked":["Sweeping Beam+1","Recycle"],"picked":"Force Field+1","floor":40},{"not_picked":["Hyperbeam","Lockon+1"],"picked":"Heatsinks","floor":42},{"not_picked":["White Noise","Conserve Battery+1"],"picked":"Melter+1","floor":47},{"not_picked":["Hologram","Streamline","Sunder+1"],"picked":"Singing Bowl","floor":48}],"player_experience":395178,"relics_obtained":[{"floor":8,"key":"Tiny Chest"},{"floor":9,"key":"Matryoshka"},{"floor":11,"key":"MawBank"},{"floor":11,"key":"Pen Nib"},{"floor":13,"key":"War Paint"},{"floor":26,"key":"Orichalcum"},{"floor":26,"key":"Bag of Preparation"},{"floor":31,"key":"Ancient Tea Set"},{"floor":40,"key":"Vajra"},{"floor":42,"key":"Smiling Mask"}],"event_choices":[{"cards_removed":["Strike_B"],"damage_healed":0,"gold_gain":0,"player_choice":"Card Removal","damage_taken":7,"max_hp_gain":0,"max_hp_loss":0,"event_name":"Golden Wing","floor":2,"gold_loss":0},{"damage_healed":0,"gold_gain":75,"player_choice":"Gather Gold","damage_taken":11,"max_hp_gain":0,"max_hp_loss":0,"event_name":"World of Goop","floor":3,"gold_loss":0},{"damage_healed":0,"gold_gain":0,"cards_transformed":["Defend_B"],"player_choice":"Change","damage_taken":0,"max_hp_gain":0,"max_hp_loss":0,"event_name":"Living Wall","floor":5,"gold_loss":0,"cards_obtained":["Force Field"]},{"damage_healed":18,"gold_gain":0,"player_choice":"Healed","damage_taken":0,"max_hp_gain":0,"max_hp_loss":0,"event_name":"The Cleric","floor":14,"gold_loss":35},{"damage_healed":0,"gold_gain":0,"player_choice":"Paid Gold","damage_taken":0,"relics_obtained":["Singing Bowl"],"max_hp_gain":0,"max_hp_loss":0,"event_name":"WeMeetAgain","floor":20,"gold_loss":82},{"cards_removed":["Heatsinks"],"damage_healed":0,"gold_gain":0,"player_choice":"Removed Power","damage_taken":0,"max_hp_gain":0,"max_hp_loss":0,"event_name":"Falling","floor":46,"gold_loss":0}],"is_beta":false,"boss_relics":[{"not_picked":["Sozu","Eternal Feather"],"picked":"Velvet Choker"},{"not_picked":["Runic Dome","Philosopher\u0027s Stone"],"picked":"White Beast Statue"}],"items_purged_floors":[28,38,44,53],"is_endless":false,"potions_floor_spawned":[1,7,13,19,24,31,35,36,37,39,40,42,47,48],"killed_by":"Shield and Spear","ascension_level":8}