{"gold_per_floor":[211,224,50,50,85,85,152,152,176,176,212,212,212,248,248,352,352,392,106,119,218,228,228,241,241],"floor_reached":25,"playtime":1245,"items_purged":["Strike_G"],"score":195,"play_id":"84c289db-eb16-488d-a6b9-5d203f760fee","local_time":"20190205205858","is_ascension_mode":false,"campfire_choices":[{"data":"HandOfGreed","floor":6,"key":"SMITH"},{"data":"Cloak And Dagger","floor":8,"key":"SMITH"},{"floor":13,"key":"REST"},{"floor":15,"key":"REST"},{"floor":23,"key":"REST"}],"neow_cost":"NONE","seed_source_timestamp":448327718832939,"circlet_count":0,"master_deck":["Defend_G","Defend_G+1","Defend_G","Defend_G","Defend_G","Strike_G","Strike_G","Strike_G+1","Strike_G","Survivor","Neutralize","Infinite Blades+1","Cloak And Dagger+1","HandOfGreed+1","Blade Dance","Blade Dance","Backflip","A Thousand Cuts","Backflip","Distraction","Noxious Fumes","Accuracy","Sadistic Nature","Backflip"],"relics":["Ring of the Snake","Snake Skull","Orrery"],"potions_floor_usage":[11,16,22],"damage_taken":[{"damage":9,"enemies":"Jaw Worm","floor":1,"turns":5},{"damage":1,"enemies":"Cultist","floor":2,"turns":4},{"damage":7,"enemies":"Small Slimes","floor":5,"turns":3},{"damage":13,"enemies":"Gremlin Gang","floor":7,"turns":5},{"damage":0,"enemies":"2 Fungi Beasts","floor":11,"turns":3},{"damage":6,"enemies":"3 Louse","floor":14,"turns":3},{"damage":31,"enemies":"Hexaghost","floor":16,"turns":12},{"damage":18,"enemies":"Shell Parasite","floor":18,"turns":7},{"damage":19,"enemies":"Spheric Guardian","floor":20,"turns":4},{"damage":22,"enemies":"Centurion and Healer","floor":22,"turns":6},{"damage":18,"enemies":"Snecko","floor":24,"turns":5},{"damage":32,"enemies":"Snake Plant","floor":25,"turns":5}],"seed_played":"-8215609121893772722","potions_obtained":[{"floor":1,"key":"SkillPotion"},{"floor":2,"key":"SteroidPotion"},{"floor":16,"key":"FairyPotion"},{"floor":20,"key":"LiquidBronze"}],"is_trial":false,"path_per_floor":["M","M","$","?","M","R","M","R","T","?","M","?","R","M","R","B",null,"M","$","M","?","M","R","M","M"],"character_chosen":"THE_SILENT","items_purchased":["HandOfGreed","Accuracy","Sadistic Nature"],"campfire_rested":3,"item_purchase_floors":[3,19,19],"current_hp_per_floor":[61,60,60,60,53,53,40,40,40,40,40,26,47,41,62,31,70,52,52,33,33,11,32,14,0],"gold":241,"neow_bonus":"HUNDRED_GOLD","is_prod":false,"is_daily":false,"chose_seed":false,"campfire_upgraded":2,"win_rate":0,"timestamp":1549421938,"path_taken":["M","M","$","?","M","R","?","R","T","?","?","?","R","M","R","BOSS","M","$","M","?","M","R","M","M"],"build_version":"2019-01-23","purchased_purges":1,"victory":false,"max_hp_per_floor":[70,70,70,70,70,70,70,70,70,70,70,70,70,70,70,70,70,70,70,70,70,70,70,70,70],"card_choices":[{"not_picked":["Tactician","Slice"],"picked":"Infinite Blades","floor":1},{"not_picked":["Outmaneuver","Dodge and Roll"],"picked":"Cloak And Dagger","floor":2},{"not_picked":["Bouncing Flask","Slice"],"picked":"Blade Dance","floor":5},{"not_picked":["Phantasmal Killer","Outmaneuver"],"picked":"Blade Dance","floor":7},{"not_picked":["Underhanded Strike","Riddle With Holes","Dagger Throw"],"picked":"SKIP","floor":11},{"not_picked":["Escape Plan","Deflect"],"picked":"Backflip","floor":14},{"not_picked":["Bullet Time","Doppelganger"],"picked":"A Thousand Cuts","floor":16},{"not_picked":["Prepared","Cloak And Dagger"],"picked":"Backflip","floor":17},{"not_picked":["Infinite Blades","Slice"],"picked":"Distraction","floor":17},{"not_picked":["Dodge and Roll","Poisoned Stab"],"picked":"Noxious Fumes","floor":17},{"not_picked":["Prepared","Tactician+1","Flechettes"],"picked":"SKIP","floor":18},{"not_picked":["Underhanded Strike","Bane","Leg Sweep"],"picked":"SKIP","floor":20},{"not_picked":["Distraction","Cloak And Dagger","Predator+1"],"picked":"SKIP","floor":22},{"not_picked":["Acrobatics","Bane"],"picked":"Backflip","floor":24}],"player_experience":121293,"relics_obtained":[{"floor":9,"key":"Snake Skull"}],"event_choices":[{"damage_healed":0,"gold_gain":0,"player_choice":"Forge","damage_taken":0,"max_hp_gain":0,"max_hp_loss":0,"event_name":"Accursed Blacksmith","floor":4,"gold_loss":0,"cards_upgraded":["Infinite Blades"]},{"damage_healed":0,"gold_gain":0,"player_choice":"Ignored","damage_taken":0,"max_hp_gain":0,"max_hp_loss":0,"event_name":"NoteForYourself","floor":10,"gold_loss":0},{"damage_healed":0,"gold_gain":0,"player_choice":"Entered Light","damage_taken":14,"max_hp_gain":0,"max_hp_loss":0,"event_name":"Shining Light","floor":12,"gold_loss":0,"cards_upgraded":["Defend_G","Strike_G"]},{"damage_healed":0,"gold_gain":99,"player_choice":"Stole From Cult","damage_taken":0,"max_hp_gain":0,"max_hp_loss":0,"event_name":"Nest","floor":21,"gold_loss":0}],"is_beta":false,"boss_relics":[{"not_picked":["Fusion Hammer","Coffee Dripper"],"picked":"Orrery"}],"items_purged_floors":[19],"is_endless":false,"potions_floor_spawned":[1,2,16,20],"killed_by":"Snake Plant","ascension_level":0}