{"path_per_floor":["M","?","$","M","?","R","E","M","T","M","R","M","E","?","R","B",null,"M","M","?","?","?","R","T","$","T","R","$","M","M","M","R","B",null,"M","M"],"character_chosen":"IRONCLAD","items_purchased":["Ornamental Fan"],"gold_per_floor":[117,117,42,62,62,62,89,103,186,200,200,210,236,236,236,337,337,337,337,337,262,262,262,262,16,16,16,16,16,16,16,16,16,16,16,16,16],"floor_reached":37,"campfire_rested":4,"playtime":1629,"current_hp_per_floor":[80,80,80,80,47,71,35,37,37,27,52,60,48,85,85,16,85,57,22,22,22,50,75,75,75,75,75,75,39,35,43,68,30,85,54,43,0],"items_purged":["Injury"],"gold":16,"score":398,"play_id":"00a25c75-2869-4584-be8c-6ab2933d0097","local_time":"20180513223339","is_prod":false,"is_daily":false,"chose_seed":false,"is_ascension_mode":true,"campfire_upgraded":2,"timestamp":1526243619,"path_taken":["M","?","$","M","?","R","E","M","T","M","R","M","E","?","R","BOSS","M","M","?","?","?","R","?","$","T","R","?","?","M","M","R","BOSS","M","M","M"],"build_version":"2018-05-12v2","seed_source_timestamp":51087925025855,"purchased_purges":1,"victory":false,"master_deck":["Strike_R","Strike_R","Strike_R","Strike_R","Strike_R","Defend_R","Defend_R","Defend_R","Defend_R","Bash","Berserk","Flex","Warcry","Heavy Blade+1","Inflame+1","Warcry","Brutality","Carnage","Heavy Blade","Limit Break","Flex+1"],"max_hp_per_floor":[80,80,80,80,80,80,80,80,80,85,85,85,85,85,85,85,85,85,85,85,85,85,85,85,85,85,85,85,85,85,85,85,85,85,85,85,85],"relics":["Burning Blood","Blood Vial","Gremlin Horn","Tiny Chest","Mummified Hand","Ectoplasm","Red Skull","Dream Catcher","Ornamental Fan","Du-Vu Doll","Mark of Pain"],"card_choices":[{"not_picked":["Headbutt","Clothesline"],"picked":"Flex","floor":1},{"not_picked":["Dual Wield","Feel No Pain"],"picked":"Warcry","floor":4},{"not_picked":["Feel No Pain","Flex"],"picked":"Heavy Blade","floor":7},{"not_picked":["Rage","Sentinel","Blood for Blood"],"picked":"SKIP","floor":8},{"not_picked":["Evolve","Entrench"],"picked":"Inflame","floor":10},{"not_picked":["Clothesline","Wild Strike"],"picked":"Warcry","floor":12},{"not_picked":["Headbutt","Evolve","Wild Strike"],"picked":"SKIP","floor":13},{"not_picked":["Berserk","Double Tap"],"picked":"Brutality","floor":16},{"not_picked":["Combust","Thunderclap","Reckless Charge"],"picked":"SKIP","floor":18},{"not_picked":["Cleave","Feel No Pain","Havoc"],"picked":"SKIP","floor":19},{"not_picked":["Whirlwind","Dropkick","Feel No Pain+1"],"picked":"SKIP","floor":29},{"not_picked":["Cleave","Sever Soul","Rampage"],"picked":"SKIP","floor":30},{"not_picked":["Dual Wield","Intimidate+1"],"picked":"Carnage","floor":31},{"not_picked":["Searing Blow+1","Twin Strike"],"picked":"Heavy Blade","floor":32},{"not_picked":["Barricade","Juggernaut"],"picked":"Limit Break","floor":33},{"not_picked":["True Grit+1","Anger+1","Power Through"],"picked":"SKIP","floor":35},{"not_picked":["Sever Soul+1","Combust"],"picked":"Flex+1","floor":36}],"player_experience":96823,"potions_floor_usage":[10,10,13,16,29,33,37],"damage_taken":[{"damage":0,"enemies":"Small Slimes","floor":1,"turns":3},{"damage":1,"enemies":"Cultist","floor":4,"turns":4},{"damage":44,"enemies":"Lagavulin","floor":7,"turns":8},{"damage":6,"enemies":"Jaw Worm","floor":8,"turns":3},{"damage":23,"enemies":"Exordium Wildlife","floor":10,"turns":5},{"damage":0,"enemies":"3 Louse","floor":12,"turns":4},{"damage":20,"enemies":"Gremlin Nob","floor":13,"turns":4},{"damage":75,"enemies":"Hexaghost","floor":16,"turns":9},{"damage":34,"enemies":"Shell Parasite","floor":18,"turns":5},{"damage":43,"enemies":"Spheric Guardian","floor":19,"turns":6},{"damage":44,"enemies":"Cultist and Chosen","floor":29,"turns":5},{"damage":12,"enemies":"Centurion and Healer","floor":30,"turns":5},{"damage":0,"enemies":"Snake Plant","floor":31,"turns":2},{"damage":46,"enemies":"Champ","floor":33,"turns":8},{"damage":37,"enemies":"3 Darklings","floor":35,"turns":4},{"damage":19,"enemies":"Flame Bruiser 1 Orb","floor":36,"turns":4},{"damage":55,"enemies":"Maw","floor":37,"turns":6}],"event_choices":[{"event_name":"Match and Keep!","player_choice":"2 cards matched","floor":2,"damage_taken":0},{"event_name":"Scrap Ooze","player_choice":"success","floor":5,"damage_taken":33},{"event_name":"Bonfire Elementals","player_choice":"UNCOMMON","floor":14,"damage_taken":0},{"event_name":"The Mausoleum","player_choice":"Yes","floor":20,"damage_taken":0},{"event_name":"Beggar","player_choice":"Gave Gold","floor":21,"damage_taken":0},{"event_name":"The Library","player_choice":"Heal","floor":22,"damage_taken":0}],"boss_relics":[{"not_picked":["Lizard Tail","Cursed Key"],"picked":"Ectoplasm"},{"not_picked":["Orrery","Black Star"],"picked":"Mark of Pain"}],"potions_floor_spawned":[4,8,12,13,19,30,35,36],"seed_played":"4136415143258116114","killed_by":"Maw","ascension_level":1,"is_trial":false}