{"gold_per_floor":[119,119,119,135,100,132,132,166,166,179,36,36,61,61,61,192,192,205,205,205,226,246,246,284,302,302,302,327,327,327,365,365,489,489,505,528,592,925,925,925,955,955,1004,1015,248,266,282,301,301,301],"floor_reached":51,"playtime":3199,"items_purged":["Dualcast"],"score":1068,"play_id":"fb6d77c5-51d5-43e0-a2ca-ca798e0fec71","local_time":"20181229193515","is_ascension_mode":true,"campfire_choices":[{"data":"Zap","floor":7,"key":"SMITH"},{"floor":15,"key":"REST"},{"data":"Static Discharge","floor":23,"key":"SMITH"},{"data":"Storm","floor":27,"key":"SMITH"},{"floor":29,"key":"REST"},{"data":"Double Energy","floor":32,"key":"SMITH"},{"data":"Amplify","floor":40,"key":"SMITH"},{"data":"Ghostly","floor":42,"key":"SMITH"},{"data":"Biased Cognition","floor":49,"key":"SMITH"}],"neow_cost":"CURSE","seed_source_timestamp":736120636496371,"circlet_count":0,"master_deck":["Defend_B+1","Defend_B+1","Defend_B+1","Defend_B+1","Zap+1","Biased Cognition+1","Conserve Battery","Loop","Static Discharge+1","Glacier","Sweeping Beam","Hello World","Amplify+1","Glacier+1","Bite","Bite","Bite","Bite","Bite","Double Energy+1","Capacitor","Storm+1","Conserve Battery+1","Heatsinks+1","Ghostly","Ghostly","Ghostly+1","Ghostly","Ghostly","Creative AI+1","Biased Cognition+1","Self Repair+1","Cold Snap","Echo Form+1","Madness","Madness","Electrodynamics+1","Conserve Battery","Storm+1","Core Surge","Mayhem+1","Stack","Consume+1","Static Discharge+1"],"relics":["Cracked Core","Gambling Chip","Oddly Smooth Stone","Nunchaku","Inserter","Potion Belt","Frozen Egg 2","Anchor","Black Star","Ice Cream","FossilizedHelix","Ancient Tea Set","Orichalcum","Runic Capacitor"],"potions_floor_usage":[16,25,31,37,41,46,48,50,50,50,50],"damage_taken":[{"damage":9,"enemies":"Jaw Worm","floor":1,"turns":2},{"damage":0,"enemies":"2 Louse","floor":4,"turns":2},{"damage":37,"enemies":"Gremlin Nob","floor":6,"turns":5},{"damage":23,"enemies":"Lagavulin","floor":8,"turns":5},{"damage":0,"enemies":"Cultist","floor":10,"turns":3},{"damage":4,"enemies":"Exordium Wildlife","floor":13,"turns":3},{"damage":15,"enemies":"Hexaghost","floor":16,"turns":13},{"damage":6,"enemies":"Chosen","floor":18,"turns":4},{"damage":2,"enemies":"Spheric Guardian","floor":21,"turns":4},{"damage":22,"enemies":"Snake Plant","floor":22,"turns":6},{"damage":12,"enemies":"Book of Stabbing","floor":24,"turns":6},{"damage":20,"enemies":"3 Cultists","floor":25,"turns":4},{"damage":22,"enemies":"Cultist and Chosen","floor":28,"turns":5},{"damage":11,"enemies":"Slavers","floor":31,"turns":5},{"damage":29,"enemies":"Collector","floor":33,"turns":11},{"damage":0,"enemies":"3 Darklings","floor":35,"turns":6},{"damage":1,"enemies":"Orb Walker","floor":36,"turns":5},{"damage":14,"enemies":"2 Orb Walkers","floor":37,"turns":6},{"damage":16,"enemies":"Nemesis","floor":41,"turns":7},{"damage":0,"enemies":"Transient","floor":44,"turns":5},{"damage":0,"enemies":"Jaw Worm Horde","floor":46,"turns":5},{"damage":18,"enemies":"Spire Growth","floor":47,"turns":3},{"damage":0,"enemies":"Transient","floor":48,"turns":5},{"damage":0,"enemies":"Donu and Deca","floor":50,"turns":6}],"seed_played":"-4876941592295575737","potions_obtained":[{"floor":4,"key":"Ancient Potion"},{"floor":10,"key":"Block Potion"},{"floor":13,"key":"SneckoOil"},{"floor":21,"key":"Block Potion"},{"floor":24,"key":"Explosive Potion"},{"floor":25,"key":"FearPotion"},{"floor":35,"key":"Weak Potion"},{"floor":36,"key":"Dexterity Potion"},{"floor":44,"key":"LiquidBronze"},{"floor":46,"key":"Fire Potion"}],"is_trial":false,"path_per_floor":["M","?","?","M","?","E","R","E","T","M","$","?","M","?","R","B",null,"M","?","?","M","M","R","E","M","T","R","M","R","?","E","R","B",null,"M","M","?","?","?","R","E","R","T","M","$","M","M","M","R","B",null],"character_chosen":"DEFECT","items_purchased":["Blood Vial","Storm+1","Core Surge","Runic Capacitor","Mayhem+1","Energy Potion","Poison Potion"],"campfire_rested":2,"item_purchase_floors":[11,45,45,45,45,45,45],"current_hp_per_floor":[59,52,52,52,70,33,33,10,10,10,10,10,8,8,30,17,61,57,57,57,61,49,49,49,35,35,35,19,41,37,30,30,7,30,34,33,29,29,24,24,24,24,24,34,34,37,29,31,31,35],"gold":301,"neow_bonus":"THREE_RARE_CARDS","is_prod":false,"is_daily":false,"chose_seed":false,"campfire_upgraded":7,"win_rate":0,"timestamp":1546133715,"path_taken":["M","?","?","?","?","E","R","E","T","M","$","?","M","?","R","BOSS","M","?","?","M","M","R","E","M","T","R","M","R","?","E","R","BOSS","M","M","?","?","?","R","E","R","T","M","?","M","M","?","R","BOSS"],"build_version":"2018-12-20","purchased_purges":1,"victory":true,"max_hp_per_floor":[75,75,75,75,75,75,75,75,75,75,75,75,75,75,75,75,75,75,75,75,75,75,75,75,75,75,75,75,75,37,37,37,37,37,37,37,37,37,37,37,37,37,37,37,37,37,37,37,37,37],"card_choices":[{"not_picked":["All For One","Rainbow"],"picked":"Biased Cognition","floor":0},{"not_picked":["Ball Lightning","Streamline"],"picked":"Conserve Battery","floor":1},{"not_picked":["Consume","Steam"],"picked":"Loop","floor":4},{"not_picked":["Leap","Rip and Tear"],"picked":"Static Discharge","floor":6},{"not_picked":["Undo","Steam"],"picked":"Glacier","floor":8},{"not_picked":["Rip and Tear","Turbo"],"picked":"Sweeping Beam","floor":10},{"not_picked":["Hologram","Rainbow"],"picked":"Hello World","floor":13},{"not_picked":["Hyperbeam","Reboot"],"picked":"Amplify","floor":16},{"not_picked":["Gash","Sweeping Beam"],"picked":"Glacier+1","floor":18},{"not_picked":["Steam","Conserve Battery"],"picked":"Double Energy","floor":21},{"not_picked":["Compile Driver+1","Steam"],"picked":"Capacitor","floor":22},{"not_picked":["All For One","Sweeping Beam"],"picked":"Storm","floor":24},{"not_picked":["Chill","Streamline"],"picked":"Conserve Battery+1","floor":25},{"not_picked":["Conserve Battery+1","Stack"],"picked":"Heatsinks+1","floor":28},{"not_picked":["Conserve Battery+1","Tempest"],"picked":"Creative AI+1","floor":31},{"not_picked":["Reboot","Buffer+1"],"picked":"Biased Cognition+1","floor":33},{"not_picked":["Ball Lightning","Consume"],"picked":"Self Repair+1","floor":35},{"not_picked":["Hologram","Recycle+1"],"picked":"Cold Snap","floor":36},{"not_picked":["Conserve Battery","Redo"],"picked":"Echo Form+1","floor":37},{"not_picked":["Sweeping Beam+1","Blizzard+1"],"picked":"Electrodynamics+1","floor":41},{"not_picked":["Coolheaded","Sunder"],"picked":"Conserve Battery","floor":44},{"not_picked":["Leap","Beam Cell"],"picked":"Stack","floor":46},{"not_picked":["Hologram","Conserve Battery"],"picked":"Consume+1","floor":47},{"not_picked":["White Noise","Rebound+1"],"picked":"Static Discharge+1","floor":48}],"player_experience":338638,"relics_obtained":[{"floor":6,"key":"Gambling Chip"},{"floor":8,"key":"Oddly Smooth Stone"},{"floor":9,"key":"Nunchaku"},{"floor":24,"key":"Potion Belt"},{"floor":26,"key":"Frozen Egg 2"},{"floor":31,"key":"Anchor"},{"floor":37,"key":"Ice Cream"},{"floor":41,"key":"FossilizedHelix"},{"floor":41,"key":"Ancient Tea Set"},{"floor":43,"key":"Orichalcum"}],"event_choices":[{"cards_removed":["Regret"],"damage_healed":0,"gold_gain":0,"player_choice":"Card Removal","damage_taken":7,"max_hp_gain":0,"max_hp_loss":0,"event_name":"Golden Wing","floor":2,"gold_loss":0},{"cards_removed":["Strike_B"],"damage_healed":0,"gold_gain":0,"player_choice":"Offered Basic","damage_taken":0,"max_hp_gain":0,"max_hp_loss":0,"event_name":"Bonfire Elementals","floor":3,"gold_loss":0},{"damage_healed":18,"gold_gain":0,"player_choice":"Healed","damage_taken":0,"max_hp_gain":0,"max_hp_loss":0,"event_name":"The Cleric","floor":5,"gold_loss":35},{"damage_healed":0,"gold_gain":0,"player_choice":"Take Wound","damage_taken":0,"relics_obtained":["Golden Idol"],"max_hp_gain":0,"max_hp_loss":0,"event_name":"Golden Idol","floor":12,"gold_loss":0,"cards_obtained":["Injury"]},{"cards_removed":["Injury"],"damage_healed":0,"gold_gain":0,"player_choice":"Forget","damage_taken":0,"max_hp_gain":0,"max_hp_loss":0,"event_name":"Living Wall","floor":14,"gold_loss":0},{"damage_healed":0,"gold_gain":0,"player_choice":"Simplicity","damage_taken":0,"max_hp_gain":0,"max_hp_loss":0,"event_name":"Back to Basics","floor":19,"gold_loss":0,"cards_upgraded":["Strike_B","Strike_B","Strike_B","Defend_B","Defend_B","Defend_B","Defend_B"]},{"damage_healed":0,"gold_gain":0,"player_choice":"Became a vampire (Vial)","damage_taken":0,"max_hp_gain":0,"max_hp_loss":0,"event_name":"Vampires","floor":20,"relics_lost":["Blood Vial"],"gold_loss":0,"cards_obtained":["Bite","Bite","Bite","Bite","Bite"]},{"damage_healed":0,"gold_gain":0,"player_choice":"Became a Ghost","damage_taken":0,"max_hp_gain":0,"max_hp_loss":38,"event_name":"Ghosts","floor":30,"gold_loss":0,"cards_obtained":["Ghostly","Ghostly","Ghostly","Ghostly","Ghostly"]},{"damage_healed":0,"gold_gain":0,"player_choice":"Fight","damage_taken":0,"max_hp_gain":0,"max_hp_loss":0,"event_name":"Mysterious Sphere","floor":37,"gold_loss":0},{"damage_healed":0,"gold_gain":333,"player_choice":"Gave Idol","damage_taken":0,"max_hp_gain":0,"max_hp_loss":0,"event_name":"The Moai Head","floor":38,"relics_lost":["Golden Idol"],"gold_loss":0},{"damage_healed":0,"gold_gain":0,"player_choice":"Embrace Madness","damage_taken":5,"max_hp_gain":0,"max_hp_loss":0,"event_name":"Winding Halls","floor":39,"gold_loss":0,"cards_obtained":["Madness","Madness"]}],"is_beta":false,"boss_relics":[{"not_picked":["Sozu","Astrolabe"],"picked":"Inserter"},{"not_picked":["Coffee Dripper","Busted Crown"],"picked":"Black Star"}],"items_purged_floors":[45],"is_endless":false,"potions_floor_spawned":[4,10,13,21,24,25,35,36,44,46],"ascension_level":6}