{"gold_per_floor":[117,117,42,61,71,71,100,116,142,142,160,160,186,53,53,53],"floor_reached":16,"playtime":541,"items_purged":["Strike_R"],"score":220,"play_id":"71ee14df-789c-40d3-a38d-b9b720c5cc64","local_time":"20181203232022","is_ascension_mode":true,"campfire_choices":[{"data":"Armaments","floor":6,"key":"SMITH"},{"data":"Bash","floor":10,"key":"SMITH"},{"data":"Corruption","floor":15,"key":"SMITH"}],"neow_cost":"NONE","seed_source_timestamp":941957623370066,"circlet_count":0,"master_deck":["AscendersBane","Strike_R","Strike_R","Strike_R","Defend_R","Defend_R","Defend_R","Defend_R","Bash+1","Armaments+1","Metallicize","Pommel Strike+1","Headbutt","Rampage","Corruption+1","Metallicize"],"relics":["Burning Blood","NeowsBlessing","Orichalcum","Smiling Mask","Centennial Puzzle"],"potions_floor_usage":[7,8,11,16],"damage_taken":[{"damage":0,"enemies":"Small Slimes","floor":1,"turns":1},{"damage":0,"enemies":"Jaw Worm","floor":4,"turns":1},{"damage":0,"enemies":"2 Louse","floor":5,"turns":1},{"damage":6,"enemies":"3 Sentries","floor":7,"turns":14},{"damage":22,"enemies":"Gremlin Gang","floor":8,"turns":8},{"damage":10,"enemies":"Exordium Wildlife","floor":11,"turns":5},{"damage":20,"enemies":"Gremlin Nob","floor":13,"turns":4},{"damage":48,"enemies":"Slime Boss","floor":16,"turns":5}],"seed_played":"-2596710534008113435","potions_obtained":[{"floor":5,"key":"PowerPotion"},{"floor":7,"key":"EssenceOfSteel"},{"floor":8,"key":"Explosive Potion"},{"floor":11,"key":"Explosive Potion"},{"floor":13,"key":"EssenceOfSteel"}],"is_trial":false,"path_per_floor":["M","?","$","M","M","R","E","M","T","R","M","?","E","$","R","B"],"character_chosen":"IRONCLAD","items_purchased":["Metallicize","Metallicize"],"campfire_rested":0,"item_purchase_floors":[3,14],"current_hp_per_floor":[74,67,67,73,75,75,75,59,59,59,55,55,41,41,41,0],"gold":53,"neow_bonus":"THREE_ENEMY_KILL","is_prod":false,"is_daily":false,"chose_seed":false,"campfire_upgraded":3,"win_rate":0,"timestamp":1543908022,"path_taken":["M","?","?","M","M","R","E","M","T","R","M","?","E","$","R","BOSS"],"build_version":"2018-11-15","purchased_purges":1,"victory":false,"max_hp_per_floor":[75,75,75,75,75,75,75,75,75,75,75,75,75,75,75,75],"card_choices":[{"not_picked":["Flex","Combust"],"picked":"Armaments","floor":1},{"not_picked":["Entrench","Sentinel"],"picked":"Pommel Strike","floor":4},{"not_picked":["Clash","Searing Blow"],"picked":"Headbutt","floor":5},{"not_picked":["Iron Wave","Fire Breathing","Bloodletting"],"picked":"SKIP","floor":7},{"not_picked":["Anger","Warcry"],"picked":"Rampage","floor":8},{"not_picked":["Sword Boomerang","Reckless Charge","Perfected Strike"],"picked":"SKIP","floor":11},{"not_picked":["Shockwave","Havoc"],"picked":"Corruption","floor":13}],"player_experience":957827,"relics_obtained":[{"floor":7,"key":"Orichalcum"},{"floor":9,"key":"Smiling Mask"},{"floor":13,"key":"Centennial Puzzle"}],"event_choices":[{"cards_removed":["Strike_R"],"damage_healed":0,"gold_gain":0,"player_choice":"Card Removal","damage_taken":7,"max_hp_gain":0,"max_hp_loss":0,"event_name":"Golden Wing","floor":2,"gold_loss":0},{"damage_healed":0,"gold_gain":0,"player_choice":"Forge","damage_taken":0,"max_hp_gain":0,"max_hp_loss":0,"event_name":"Accursed Blacksmith","floor":12,"gold_loss":0,"cards_upgraded":["Pommel Strike"]}],"is_beta":true,"boss_relics":[],"items_purged_floors":[14],"is_endless":false,"potions_floor_spawned":[5,7,8,11,13],"killed_by":"Slime Boss","ascension_level":20}