{"gold_per_floor":[115,135,135,135,109,142,158,158],"floor_reached":8,"playtime":141,"items_purged":[],"score":162,"play_id":"b9883c44-65ec-45b3-92ca-39221d8d5736","local_time":"20190129094059","is_ascension_mode":true,"campfire_choices":[],"neow_cost":"NONE","seed_source_timestamp":1099989149447087,"circlet_count":0,"master_deck":["AscendersBane","Strike_B","Strike_B","Strike_B","Defend_B","Defend_B","Defend_B","Defend_B","Zap","Dualcast","Go for the Eyes","Beam Cell","Hello World","Sweeping Beam","Capacitor","Streamline+1"],"special_seed":0,"relics":["Cracked Core","NeowsBlessing","Molten Egg 2"],"potions_floor_usage":[],"damage_taken":[{"damage":0.0,"enemies":"Cultist","floor":1.0,"turns":1.0},{"damage":0.0,"enemies":"Jaw Worm","floor":2.0,"turns":1.0},{"damage":0.0,"enemies":"Lagavulin","floor":6.0,"turns":1.0},{"damage":2,"enemies":"2 Louse","floor":7,"turns":2},{"damage":20,"enemies":"3 Sentries","floor":8,"turns":3}],"seed_played":"-8169103807244948076","potions_obtained":[{"floor":2.0,"key":"EssenceOfSteel"},{"floor":7,"key":"SkillPotion"}],"is_trial":false,"path_per_floor":["M","M","?","?","$","E","M","E"],"character_chosen":"DEFECT","items_purchased":["Sweeping Beam"],"campfire_rested":0,"item_purchase_floors":[5],"current_hp_per_floor":[64,64,69,69,69,69,67,47],"gold":158,"neow_bonus":"THREE_ENEMY_KILL","is_prod":false,"is_daily":false,"chose_seed":false,"campfire_upgraded":0,"win_rate":0,"timestamp":1548783659,"path_taken":["M","?","?","?","$","E","?","E"],"build_version":"2019-01-23","purchased_purges":0,"victory":false,"max_hp_per_floor":[71,71,76,76,76,76,76,76],"card_choices":[{"not_picked":["Steam","Turbo"],"picked":"Go for the Eyes","floor":1.0},{"not_picked":["Tempest","Go for the Eyes"],"picked":"Beam Cell","floor":2.0},{"not_picked":["Sweeping Beam","Hologram"],"picked":"Capacitor","floor":6.0},{"not_picked":["Gash+1","Beam Cell+1"],"picked":"Streamline+1","floor":7}],"player_experience":1782158,"relics_obtained":[{"floor":6.0,"key":"Molten Egg 2"}],"event_choices":[{"damage_healed":0.0,"max_hp_gain":5.0,"max_hp_loss":0.0,"gold_gain":0.0,"event_name":"Big Fish","player_choice":"Donut","floor":3.0,"gold_loss":0.0,"damage_taken":0.0},{"damage_healed":0.0,"max_hp_gain":0.0,"max_hp_loss":0.0,"gold_gain":0.0,"cards_transformed":["Strike_B"],"event_name":"Transmorgrifier","player_choice":"Transformed","floor":4.0,"gold_loss":0.0,"damage_taken":0.0,"cards_obtained":["Hello World"]}],"is_beta":false,"boss_relics":[],"items_purged_floors":[],"is_endless":false,"potions_floor_spawned":[2,7],"killed_by":"3 Sentries","ascension_level":20}