{"gold_per_floor":[113,113,125,137,147,147,30,30,55,68,80,95,105,115,115,115],"floor_reached":16,"playtime":1424,"items_purged":[],"score":98,"play_id":"05eac9d5-6a6a-4d07-9908-b5c209871ce0","local_time":"20180917202805","is_ascension_mode":false,"campfire_choices":[{"floor":6,"key":"REST"},{"data":"Acrobatics","floor":8,"key":"SMITH"},{"data":"Noxious Fumes","floor":15,"key":"SMITH"}],"neow_cost":"","seed_source_timestamp":307892489733745,"circlet_count":0,"master_deck":["Defend_G","Defend_G","Defend_G","Defend_G","Strike_G","Strike_G","Strike_G","Strike_G","Strike_G","Survivor","Neutralize","Leg Sweep","Caltrops","Outmaneuver","Blade Dance","Noxious Fumes+1","Acrobatics+1","Flying Knee","Tactician","Choke","Prepared"],"relics":["Ring of the Snake","Potion Belt"],"potions_floor_usage":[16],"damage_taken":[{"damage":1,"enemies":"2 Louse","floor":1,"turns":4},{"damage":0,"enemies":"Jaw Worm","floor":3,"turns":5},{"damage":1,"enemies":"Cultist","floor":4,"turns":5},{"damage":14,"enemies":"Gremlin Gang","floor":5,"turns":8},{"damage":3,"enemies":"Looter","floor":10,"turns":4},{"damage":1,"enemies":"Blue Slaver","floor":11,"turns":5},{"damage":8,"enemies":"3 Louse","floor":12,"turns":5},{"damage":0,"enemies":"2 Fungi Beasts","floor":13,"turns":5},{"damage":8,"enemies":"Large Slime","floor":14,"turns":7},{"damage":50,"enemies":"Slime Boss","floor":16,"turns":8}],"seed_played":"7632953097447328328","potions_obtained":[{"floor":1,"key":"EssenceOfSteel"},{"floor":4,"key":"PowerPotion"},{"floor":12,"key":"GamblersBrew"}],"is_trial":false,"path_per_floor":["M","?","M","M","M","R","$","R","T","M","M","M","M","M","R"],"character_chosen":"THE_SILENT","items_purchased":["Noxious Fumes","Acrobatics"],"campfire_rested":1,"item_purchase_floors":[7,7],"current_hp_per_floor":[69,62,62,61,47,68,68,68,68,65,64,56,56,48,48,0],"gold":115,"neow_bonus":"","is_prod":false,"is_daily":false,"chose_seed":false,"campfire_upgraded":2,"win_rate":0.0,"timestamp":1537234085,"path_taken":["M","?","M","M","M","R","$","R","T","?","M","M","M","M","R","BOSS"],"build_version":"2018-09-06","purchased_purges":0,"victory":false,"max_hp_per_floor":[70,70,70,70,70,70,70,70,70,70,70,70,70,70,70,70],"card_choices":[{"not_picked":["Bouncing Flask","Quick Slash"],"picked":"Leg Sweep","floor":1},{"not_picked":["Bane","Expertise"],"picked":"Caltrops","floor":3},{"not_picked":["Endless Agony","Blade Dance"],"picked":"Outmaneuver","floor":4},{"not_picked":["Footwork","Acrobatics"],"picked":"Blade Dance","floor":5},{"not_picked":["Blur","Eviscerate"],"picked":"Flying Knee","floor":10},{"not_picked":["Blade Dance","Backflip"],"picked":"Tactician","floor":11},{"not_picked":["Flying Knee","All Out Attack"],"picked":"Choke","floor":12},{"not_picked":["Outmaneuver","Deflect","Bullet Time"],"picked":"SKIP","floor":13},{"not_picked":["Poisoned Stab","Dodge and Roll"],"picked":"Prepared","floor":14}],"player_experience":26897,"relics_obtained":[{"floor":9,"key":"Potion Belt"}],"event_choices":[{"event_name":"Golden Wing","player_choice":"Card Removal","floor":2,"damage_taken":0}],"is_beta":false,"boss_relics":[],"items_purged_floors":[],"is_endless":false,"potions_floor_spawned":[1,4,12],"killed_by":"Slime Boss","ascension_level":0}