{"gold_per_floor":[110,385,402,402,422,422,456,456,456,494,494,281,305,305,305,305],"floor_reached":16,"playtime":777,"items_purged":["Regret"],"score":205,"play_id":"1bb270b3-a6df-4e21-89e5-0812cabda3b4","local_time":"20181213094404","is_ascension_mode":true,"campfire_choices":[{"data":"Cleave","floor":6,"key":"SMITH"},{"data":"Clothesline","floor":8,"key":"SMITH"},{"floor":11,"key":"REST"},{"floor":15,"key":"REST"}],"neow_cost":"NONE","seed_source_timestamp":98718613248948,"circlet_count":0,"master_deck":["AscendersBane","Strike_R","Strike_R","Strike_R","Strike_R","Strike_R","Defend_R","Defend_R","Defend_R","Defend_R","Bash+1","Cleave+1","Thunderclap","Clothesline+1","True Grit","Exhume"],"relics":["Burning Blood","Golden Idol","Pear","Pen Nib","PreservedInsect","Ornamental Fan"],"potions_floor_usage":[7,14],"damage_taken":[{"damage":7,"enemies":"Jaw Worm","floor":1,"turns":3},{"damage":8,"enemies":"Cultist","floor":3,"turns":3},{"damage":11,"enemies":"2 Louse","floor":5,"turns":3},{"damage":42,"enemies":"3 Sentries","floor":7,"turns":7},{"damage":31,"enemies":"Lagavulin","floor":10,"turns":6},{"damage":8,"enemies":"Large Slime","floor":13,"turns":5},{"damage":48,"enemies":"Slime Boss","floor":16,"turns":7}],"seed_played":"-8665455556944846301","potions_obtained":[{"floor":3,"key":"BloodPotion"},{"floor":5,"key":"Ancient Potion"}],"is_trial":false,"path_per_floor":["M","?","M","?","M","R","E","R","T","E","R","$","M","?","R","B"],"character_chosen":"IRONCLAD","items_purchased":["True Grit","Fruit Juice"],"campfire_rested":2,"item_purchase_floors":[12,12],"current_hp_per_floor":[67,67,65,65,60,60,40,40,40,15,38,38,36,23,47,0],"gold":305,"neow_bonus":"UPGRADE_CARD","is_prod":false,"is_daily":false,"chose_seed":false,"campfire_upgraded":2,"win_rate":0,"timestamp":1544723044,"path_taken":["M","?","?","?","M","R","E","R","T","E","R","$","M","?","R","BOSS"],"build_version":"2018-12-06","purchased_purges":1,"victory":false,"max_hp_per_floor":[75,75,75,68,68,68,78,78,78,78,78,78,78,83,83,83],"card_choices":[{"not_picked":["Clash","Blood for Blood"],"picked":"Cleave","floor":1},{"not_picked":["Anger","Reckless Charge"],"picked":"Thunderclap","floor":3},{"not_picked":["Cleave","Sentinel","Havoc"],"picked":"SKIP","floor":5},{"not_picked":["Flex","Spot Weakness"],"picked":"Clothesline","floor":7},{"not_picked":["Perfected Strike","Rupture","Sever Soul"],"picked":"SKIP","floor":10},{"not_picked":["Clash","Havoc"],"picked":"Exhume","floor":13}],"player_experience":1560444,"relics_obtained":[{"floor":7,"key":"Pear"},{"floor":9,"key":"Pen Nib"},{"floor":10,"key":"PreservedInsect"}],"event_choices":[{"damage_healed":0,"gold_gain":275,"player_choice":"Desecrate","damage_taken":0,"max_hp_gain":0,"max_hp_loss":0,"event_name":"Golden Shrine","floor":2,"gold_loss":0,"cards_obtained":["Regret"]},{"damage_healed":0,"gold_gain":0,"player_choice":"Lose Max HP","damage_taken":0,"relics_obtained":["Golden Idol"],"max_hp_gain":0,"max_hp_loss":7,"event_name":"Golden Idol","floor":4,"gold_loss":0},{"damage_healed":0,"gold_gain":0,"player_choice":"Success","damage_taken":18,"relics_obtained":["Ornamental Fan"],"max_hp_gain":0,"max_hp_loss":0,"event_name":"Scrap Ooze","floor":14,"gold_loss":0}],"is_beta":false,"boss_relics":[],"items_purged_floors":[12],"is_endless":false,"potions_floor_spawned":[3,5],"killed_by":"Slime Boss","ascension_level":18}