{"gold_per_floor":[112,122,139,314,314,314,334,349,349,362,362,377,377,327,327,427,427,413,373,384,384,131,160,176,176,176,176,208,208,228,246,246,246],"floor_reached":33,"playtime":2524,"items_purged":[],"score":405,"play_id":"4da7093a-4f1c-4e50-a80b-ca2a2f022228","local_time":"20180917141441","is_ascension_mode":true,"campfire_choices":[{"data":"Zap","floor":6.0,"key":"SMITH"},{"data":"White Noise","floor":11.0,"key":"SMITH"},{"floor":13.0,"key":"REST"},{"data":"Sunder","floor":15.0,"key":"SMITH"},{"data":"Self Repair","floor":25.0,"key":"SMITH"},{"data":"Capacitor","floor":27.0,"key":"SMITH"},{"floor":29.0,"key":"REST"},{"floor":32.0,"key":"REST"}],"neow_cost":"NONE","seed_source_timestamp":0,"circlet_count":0,"master_deck":["Strike_B+1","Strike_B","Strike_B","Defend_B","Defend_B+1","Defend_B","Defend_B","Zap+1","Dualcast+1","Rainbow","White Noise+1","Coolheaded","Leap","Doubt","Conserve Battery","Cold Snap","Cold Snap","Sunder+1","Echo Form+1","Self Repair+1","Capacitor+1","Auto Shields+1","Conserve Battery+1"],"special_seed":0,"relics":["Cracked Core","Mummified Hand","Velvet Choker","Lee\u0027s Waffle","Dead Branch","WingedGreaves","Blue Candle"],"potions_floor_usage":[33],"damage_taken":[{"damage":4.0,"enemies":"Small Slimes","floor":1.0,"turns":3.0},{"damage":3.0,"enemies":"Jaw Worm","floor":2.0,"turns":4.0},{"damage":0.0,"enemies":"2 Louse","floor":3.0,"turns":2.0},{"damage":0.0,"enemies":"Blue Slaver","floor":7.0,"turns":4.0},{"damage":16.0,"enemies":"Gremlin Gang","floor":8.0,"turns":3.0},{"damage":0.0,"enemies":"2 Fungi Beasts","floor":10.0,"turns":5.0},{"damage":4.0,"enemies":"Looter","floor":12.0,"turns":3.0},{"damage":31.0,"enemies":"The Guardian","floor":16.0,"turns":10.0},{"damage":10.0,"enemies":"2 Thieves","floor":18.0,"turns":4.0},{"damage":9.0,"enemies":"Chosen","floor":20.0,"turns":5.0},{"damage":32.0,"enemies":"Colosseum Slavers","floor":21.0,"turns":5.0},{"damage":43.0,"enemies":"Slavers","floor":23.0,"turns":8.0},{"damage":15.0,"enemies":"Shelled Parasite and Fungi","floor":24.0,"turns":7.0},{"damage":38.0,"enemies":"Gremlin Leader","floor":28.0,"turns":8.0},{"damage":33.0,"enemies":"Snake Plant","floor":30.0,"turns":4.0},{"damage":26.0,"enemies":"Chosen and Byrds","floor":31.0,"turns":7.0},{"damage":55,"enemies":"Automaton","floor":33,"turns":10}],"seed_played":"-6471307007551240152","potions_obtained":[{"floor":1.0,"key":"LiquidBronze"},{"floor":2.0,"key":"FairyPotion"},{"floor":8.0,"key":"Swift Potion"},{"floor":12.0,"key":"Ancient Potion"},{"floor":23.0,"key":"FearPotion"},{"floor":24.0,"key":"LiquidBronze"},{"floor":30.0,"key":"SkillPotion"}],"is_trial":false,"path_per_floor":["M","M","M","?","?","R","M","M","T","M","R","M","R","?","R","B",null,"M","?","M","?","$","E","M","R","T","R","E","R","M","M","R"],"character_chosen":"DEFECT","items_purchased":["Lee\u0027s Waffle","Block Potion"],"campfire_rested":3,"item_purchase_floors":[22,22],"current_hp_per_floor":[64,61,61,61,46,46,46,30,30,30,30,26,48,48,48,17,61,51,51,42,17,82,46,38,38,38,38,18,42,29,30,54,0],"gold":246,"neow_bonus":"ONE_RANDOM_RARE_CARD","is_prod":false,"is_daily":false,"chose_seed":false,"campfire_upgraded":5,"win_rate":0,"timestamp":1537218881,"path_taken":["M","M","M","?","?","R","M","M","T","M","R","M","R","?","R","BOSS","M","?","M","?","$","E","M","R","T","R","E","R","M","M","R","BOSS"],"build_version":"2018-09-06","purchased_purges":0,"victory":false,"max_hp_per_floor":[75,75,75,75,75,75,75,75,75,75,75,75,75,75,75,75,75,75,75,75,75,82,82,82,82,82,82,82,82,82,82,82,82],"card_choices":[{"not_picked":["Hello World","BootSequence"],"picked":"White Noise","floor":1.0},{"not_picked":["Beam Cell","Gash"],"picked":"Coolheaded","floor":2.0},{"not_picked":["BootSequence","Sunder"],"picked":"Leap","floor":3.0},{"not_picked":["Melter","BootSequence"],"picked":"Conserve Battery","floor":7.0},{"not_picked":["Turbo","Genetic Algorithm"],"picked":"Cold Snap","floor":8.0},{"not_picked":["Redo","Barrage"],"picked":"Cold Snap","floor":10.0},{"not_picked":["Compile Driver","Meteor Strike"],"picked":"Sunder","floor":12.0},{"not_picked":["Core Surge","Fission"],"picked":"Echo Form","floor":16.0},{"not_picked":["Streamline","Double Energy","Sweeping Beam+1"],"picked":"SKIP","floor":18.0},{"not_picked":["Darkness","Compile Driver"],"picked":"Self Repair","floor":20.0},{"not_picked":["Meteor Strike","Leap"],"picked":"Capacitor","floor":23.0},{"not_picked":["Hologram","Skim+1"],"picked":"Auto Shields+1","floor":24.0},{"not_picked":["Turbo","Streamline","Ball Lightning+1"],"picked":"SKIP","floor":28.0},{"not_picked":["Auto Shields+1","Steam"],"picked":"Conserve Battery+1","floor":30.0},{"not_picked":["Beam Cell+1","FTL","Conserve Battery"],"picked":"SKIP","floor":31.0}],"player_experience":1044846,"relics_obtained":[{"floor":9.0,"key":"Mummified Hand"},{"floor":23.0,"key":"Dead Branch"},{"floor":26.0,"key":"WingedGreaves"},{"floor":28.0,"key":"Blue Candle"}],"event_choices":[{"event_name":"Liars Game","player_choice":"agreed","floor":4.0,"damage_taken":0.0},{"event_name":"Shining Light","player_choice":"Entered Light","floor":5.0,"damage_taken":0.0},{"event_name":"The Cleric","player_choice":"Card Removal","floor":14.0,"damage_taken":0.0},{"event_name":"Designer","player_choice":"Upgrade 2 Random Cards","floor":19.0,"damage_taken":0.0},{"event_name":"Colosseum","player_choice":"Fight","floor":21.0,"damage_taken":0.0},{"event_name":"Colosseum","player_choice":"Fled From Nobs","floor":21.0,"damage_taken":0.0}],"is_beta":false,"boss_relics":[{"not_picked":["Orrery","Philosopher\u0027s Stone"],"picked":"Velvet Choker"}],"items_purged_floors":[],"is_endless":false,"potions_floor_spawned":[1,2,8,12,23,24,30],"killed_by":"Automaton","ascension_level":9}