{"gold_per_floor":[365,377,377,45,220,220,251,77,77,77,101,101,137,156,156,284,284,300,325,339,352,159,195,195,294,294,317,317,351,175,175,175,300,300,325,325,345,56,75,119,119,152,221,221,221,221,303,316,316,316],"floor_reached":51,"playtime":2252,"items_purged":["Injury","Regret","Doubt","Strike_B"],"score":969,"play_id":"9079fad4-52a1-420f-9297-732985338083","local_time":"20190203130234","is_ascension_mode":true,"campfire_choices":[{"data":"Defragment","floor":10,"key":"SMITH"},{"data":"Chaos","floor":12,"key":"SMITH"},{"data":"Zap","floor":15,"key":"SMITH"},{"floor":24,"key":"REST"},{"data":"Chaos","floor":28,"key":"SMITH"},{"floor":32,"key":"REST"},{"data":"Redo","floor":41,"key":"SMITH"},{"data":"Chaos","floor":45,"key":"SMITH"},{"floor":49,"key":"REST"}],"neow_cost":"TEN_PERCENT_HP_LOSS","seed_source_timestamp":446935469590986,"circlet_count":0,"master_deck":["Strike_B+1","Strike_B+1","Strike_B+1","Defend_B+1","Defend_B+1","Defend_B+1","Defend_B+1","Zap+1","Dualcast+1","Cold Snap+1","Defragment+1","Multi-Cast+1","Capacitor+1","Chaos+1","Defragment+1","Rainbow+1","Redo+1","Consume+1","Glacier+1","Chaos+1","Conserve Battery+1","Redo+1","Buffer+1","Chaos+1","Madness+1","Madness+1","Coolheaded+1","BootSequence+1","Undo+1","Storm+1","Loop+1"],"relics":["Cracked Core","Golden Idol","Cables","Bag of Preparation","Regal Pillow","Ginger","Incense Burner","Inserter","Thread and Needle","Letter Opener","Darkstone Periapt","Sozu","FossilizedHelix","Blue Candle","Anchor","Mummified Hand","Mark of the Bloom","Symbiotic Virus"],"potions_floor_usage":[21,21,29],"damage_taken":[{"damage":0,"enemies":"2 Louse","floor":1,"turns":3},{"damage":0,"enemies":"Small Slimes","floor":2,"turns":2},{"damage":20,"enemies":"3 Sentries","floor":7,"turns":9},{"damage":1,"enemies":"Jaw Worm","floor":11,"turns":4},{"damage":14,"enemies":"Lagavulin","floor":13,"turns":6},{"damage":0,"enemies":"Blue Slaver","floor":14,"turns":3},{"damage":0,"enemies":"Slime Boss","floor":16,"turns":3},{"damage":8,"enemies":"Spheric Guardian","floor":18,"turns":4},{"damage":0,"enemies":"3 Byrds","floor":19,"turns":5},{"damage":9,"enemies":"Centurion and Healer","floor":20,"turns":6},{"damage":12,"enemies":"Chosen and Byrds","floor":21,"turns":4},{"damage":38,"enemies":"Gremlin Leader","floor":23,"turns":8},{"damage":18,"enemies":"Shelled Parasite and Fungi","floor":27,"turns":4},{"damage":5,"enemies":"Book of Stabbing","floor":29,"turns":5},{"damage":6,"enemies":"Colosseum Slavers","floor":31,"turns":4},{"damage":18,"enemies":"Collector","floor":33,"turns":13},{"damage":0,"enemies":"3 Shapes","floor":35,"turns":3},{"damage":7,"enemies":"3 Darklings","floor":37,"turns":7},{"damage":0,"enemies":"Maw","floor":39,"turns":7},{"damage":0,"enemies":"Giant Head","floor":40,"turns":13},{"damage":50,"enemies":"Reptomancer","floor":42,"turns":8},{"damage":0,"enemies":"Writhing Mass","floor":48,"turns":4},{"damage":0,"enemies":"Donu and Deca","floor":50,"turns":19}],"seed_played":"6012960893523814407","potions_obtained":[{"floor":7,"key":"Swift Potion"},{"floor":16,"key":"Ancient Potion"},{"floor":19,"key":"LiquidBronze"},{"floor":27,"key":"GamblersBrew"},{"floor":33,"key":"LiquidBronze"}],"is_trial":false,"path_per_floor":["M","M","?","$","?","?","E","$","T","R","M","R","E","M","R","B",null,"M","M","M","M","$","E","R","?","T","M","R","E","$","?","R","B",null,"M","?","M","$","M","E","R","E","T","?","R","?","T","M","R","B",null],"character_chosen":"DEFECT","items_purchased":["Cables","Capacitor","Glacier","Redo","FossilizedHelix"],"campfire_rested":3,"item_purchase_floors":[4,8,22,30,38],"current_hp_per_floor":[68,68,68,68,68,68,48,48,48,48,47,47,33,33,33,33,68,60,60,51,39,39,1,36,36,36,18,18,13,13,7,42,24,68,68,59,52,52,52,52,52,2,2,59,59,59,59,59,59,59],"gold":316,"neow_bonus":"TWO_FIFTY_GOLD","is_prod":false,"is_daily":false,"chose_seed":false,"campfire_upgraded":6,"win_rate":0,"timestamp":1549159354,"path_taken":["M","M","?","$","?","?","E","$","T","R","M","R","E","M","R","BOSS","M","M","M","M","$","E","R","?","T","M","R","E","$","?","R","BOSS","M","?","M","$","M","E","R","E","T","?","R","?","?","M","R","BOSS"],"build_version":"2019-01-23","purchased_purges":4,"victory":true,"max_hp_per_floor":[68,68,68,68,68,68,68,68,68,68,68,68,68,68,68,68,68,68,68,68,68,68,68,68,68,68,68,68,68,68,68,68,68,68,68,68,68,68,68,68,68,68,68,59,59,59,59,59,59,59],"card_choices":[{"not_picked":["Stack","Hologram"],"picked":"Cold Snap","floor":1},{"not_picked":["Beam Cell","Chill"],"picked":"Defragment","floor":2},{"not_picked":["Storm","Streamline"],"picked":"Multi-Cast","floor":7},{"not_picked":["Steam","Turbo"],"picked":"Chaos","floor":11},{"not_picked":["Redo","Hologram"],"picked":"Defragment","floor":13},{"not_picked":["Barrage","Compile Driver","Coolheaded"],"picked":"SKIP","floor":14},{"not_picked":["Hyperbeam","Multi-Cast"],"picked":"Rainbow","floor":16},{"not_picked":["Hologram","Leap"],"picked":"Redo","floor":18},{"not_picked":["Beam Cell+1","Stack","Barrage"],"picked":"SKIP","floor":19},{"not_picked":["Double Energy+1","Streamline+1","Hello World"],"picked":"SKIP","floor":20},{"not_picked":["Rebound","Gash"],"picked":"Consume","floor":21},{"not_picked":["Streamline","All For One","Stack+1"],"picked":"SKIP","floor":23},{"not_picked":["FTL","Coolheaded"],"picked":"Chaos","floor":27},{"not_picked":["Cold Snap","Force Field+1"],"picked":"Conserve Battery+1","floor":29},{"not_picked":["Seek","Reboot"],"picked":"Buffer","floor":33},{"not_picked":["Storm","Sweeping Beam+1"],"picked":"Chaos","floor":35},{"not_picked":["Sunder+1","Streamline+1"],"picked":"Coolheaded+1","floor":37},{"not_picked":["Steam+1","Rebound"],"picked":"BootSequence+1","floor":39},{"not_picked":["Coolheaded","Sweeping Beam"],"picked":"Undo+1","floor":40},{"not_picked":["Stack+1","Leap+1"],"picked":"Storm+1","floor":42},{"not_picked":["Core Surge","Go for the Eyes"],"picked":"Loop+1","floor":48}],"player_experience":1229268,"relics_obtained":[{"floor":7,"key":"Regal Pillow"},{"floor":9,"key":"Ginger"},{"floor":13,"key":"Incense Burner"},{"floor":23,"key":"Thread and Needle"},{"floor":26,"key":"Letter Opener"},{"floor":29,"key":"Darkstone Periapt"},{"floor":40,"key":"Blue Candle"},{"floor":42,"key":"Anchor"},{"floor":43,"key":"Mummified Hand"},{"floor":47,"key":"Symbiotic Virus"}],"event_choices":[{"damage_healed":0,"gold_gain":0,"player_choice":"Take Wound","damage_taken":0,"relics_obtained":["Golden Idol"],"max_hp_gain":0,"max_hp_loss":0,"event_name":"Golden Idol","floor":3,"gold_loss":0,"cards_obtained":["Injury"]},{"damage_healed":0,"gold_gain":175,"player_choice":"AGREE","damage_taken":0,"max_hp_gain":0,"max_hp_loss":0,"event_name":"Liars Game","floor":5,"gold_loss":0,"cards_obtained":["Doubt"]},{"damage_healed":0,"gold_gain":0,"player_choice":"Box","damage_taken":0,"relics_obtained":["Bag of Preparation"],"max_hp_gain":0,"max_hp_loss":0,"event_name":"Big Fish","floor":6,"gold_loss":0,"cards_obtained":["Regret"]},{"damage_healed":0,"gold_gain":99,"player_choice":"Stole From Cult","damage_taken":0,"max_hp_gain":0,"max_hp_loss":0,"event_name":"Nest","floor":25,"gold_loss":0},{"damage_healed":0,"gold_gain":0,"player_choice":"Fight","damage_taken":0,"max_hp_gain":0,"max_hp_loss":0,"event_name":"Colosseum","floor":31,"gold_loss":0},{"damage_healed":0,"gold_gain":0,"player_choice":"Fled From Nobs","damage_taken":0,"max_hp_gain":0,"max_hp_loss":0,"event_name":"Colosseum","floor":31,"gold_loss":0},{"damage_healed":0,"gold_gain":0,"player_choice":"Embrace Madness","damage_taken":9,"max_hp_gain":0,"max_hp_loss":0,"event_name":"Winding Halls","floor":36,"gold_loss":0,"cards_obtained":["Madness","Madness"]},{"damage_healed":59,"gold_gain":0,"player_choice":"Heal","damage_taken":0,"max_hp_gain":0,"max_hp_loss":9,"event_name":"The Moai Head","floor":44,"gold_loss":0},{"damage_healed":0,"gold_gain":0,"player_choice":"Upgrade","damage_taken":0,"relics_obtained":["Mark of the Bloom"],"max_hp_gain":0,"max_hp_loss":0,"event_name":"MindBloom","floor":46,"gold_loss":0,"cards_upgraded":["Strike_B","Strike_B","Strike_B","Defend_B","Defend_B","Defend_B","Defend_B","Dualcast","Cold Snap","Multi-Cast","Capacitor","Defragment","Rainbow","Redo","Consume","Glacier","Buffer","Madness","Madness"]}],"is_beta":true,"boss_relics":[{"not_picked":["Velvet Choker","FrozenCore"],"picked":"Inserter"},{"not_picked":["Nuclear Battery","Cursed Key"],"picked":"Sozu"}],"items_purged_floors":[4,8,22,30],"is_endless":false,"potions_floor_spawned":[7,16,19,27,31,33,35,37,48],"ascension_level":1}