{"path_per_floor":["M","$","?","M","$","E","R","?","T","M","?","M","R","E","R","B",null,"M","?","T","?","M","R","E","?","T","E","M","M","$","E","R","B",null,"M","?","?","M","?","E","R","E","T","T","M","M","E","M","R","B"],"character_chosen":"IRONCLAD","items_purchased":["Shrug It Off","Bottled Tornado","Impervious"],"gold_per_floor":[118,17,92,102,2,33,33,33,33,52,52,73,73,114,114,235,235,253,253,253,253,273,273,314,314,314,349,364,378,45,79,79,203,203,218,551,551,566,566,599,599,626,701,701,713,730,761,780,780,780],"floor_reached":51,"campfire_rested":4,"playtime":3292,"current_hp_per_floor":[78,78,67,72,72,63,63,43,43,37,25,14,38,19,43,16,80,80,80,80,80,80,80,75,75,75,73,67,66,66,68,68,66,80,73,73,73,62,62,41,65,59,59,59,61,55,49,46,72,54],"items_purged":["Strike_R","Strike_R"],"gold":780,"score":1069,"play_id":"9bee9680-94ab-4095-8c7c-5792f73e77b8","local_time":"20180403225521","is_prod":false,"is_daily":false,"is_ascension_mode":true,"campfire_upgraded":3,"timestamp":1522814121,"path_taken":["M","$","?","M","$","E","R","?","T","M","?","M","R","E","R","BOSS","M","?","?","?","M","R","E","?","T","E","M","?","$","E","R","BOSS","M","?","?","M","?","E","R","E","T","?","?","M","E","M","R","BOSS"],"build_version":"2018-03-29v2","purchased_purges":2,"victory":true,"master_deck":["Strike_R","Strike_R","Strike_R","Defend_R","Defend_R","Defend_R","Bash","Body Slam","Clash","Shrug It Off","Body Slam+1","Barricade+1","Warcry","Armaments+1","Flame Barrier","Offering","True Grit+1","Disarm","Disarm","Offering","Warcry","Seeing Red","Impervious","Armaments+1","Exhume","Flex","True Grit+1","Feed","Shrug It Off+1","Entrench","Pummel+1","True Grit+1"],"max_hp_per_floor":[80,80,80,80,80,80,80,80,80,80,80,80,80,80,80,80,80,80,80,80,80,80,80,80,80,80,80,80,80,80,80,80,80,80,83,83,83,83,83,83,83,83,83,83,87,87,87,87,87,87],"relics":["Burning Blood","Calipers","Charon\u0027s Ashes","Dead Branch","Bronze Scales","Lizard Tail","Question Card","Ornamental Fan","Sundial","Mummified Hand","Bottled Tornado","Dodecahedron","Sozu","Bag of Preparation","Bag of Marbles","Shuriken","Peace Pipe","Letter Opener"],"card_choices":[{"not_picked":["Reckless Charge","Headbutt"],"picked":"Clash","floor":1},{"not_picked":["Carnage","Perfected Strike"],"picked":"Body Slam","floor":4},{"not_picked":["Clothesline","Body Slam"],"picked":"Barricade","floor":6},{"not_picked":["Sever Soul","Battle Trance"],"picked":"Warcry","floor":10},{"not_picked":["Anger","Clothesline"],"picked":"Armaments","floor":12},{"not_picked":["Dropkick","Twin Strike"],"picked":"Flame Barrier","floor":14},{"not_picked":["Limit Break","Barricade"],"picked":"Offering","floor":16},{"not_picked":["Feel No Pain","Clothesline"],"picked":"True Grit","floor":18},{"not_picked":["Battle Trance","Heavy Blade","Armaments"],"picked":"Disarm","floor":22},{"not_picked":["Immolate","Headbutt","Wild Strike"],"picked":"Disarm","floor":24},{"not_picked":["Heavy Blade","Searing Blow","Clash"],"picked":"Warcry","floor":27},{"not_picked":["Perfected Strike","Thunderclap","Headbutt"],"picked":"Metallicize","floor":28},{"not_picked":["Sword Boomerang","Clash","Spot Weakness"],"picked":"Seeing Red","floor":29},{"not_picked":["Sever Soul","Barricade","Clothesline"],"picked":"Armaments","floor":31},{"not_picked":["Immolate","Brutality","Double Tap"],"picked":"Exhume","floor":33},{"not_picked":["Second Wind","Hemokinesis","Twin Strike"],"picked":"Flex","floor":35},{"not_picked":["Twin Strike","Perfected Strike","Anger"],"picked":"True Grit","floor":38},{"not_picked":["Sword Boomerang","Rampage","Perfected Strike"],"picked":"Feed","floor":40},{"not_picked":["Headbutt","Armaments","Demon Form"],"picked":"Shrug It Off","floor":42},{"not_picked":["Sword Boomerang","Clash","Seeing Red"],"picked":"Entrench","floor":45},{"not_picked":["Clothesline","Perfected Strike","Rampage"],"picked":"Pummel","floor":46},{"not_picked":["Wild Strike","Perfected Strike","Combust"],"picked":"True Grit","floor":47}],"player_experience":122116,"potions_floor_usage":[16,16,33,33],"damage_taken":[{"damage":8,"enemies":"2 Louse","floor":1,"turns":3},{"damage":1,"enemies":"Small Slimes","floor":4,"turns":4},{"damage":15,"enemies":"Gremlin Nob","floor":6,"turns":4},{"damage":12,"enemies":"Jaw Worm","floor":10,"turns":2},{"damage":17,"enemies":"Exordium Wildlife","floor":12,"turns":5},{"damage":25,"enemies":"3 Sentries","floor":14,"turns":7},{"damage":33,"enemies":"Slime Boss","floor":16,"turns":9},{"damage":0,"enemies":"3 Byrds","floor":18,"turns":1},{"damage":4,"enemies":"2 Thieves","floor":22,"turns":4},{"damage":11,"enemies":"Book of Stabbing","floor":24,"turns":5},{"damage":8,"enemies":"Gremlin Leader","floor":27,"turns":3},{"damage":12,"enemies":"Sentry and Sphere","floor":28,"turns":4},{"damage":7,"enemies":"Snake Plant","floor":29,"turns":2},{"damage":4,"enemies":"Book of Stabbing","floor":31,"turns":3},{"damage":8,"enemies":"Automaton","floor":33,"turns":9},{"damage":16,"enemies":"3 Shapes","floor":35,"turns":2},{"damage":17,"enemies":"3 Darklings","floor":38,"turns":3},{"damage":27,"enemies":"2 Orb Walkers","floor":40,"turns":3},{"damage":12,"enemies":"Nemesis","floor":42,"turns":5},{"damage":8,"enemies":"Sphere and 2 Shapes","floor":45,"turns":2},{"damage":12,"enemies":"Maw","floor":46,"turns":5},{"damage":12,"enemies":"Giant Head","floor":47,"turns":2},{"damage":9,"enemies":"3 Darklings","floor":48,"turns":2},{"damage":24,"enemies":"Donu and Deca","floor":50,"turns":7}],"event_choices":[{"event_name":"World of Goop","player_choice":"Gather Gold","floor":3,"damage_taken":0},{"event_name":"Golden Idol","player_choice":"Take Damage","floor":8,"damage_taken":0},{"event_name":"Scrap Ooze","player_choice":"success","floor":11,"damage_taken":12},{"event_name":"Accursed Blacksmith","player_choice":"Forge","floor":19,"damage_taken":0},{"event_name":"Ghosts","player_choice":"Ignored","floor":21,"damage_taken":0},{"event_name":"Duplicator","player_choice":"One dupe","floor":25,"damage_taken":0},{"event_name":"The Moai Head","player_choice":"Gave Idol","floor":36,"damage_taken":0},{"event_name":"Tomb of Lord Red Mask","player_choice":"Ignored","floor":37,"damage_taken":0}],"boss_relics":[{"not_picked":["Runic Dome","Mark of Pain"],"picked":"Lizard Tail"},{"not_picked":["White Beast Statue","Eternal Feather"],"picked":"Sozu"}],"potions_floor_spawned":[1,12,22,24,28,31,38,42,46,47,48],"seed_played":"-989471994093347231","ascension_level":2,"is_trial":false}