{"gold_per_floor":[116,116,136,152,168,168,202,202,202,167,167,211,211,245,245,245],"floor_reached":16,"playtime":652,"items_purged":[],"score":212,"play_id":"2692fac5-3fcc-4157-a910-32246de2fa45","local_time":"20181108075442","is_ascension_mode":true,"campfire_choices":[{"floor":6,"key":"REST"},{"data":"Zap","floor":8,"key":"SMITH"},{"data":"Go for the Eyes","floor":13,"key":"SMITH"},{"floor":15,"key":"REST"}],"neow_cost":"PERCENT_DAMAGE","seed_source_timestamp":841397596750334,"circlet_count":0,"master_deck":["AscendersBane","Strike_B","Strike_B","Strike_B","Strike_B","Defend_B","Defend_B","Defend_B","Defend_B","Zap+1","Dualcast","Echo Form","Cold Snap","Ball Lightning","Steam","Capacitor","Go for the Eyes+1","Biased Cognition","Self Repair"],"relics":["Cracked Core","Vajra","Cables","Golden Idol","Turnip","Ancient Tea Set"],"potions_floor_usage":[],"damage_taken":[{"damage":0,"enemies":"Small Slimes","floor":1,"turns":4},{"damage":0,"enemies":"Jaw Worm","floor":3,"turns":3},{"damage":14,"enemies":"2 Louse","floor":4,"turns":3},{"damage":7,"enemies":"Looter","floor":5,"turns":3},{"damage":14,"enemies":"Lagavulin","floor":7,"turns":6},{"damage":12,"enemies":"Gremlin Nob","floor":12,"turns":4},{"damage":22,"enemies":"3 Sentries","floor":14,"turns":6},{"damage":44,"enemies":"The Guardian","floor":16,"turns":6}],"seed_played":"4425510222340226790","potions_obtained":[{"floor":1,"key":"LiquidBronze"},{"floor":4,"key":"SmokeBomb"}],"is_trial":false,"path_per_floor":["M","?","M","M","M","R","E","R","T","?","?","E","R","E","R","B"],"character_chosen":"DEFECT","items_purchased":[],"campfire_rested":2,"item_purchase_floors":[],"current_hp_per_floor":[46,51,51,37,30,52,38,38,38,57,57,45,45,23,43,0],"gold":245,"neow_bonus":"THREE_RARE_CARDS","is_prod":false,"is_daily":false,"chose_seed":false,"campfire_upgraded":2,"win_rate":0,"timestamp":1541692482,"path_taken":["M","?","M","M","M","R","E","R","T","?","?","E","R","E","R","BOSS"],"build_version":"2018-11-01","purchased_purges":0,"victory":false,"max_hp_per_floor":[71,76,76,76,76,76,76,76,76,76,69,69,69,69,69,69],"card_choices":[{"not_picked":["Buffer","Machine Learning"],"picked":"Echo Form","floor":0},{"not_picked":["Lockon","Stack"],"picked":"Cold Snap","floor":1},{"not_picked":["Turbo","Beam Cell"],"picked":"Ball Lightning","floor":3},{"not_picked":["Tempest","Hologram"],"picked":"Steam","floor":4},{"not_picked":["Skim","Compile Driver"],"picked":"Capacitor","floor":5},{"not_picked":["FTL","Compile Driver"],"picked":"Go for the Eyes","floor":7},{"not_picked":["Recycle","Reprogram"],"picked":"Biased Cognition","floor":12},{"not_picked":["Chaos","Storm"],"picked":"Self Repair","floor":14}],"player_experience":1257930,"relics_obtained":[{"floor":7,"key":"Vajra"},{"floor":9,"key":"Cables"},{"floor":12,"key":"Turnip"},{"floor":14,"key":"Ancient Tea Set"}],"event_choices":[{"damage_healed":0,"gold_gain":0,"player_choice":"Donut","damage_taken":0,"max_hp_gain":5,"max_hp_loss":0,"event_name":"Big Fish","floor":2,"gold_loss":0},{"damage_healed":19,"gold_gain":0,"player_choice":"Healed","damage_taken":0,"max_hp_gain":0,"max_hp_loss":0,"event_name":"The Cleric","floor":10,"gold_loss":35},{"damage_healed":0,"gold_gain":0,"player_choice":"Lose Max HP","damage_taken":0,"relics_obtained":["Golden Idol"],"max_hp_gain":0,"max_hp_loss":7,"event_name":"Golden Idol","floor":11,"gold_loss":0}],"is_beta":false,"boss_relics":[],"items_purged_floors":[],"is_endless":false,"potions_floor_spawned":[1,4,14],"killed_by":"The Guardian","ascension_level":16}