{"gold_per_floor":[116,116,127,147,147,147,178,191,191,191,191,209,226,246,246,325,325,335,121,121,135,153,153,153,167,167,167,182,201,201,212,212,212],"floor_reached":33,"playtime":1912,"items_purged":["Strike_R"],"score":481,"play_id":"fe654ea8-05e4-43c1-92ad-ee42af64d1b2","local_time":"20190108134553","is_ascension_mode":true,"campfire_choices":[{"data":"Armaments","floor":6.0,"key":"SMITH"},{"data":"Inflame","floor":10.0,"key":"SMITH"},{"floor":15.0,"key":"REST"},{"data":"Metallicize","floor":23.0,"key":"SMITH"},{"data":"True Grit","floor":30.0,"key":"SMITH"},{"data":"Shrug It Off","floor":32,"key":"SMITH"}],"neow_cost":"NONE","seed_source_timestamp":1574460097405049,"circlet_count":0,"master_deck":["AscendersBane","Strike_R","Strike_R","Strike_R","Defend_R","Defend_R","Defend_R","Defend_R","Bash","Armaments+1","Anger","Twin Strike","Clothesline","Sword Boomerang+1","Inflame+1","Disarm","Headbutt+1","Impervious","Flame Barrier+1","Metallicize+1","Pommel Strike+1","Demon Form+1","True Grit+1","Shrug It Off+1"],"special_seed":0,"relics":["Burning Blood","Ancient Tea Set","Molten Egg 2","Happy Flower","Cursed Key"],"potions_floor_usage":[33],"damage_taken":[{"damage":5.0,"enemies":"2 Louse","floor":1.0,"turns":3.0},{"damage":7.0,"enemies":"Jaw Worm","floor":3.0,"turns":4.0},{"damage":1.0,"enemies":"Cultist","floor":4.0,"turns":3.0},{"damage":20.0,"enemies":"Lagavulin","floor":7.0,"turns":4.0},{"damage":11.0,"enemies":"Looter","floor":8.0,"turns":3.0},{"damage":16.0,"enemies":"Lots of Slimes","floor":12.0,"turns":3.0},{"damage":12.0,"enemies":"2 Fungi Beasts","floor":13.0,"turns":3.0},{"damage":12.0,"enemies":"Large Slime","floor":14.0,"turns":3.0},{"damage":17.0,"enemies":"Hexaghost","floor":16.0,"turns":8.0},{"damage":17.0,"enemies":"2 Thieves","floor":18.0,"turns":3.0},{"damage":3.0,"enemies":"Shell Parasite","floor":21.0,"turns":5.0},{"damage":6.0,"enemies":"Centurion and Healer","floor":22.0,"turns":7.0},{"damage":3.0,"enemies":"Snake Plant","floor":25.0,"turns":3.0},{"damage":20.0,"enemies":"Cultist and Chosen","floor":28.0,"turns":7.0},{"damage":12.0,"enemies":"Centurion and Healer","floor":29.0,"turns":6.0},{"damage":0,"enemies":"3 Cultists","floor":31,"turns":5},{"damage":61,"enemies":"Automaton","floor":33,"turns":6}],"seed_played":"8522750142518990052","potions_obtained":[{"floor":4.0,"key":"SkillPotion"},{"floor":7.0,"key":"LiquidBronze"},{"floor":11.0,"key":"Fire Potion"},{"floor":14.0,"key":"Fruit Juice"},{"floor":16.0,"key":"BloodPotion"},{"floor":21.0,"key":"Energy Potion"},{"floor":22.0,"key":"PowerPotion"},{"floor":28.0,"key":"SteroidPotion"}],"is_trial":false,"path_per_floor":["M","?","M","M","?","R","E","M","T","R","?","M","M","M","R","B",null,"M","$","?","M","M","R","?","M","T","?","M","M","R","M","R","B"],"character_chosen":"IRONCLAD","items_purchased":["Metallicize","Pommel Strike+1"],"campfire_rested":1,"item_purchase_floors":[19,19],"current_hp_per_floor":[69,64,63,68,68,68,54,49,49,49,49,39,33,32,56,45,71,60,60,60,63,63,63,63,66,66,66,52,46,46,52,52,0],"gold":212,"neow_bonus":"THREE_CARDS","is_prod":false,"is_daily":false,"chose_seed":false,"campfire_upgraded":5,"win_rate":0,"timestamp":1546983953,"path_taken":["M","?","M","M","?","R","E","M","T","R","?","?","M","M","R","BOSS","M","$","?","?","M","R","?","M","T","?","M","M","R","?","R","BOSS"],"build_version":"2019-01-03v4","purchased_purges":1,"victory":false,"max_hp_per_floor":[75,75,75,75,75,75,75,75,75,75,75,75,75,80,80,80,80,80,80,80,80,80,80,80,80,80,80,80,80,80,80,80,80],"card_choices":[{"not_picked":["Second Wind","Flex"],"picked":"Armaments","floor":0.0},{"not_picked":["Flame Barrier","Warcry"],"picked":"Anger","floor":1.0},{"not_picked":["Entrench","Seeing Red"],"picked":"Twin Strike","floor":3.0},{"not_picked":["Ghostly Armor","Twin Strike"],"picked":"Clothesline","floor":4.0},{"not_picked":["Clothesline","Clash"],"picked":"Sword Boomerang","floor":7.0},{"not_picked":["Seeing Red","Evolve"],"picked":"Inflame","floor":8.0},{"not_picked":["Second Wind","Body Slam+1"],"picked":"Disarm","floor":12.0},{"not_picked":["Body Slam+1","Havoc","Heavy Blade+1"],"picked":"SKIP","floor":13.0},{"not_picked":["Blood for Blood+1","Fire Breathing"],"picked":"Headbutt+1","floor":14.0},{"not_picked":["Exhume","Berserk"],"picked":"Impervious","floor":16.0},{"not_picked":["Thunderclap+1","Second Wind"],"picked":"Flame Barrier+1","floor":18.0},{"not_picked":["Entrench","Heavy Blade+1","Flex"],"picked":"SKIP","floor":21.0},{"not_picked":["Clash+1","Armaments","Perfected Strike+1"],"picked":"SKIP","floor":22.0},{"not_picked":["Headbutt+1","Wild Strike+1","Juggernaut"],"picked":"SKIP","floor":25.0},{"not_picked":["Burning Pact","Sever Soul+1"],"picked":"True Grit","floor":28.0},{"not_picked":["Iron Wave+1","Flex"],"picked":"Shrug It Off","floor":29.0},{"not_picked":["Bloodletting+1","Body Slam+1","Clothesline+1"],"picked":"SKIP","floor":31}],"player_experience":1664550,"relics_obtained":[{"floor":7.0,"key":"Molten Egg 2"},{"floor":9.0,"key":"Happy Flower"}],"event_choices":[{"damage_healed":0.0,"max_hp_gain":0.0,"max_hp_loss":0.0,"gold_gain":0.0,"event_name":"Scrap Ooze","player_choice":"Success","floor":2.0,"gold_loss":0.0,"damage_taken":5.0,"relics_obtained":["Ancient Tea Set"]},{"damage_healed":0.0,"max_hp_gain":0.0,"max_hp_loss":0.0,"gold_gain":0.0,"event_name":"The Cleric","player_choice":"Leave","floor":5.0,"gold_loss":0.0,"damage_taken":0.0},{"damage_healed":0.0,"max_hp_gain":0.0,"max_hp_loss":0.0,"gold_gain":0.0,"event_name":"Lab","player_choice":"Got Potions","floor":11.0,"gold_loss":0.0,"damage_taken":0.0},{"cards_removed":["Strike_R"],"damage_healed":0.0,"max_hp_gain":0.0,"max_hp_loss":0.0,"gold_gain":0.0,"event_name":"Bonfire Elementals","player_choice":"Offered Basic","floor":20.0,"gold_loss":0.0,"damage_taken":0.0},{"damage_healed":0.0,"max_hp_gain":0.0,"max_hp_loss":0.0,"gold_gain":0.0,"event_name":"The Library","player_choice":"Read","floor":24.0,"gold_loss":0.0,"damage_taken":0.0,"cards_obtained":["Demon Form"]},{"damage_healed":0.0,"max_hp_gain":0.0,"max_hp_loss":0.0,"gold_gain":0.0,"event_name":"Accursed Blacksmith","player_choice":"Forge","floor":27.0,"gold_loss":0.0,"damage_taken":0.0,"cards_upgraded":["Demon Form"]}],"is_beta":false,"boss_relics":[{"not_picked":["Velvet Choker","Philosopher\u0027s Stone"],"picked":"Cursed Key"}],"items_purged_floors":[19],"is_endless":false,"potions_floor_spawned":[4,7,13,14,16,21,22,28],"killed_by":"Automaton","ascension_level":18}