{"gold_per_floor":[116,116,116,191,216,216,247,247,316,316,332,372,386,405,405,405],"floor_reached":16,"playtime":699,"items_purged":[],"score":160,"play_id":"f6849e72-908f-4abf-89ba-89b7e7b500a2","local_time":"20190108202656","is_ascension_mode":true,"campfire_choices":[{"data":"Zap","floor":6,"key":"SMITH"},{"data":"Dualcast","floor":8,"key":"SMITH"},{"floor":10,"key":"REST"},{"floor":15,"key":"REST"}],"neow_cost":"NONE","seed_source_timestamp":1605751970602414,"circlet_count":0,"master_deck":["Strike_B","Strike_B","Strike_B","Defend_B","Defend_B","Defend_B","Defend_B","Zap+1","Dualcast+1","Beam Cell","Glacier","Go for the Eyes","Genetic Algorithm","Coolheaded","Gash","Glacier","Coolheaded"],"relics":["Cracked Core","Golden Idol","Kunai","Letter Opener","Girya"],"potions_floor_usage":[12,13,13,14],"damage_taken":[{"damage":2,"enemies":"Jaw Worm","floor":1,"turns":3},{"damage":0,"enemies":"Small Slimes","floor":5,"turns":3},{"damage":13,"enemies":"3 Sentries","floor":7,"turns":10},{"damage":0,"enemies":"2 Louse","floor":11,"turns":2},{"damage":48,"enemies":"Gremlin Nob","floor":12,"turns":5},{"damage":0,"enemies":"Exordium Wildlife","floor":13,"turns":5},{"damage":0,"enemies":"2 Fungi Beasts","floor":14,"turns":6},{"damage":31,"enemies":"The Guardian","floor":16,"turns":11}],"seed_played":"-4429357744438012681","potions_obtained":[{"floor":1,"key":"EssenceOfSteel"},{"floor":7,"key":"Dexterity Potion"},{"floor":11,"key":"Energy Potion"},{"floor":12,"key":"Weak Potion"}],"is_trial":false,"path_per_floor":["M","?","?","?","M","R","E","R","T","R","M","E","M","M","R","B"],"character_chosen":"DEFECT","items_purchased":[],"campfire_rested":2,"item_purchase_floors":[],"current_hp_per_floor":[66,71,51,40,40,40,27,27,27,51,51,3,3,3,27,0],"gold":405,"neow_bonus":"TRANSFORM_CARD","is_prod":false,"is_daily":false,"chose_seed":false,"campfire_upgraded":2,"win_rate":0,"timestamp":1547000816,"path_taken":["M","?","?","?","M","R","E","R","T","R","M","E","M","M","R","BOSS"],"build_version":"2019-01-03v4","purchased_purges":0,"victory":false,"max_hp_per_floor":[75,80,80,80,80,80,80,80,80,80,80,80,80,80,80,80],"card_choices":[{"not_picked":["Capacitor","Steam Power"],"picked":"Glacier","floor":1},{"not_picked":["Redo","Chaos"],"picked":"Go for the Eyes","floor":5},{"not_picked":["Fusion","Conserve Battery"],"picked":"Genetic Algorithm","floor":7},{"not_picked":["Lockon","Ball Lightning"],"picked":"Coolheaded","floor":11},{"not_picked":["Reprogram","Double Energy"],"picked":"Gash","floor":12},{"not_picked":["Turbo","Beam Cell"],"picked":"Glacier","floor":13},{"not_picked":["Redo","Turbo"],"picked":"Coolheaded","floor":14}],"player_experience":415760,"relics_obtained":[{"floor":7,"key":"Kunai"},{"floor":9,"key":"Letter Opener"},{"floor":12,"key":"Girya"}],"event_choices":[{"damage_healed":0,"gold_gain":0,"player_choice":"Donut","damage_taken":0,"max_hp_gain":5,"max_hp_loss":0,"event_name":"Big Fish","floor":2,"gold_loss":0},{"damage_healed":0,"gold_gain":0,"player_choice":"Take Damage","damage_taken":20,"relics_obtained":["Golden Idol"],"max_hp_gain":0,"max_hp_loss":0,"event_name":"Golden Idol","floor":3,"gold_loss":0},{"damage_healed":0,"gold_gain":75,"player_choice":"Gather Gold","damage_taken":11,"max_hp_gain":0,"max_hp_loss":0,"event_name":"World of Goop","floor":4,"gold_loss":0}],"is_beta":false,"boss_relics":[],"items_purged_floors":[],"is_endless":false,"potions_floor_spawned":[1,7,11,12],"killed_by":"The Guardian","ascension_level":9}