{"gold_per_floor":[19,39,49,69,144,144,174,174,474,489,499,499,511,265,265,339,339,350,361,361,13,13,13,13],"floor_reached":24,"playtime":705,"items_purged":["Defend_B","Writhe"],"score":386,"play_id":"2799eb12-5681-4966-9c00-c0b18b19a40d","local_time":"20181114003048","is_ascension_mode":true,"campfire_choices":[{"data":"Beam Cell","floor":6.0,"key":"SMITH"},{"floor":8.0,"key":"REST"},{"data":"Loop","floor":15.0,"key":"SMITH"},{"floor":23.0,"key":"REST"}],"neow_cost":"NO_GOLD","seed_source_timestamp":0,"circlet_count":0,"master_deck":["AscendersBane","Defend_B","Zap","Dualcast","Go for the Eyes","Beam Cell+1","Go for the Eyes","Conserve Battery","Self Repair","Compile Driver","Conserve Battery","Consume","Darkness","Loop+1","Machine Learning","Hologram+1","Coolheaded","Echo Form","Flash of Steel"],"special_seed":0,"relics":["Cracked Core","FossilizedHelix","Old Coin","Empty Cage","Bird Faced Urn"],"potions_floor_usage":[],"damage_taken":[{"damage":9.0,"enemies":"Jaw Worm","floor":1.0,"turns":4.0},{"damage":0.0,"enemies":"Small Slimes","floor":2.0,"turns":4.0},{"damage":8.0,"enemies":"2 Louse","floor":3.0,"turns":2.0},{"damage":4.0,"enemies":"Looter","floor":4.0,"turns":3.0},{"damage":26.0,"enemies":"Gremlin Nob","floor":7.0,"turns":4.0},{"damage":0.0,"enemies":"2 Fungi Beasts","floor":10.0,"turns":3.0},{"damage":4.0,"enemies":"3 Louse","floor":11.0,"turns":4.0},{"damage":1.0,"enemies":"Looter","floor":13.0,"turns":3.0},{"damage":17.0,"enemies":"Hexaghost","floor":16.0,"turns":8.0},{"damage":32.0,"enemies":"3 Byrds","floor":18.0,"turns":4.0},{"damage":19.0,"enemies":"Spheric Guardian","floor":19.0,"turns":5.0},{"damage":0,"enemies":"Shelled Parasite and Fungi","floor":24,"turns":1}],"seed_played":"-849485353428429707","potions_obtained":[{"floor":7.0,"key":"SneckoOil"},{"floor":10.0,"key":"SpeedPotion"},{"floor":11.0,"key":"PowerPotion"},{"floor":13.0,"key":"LiquidBronze"}],"is_trial":false,"path_per_floor":["M","M","M","M","?","R","E","R","T","M","M","?","M","$","R","B",null,"M","M","?","$","?","R","M"],"character_chosen":"DEFECT","items_purchased":["Darkness","Loop","Echo Form","Flash of Steel"],"campfire_rested":2,"item_purchase_floors":[14,14,21,21],"current_hp_per_floor":[55,55,47,43,32,32,6,27,27,34,30,23,29,29,29,19,58,33,21,21,21,21,42,42],"gold":13,"neow_bonus":"REMOVE_TWO","is_prod":false,"is_daily":false,"chose_seed":false,"campfire_upgraded":2,"win_rate":0,"timestamp":1542184248,"path_taken":["M","M","M","M","?","R","E","R","T","M","M","?","M","$","R","BOSS","M","M","?","$","?","R","M"],"build_version":"2018-11-13","purchased_purges":2,"victory":false,"max_hp_per_floor":[71,71,71,71,71,71,71,71,71,71,71,71,71,71,71,71,71,71,71,71,71,71,71,71],"card_choices":[{"not_picked":["Beam Cell","Ball Lightning"],"picked":"Go for the Eyes","floor":1.0},{"not_picked":["Rip and Tear","Go for the Eyes"],"picked":"Beam Cell","floor":2.0},{"not_picked":["Gash","Rip and Tear"],"picked":"Go for the Eyes","floor":3.0},{"not_picked":["Melter","Turbo"],"picked":"Conserve Battery","floor":4.0},{"not_picked":["Leap","Steam"],"picked":"Self Repair","floor":7.0},{"not_picked":["Lockon","Gash"],"picked":"Compile Driver","floor":10.0},{"not_picked":["Reinforced Body","Hologram"],"picked":"Conserve Battery","floor":11.0},{"not_picked":["Rebound","Double Energy"],"picked":"Consume","floor":13.0},{"not_picked":["Electrodynamics","Reboot"],"picked":"Machine Learning","floor":16.0},{"not_picked":["Turbo","Darkness"],"picked":"Hologram+1","floor":18.0},{"not_picked":["Streamline","Cold Snap"],"picked":"Coolheaded","floor":19.0}],"player_experience":936154,"relics_obtained":[{"floor":7.0,"key":"FossilizedHelix"},{"floor":9.0,"key":"Old Coin"}],"event_choices":[{"damage_healed":0.0,"max_hp_gain":0.0,"max_hp_loss":0.0,"gold_gain":75.0,"event_name":"World of Goop","player_choice":"Gather Gold","floor":5.0,"gold_loss":0.0,"damage_taken":11.0},{"cards_removed":["Strike_B"],"damage_healed":0.0,"max_hp_gain":0.0,"max_hp_loss":0.0,"gold_gain":0.0,"event_name":"Golden Wing","player_choice":"Card Removal","floor":12.0,"gold_loss":0.0,"damage_taken":7.0},{"damage_healed":0.0,"max_hp_gain":0.0,"max_hp_loss":0.0,"gold_gain":0.0,"event_name":"The Mausoleum","player_choice":"Opened","floor":20.0,"gold_loss":0.0,"damage_taken":0.0,"relics_obtained":["Bird Faced Urn"],"cards_obtained":["Writhe"]},{"cards_removed":["Strike_B"],"damage_healed":0.0,"max_hp_gain":0.0,"max_hp_loss":0.0,"gold_gain":0.0,"event_name":"Back to Basics","player_choice":"Elegance","floor":22.0,"gold_loss":0.0,"damage_taken":0.0}],"is_beta":true,"boss_relics":[{"not_picked":["Velvet Choker","Coffee Dripper"],"picked":"Empty Cage"}],"items_purged_floors":[14,21],"is_endless":false,"potions_floor_spawned":[7,10,11,13],"killed_by":"Shelled Parasite and Fungi","ascension_level":19}