{"gold_per_floor":[109,184,184,67,84,84,111,111,111,111,127,127,127,141,141,243,243,261,273,273,273,284,284,299,299,299,75,75,91,109,208,208,305,305,325,341,341,341,261,288,300,324,336,69,69,99,79,91,91,91],"floor_reached":51,"playtime":1978,"items_purged":["Shame","Strike_R","Decay"],"score":830,"play_id":"9c177726-4180-499f-85f2-c4feb10d25ea","local_time":"20190128004318","is_ascension_mode":true,"campfire_choices":[{"data":"Entrench","floor":6,"key":"SMITH"},{"floor":8,"key":"REST"},{"data":"Juggernaut","floor":10,"key":"SMITH"},{"data":"Body Slam","floor":12,"key":"SMITH"},{"data":"Second Wind","floor":15,"key":"SMITH"},{"floor":23,"key":"REST"},{"data":"Juggernaut","floor":25,"key":"SMITH"},{"floor":28,"key":"REST"},{"floor":32,"key":"REST"},{"data":"Shockwave","floor":41,"key":"SMITH"},{"data":"Power Through","floor":45,"key":"SMITH"},{"floor":49,"key":"REST"}],"neow_cost":"NONE","seed_source_timestamp":1489310917112005,"circlet_count":0,"master_deck":["Strike_R","Strike_R","Strike_R","Strike_R","Defend_R+1","Defend_R","Defend_R","Defend_R","Bash+1","Anger","Shrug It Off","Inflame","Entrench+1","Second Wind+1","Juggernaut+1","Body Slam+1","Juggernaut+1","Warcry+1","Whirlwind+1","Metallicize","Offering","Power Through+1","Injury","Parasite","True Grit+1","Finesse","Shockwave+1","Battle Trance"],"relics":["Burning Blood","Mummified Hand","Cursed Key","Thread and Needle","Calling Bell","Centennial Puzzle","The Courier","Ginger","MawBank","Ancient Tea Set","Bottled Lightning"],"potions_floor_usage":[16,22,24,35,36,50,50,50],"damage_taken":[{"damage":7,"enemies":"Jaw Worm","floor":1,"turns":4},{"damage":16,"enemies":"2 Louse","floor":5,"turns":3},{"damage":35,"enemies":"Lagavulin","floor":7,"turns":7},{"damage":4,"enemies":"Small Slimes","floor":11,"turns":3},{"damage":0,"enemies":"Exordium Wildlife","floor":14,"turns":3},{"damage":43,"enemies":"The Guardian","floor":16,"turns":11},{"damage":0,"enemies":"3 Byrds","floor":18,"turns":4},{"damage":0,"enemies":"Spheric Guardian","floor":19,"turns":3},{"damage":22,"enemies":"Colosseum Slavers","floor":21,"turns":4},{"damage":61,"enemies":"Shelled Parasite and Fungi","floor":22,"turns":5},{"damage":13,"enemies":"Centurion and Healer","floor":24,"turns":6},{"damage":8,"enemies":"Sentry and Sphere","floor":29,"turns":4},{"damage":35,"enemies":"Snake Plant","floor":30,"turns":4},{"damage":13,"enemies":"Champ","floor":33,"turns":8},{"damage":15,"enemies":"3 Darklings","floor":35,"turns":2},{"damage":11,"enemies":"3 Shapes","floor":36,"turns":4},{"damage":31,"enemies":"Giant Head","floor":40,"turns":6},{"damage":2,"enemies":"Jaw Worm Horde","floor":42,"turns":3},{"damage":23,"enemies":"Reptomancer","floor":46,"turns":3},{"damage":6,"enemies":"Sphere and 2 Shapes","floor":48,"turns":3},{"damage":39,"enemies":"Donu and Deca","floor":50,"turns":7}],"seed_played":"-7711097537307444593","potions_obtained":[{"floor":7,"key":"Fire Potion"},{"floor":14,"key":"Energy Potion"},{"floor":16,"key":"Strength Potion"},{"floor":19,"key":"BloodPotion"},{"floor":22,"key":"Block Potion"},{"floor":35,"key":"Fire Potion"},{"floor":36,"key":"SpeedPotion"},{"floor":47,"key":"Strength Potion"}],"is_trial":false,"path_per_floor":["M","?","?","$","M","R","E","R","T","R","M","R","?","M","R","B",null,"M","M","?","?","M","R","M","R","T","$","R","M","M","?","R","B",null,"M","M","?","?","$","E","R","M","T","$","R","E","?","M","R","B",null],"character_chosen":"IRONCLAD","items_purchased":["Inflame","Entrench","Offering","Ancient Tea Set","EssenceOfSteel"],"campfire_rested":5,"item_purchase_floors":[4,4,27,44,44],"current_hp_per_floor":[79,68,52,52,42,42,13,37,37,37,39,39,39,45,45,8,80,80,80,80,64,17,41,34,34,34,34,58,56,27,27,51,44,80,71,66,66,66,66,41,41,45,45,45,45,28,28,28,52,19],"gold":91,"neow_bonus":"THREE_CARDS","is_prod":false,"is_daily":false,"chose_seed":false,"campfire_upgraded":7,"win_rate":0,"timestamp":1548603798,"path_taken":["M","?","?","$","M","R","E","R","T","R","M","R","?","M","R","BOSS","M","M","?","?","M","R","M","R","T","$","R","M","M","?","R","BOSS","M","M","?","?","$","E","R","?","T","$","R","E","?","M","R","BOSS"],"build_version":"2019-01-23","purchased_purges":3,"victory":true,"max_hp_per_floor":[80,80,80,80,80,80,80,80,80,80,80,80,80,80,80,80,80,80,80,80,80,80,80,80,80,80,80,80,80,80,80,80,80,80,80,80,80,80,80,80,80,80,80,80,80,80,80,80,80,80],"card_choices":[{"not_picked":["Twin Strike","Clothesline"],"picked":"Anger","floor":0},{"not_picked":["Pommel Strike","Twin Strike"],"picked":"Shrug It Off","floor":1},{"not_picked":["Ghostly Armor","Corruption"],"picked":"Second Wind","floor":5},{"not_picked":["Metallicize","Wild Strike"],"picked":"Juggernaut","floor":7},{"not_picked":["Clash","Warcry"],"picked":"Body Slam","floor":11},{"not_picked":["Warcry","Infernal Blade","Headbutt"],"picked":"SKIP","floor":14},{"not_picked":["Immolate","Berserk"],"picked":"Juggernaut","floor":16},{"not_picked":["Dropkick","Pommel Strike"],"picked":"Warcry+1","floor":18},{"not_picked":["Iron Wave","Body Slam","Pommel Strike"],"picked":"SKIP","floor":19},{"not_picked":["Entrench","Wild Strike"],"picked":"Whirlwind+1","floor":22},{"not_picked":["Intimidate","Rampage"],"picked":"Metallicize","floor":24},{"not_picked":["Iron Wave","Warcry","Double Tap"],"picked":"SKIP","floor":29},{"not_picked":["Dual Wield","Twin Strike"],"picked":"Power Through","floor":30},{"not_picked":["Thunderclap","Searing Blow"],"picked":"True Grit+1","floor":35},{"not_picked":["Headbutt+1","Twin Strike+1","Body Slam"],"picked":"SKIP","floor":36},{"not_picked":["Sword Boomerang+1","Intimidate","Clash+1"],"picked":"SKIP","floor":40},{"not_picked":["Anger+1","Twin Strike","Flex+1"],"picked":"SKIP","floor":42},{"not_picked":["Warcry","Cleave+1"],"picked":"Battle Trance","floor":46},{"not_picked":["Body Slam","True Grit","Heavy Blade+1"],"picked":"SKIP","floor":48}],"player_experience":713467,"relics_obtained":[{"floor":7,"key":"Mummified Hand"},{"floor":26,"key":"Thread and Needle"},{"floor":34,"key":"Centennial Puzzle"},{"floor":34,"key":"The Courier"},{"floor":34,"key":"Ginger"},{"floor":40,"key":"MawBank"},{"floor":46,"key":"Bottled Lightning"}],"event_choices":[{"damage_healed":0,"gold_gain":75,"player_choice":"Gather Gold","damage_taken":11,"max_hp_gain":0,"max_hp_loss":0,"event_name":"World of Goop","floor":2,"gold_loss":0},{"damage_healed":0,"gold_gain":0,"player_choice":"Entered Light","damage_taken":16,"max_hp_gain":0,"max_hp_loss":0,"event_name":"Shining Light","floor":3,"gold_loss":0,"cards_upgraded":["Defend_R","Bash"]},{"damage_healed":0,"gold_gain":0,"player_choice":"Ignored","damage_taken":0,"max_hp_gain":0,"max_hp_loss":0,"event_name":"Golden Idol","floor":13,"gold_loss":0},{"damage_healed":0,"gold_gain":0,"player_choice":"Ignored","damage_taken":0,"max_hp_gain":0,"max_hp_loss":0,"event_name":"Vampires","floor":20,"gold_loss":0},{"damage_healed":0,"gold_gain":0,"player_choice":"Fight","damage_taken":0,"max_hp_gain":0,"max_hp_loss":0,"event_name":"Colosseum","floor":21,"gold_loss":0},{"damage_healed":0,"gold_gain":0,"player_choice":"Fled From Nobs","damage_taken":0,"max_hp_gain":0,"max_hp_loss":0,"event_name":"Colosseum","floor":21,"gold_loss":0},{"damage_healed":0,"gold_gain":99,"player_choice":"Stole From Cult","damage_taken":0,"max_hp_gain":0,"max_hp_loss":0,"event_name":"Nest","floor":31,"gold_loss":0},{"damage_healed":0,"gold_gain":0,"player_choice":"Ignored","damage_taken":0,"max_hp_gain":0,"max_hp_loss":0,"event_name":"Mysterious Sphere","floor":37,"gold_loss":0},{"damage_healed":0,"gold_gain":0,"player_choice":"2 cards matched","damage_taken":0,"max_hp_gain":0,"max_hp_loss":0,"event_name":"Match and Keep!","floor":38,"gold_loss":0,"cards_obtained":["Finesse","Shockwave"]},{"damage_healed":0,"gold_gain":0,"player_choice":"Bought 1 Potion","damage_taken":0,"max_hp_gain":0,"max_hp_loss":0,"event_name":"The Woman in Blue","floor":47,"gold_loss":0}],"is_beta":false,"boss_relics":[{"not_picked":["Busted Crown","Empty Cage"],"picked":"Cursed Key"},{"not_picked":["Pandora\u0027s Box","Black Blood"],"picked":"Calling Bell"}],"items_purged_floors":[27,39,44],"is_endless":false,"potions_floor_spawned":[7,14,16,19,22,35,36],"ascension_level":3}