{"path_per_floor":["M","$","M","M","M","R","M","M","T","?","?","M","?","E","R","B",null,"M","M","M","M","$","R","?","M","T","R","M","M","M"],"character_chosen":"DEFECT","items_purchased":["Meteor Strike","Orichalcum"],"gold_per_floor":[113,33,47,59,76,76,89,99,168,198,198,212,212,246,246,371,371,396,416,439,453,233,233,233,247,299,299,322,337,362,362],"floor_reached":31,"campfire_rested":1,"playtime":1450,"item_purchase_floors":[],"current_hp_per_floor":[67,67,65,63,28,28,28,24,24,38,67,67,67,58,58,26,82,75,59,55,48,48,48,48,14,14,38,23,21,8,0],"items_purged":["Auto Shields"],"gold":362,"score":270,"play_id":"b99c98dd-f93c-4572-b667-86f29bc021ce","local_time":"20180615133347","is_prod":false,"is_daily":false,"chose_seed":false,"is_ascension_mode":true,"campfire_upgraded":3,"win_rate":0,"timestamp":1529094827,"campfire_choices":[{"data":"Sunder","floor":6.0,"key":"SMITH"},{"data":"Beam Cell","floor":15.0,"key":"SMITH"},{"data":"Echo Form","floor":23,"key":"SMITH"},{"floor":27,"key":"REST"}],"path_taken":["M","$","M","M","M","R","M","M","T","?","?","M","?","E","R","BOSS","M","M","M","M","?","R","?","M","T","R","M","M","M","?"],"build_version":"2018-06-14v2","seed_source_timestamp":156456032360025,"purchased_purges":1,"victory":false,"master_deck":["Strike_B","Strike_B","Strike_B","Strike_B","Defend_B","Defend_B","Defend_B","Defend_B","Zap","Dualcast","Biased Cognition","Beam Cell+1","Meteor Strike","Glacier","Blizzard","Sunder+1","Ball Lightning","Cold Snap","Loop","Echo Form+1","Cold Snap","Conserve Battery","BootSequence","Chill","Streamline","Turbo+1","Conserve Battery"],"max_hp_per_floor":[75,75,75,75,75,75,75,75,75,89,89,89,82,82,82,82,82,82,82,82,82,82,82,82,82,82,82,82,82,82,82],"special_seed":0,"relics":["Cracked Core","Dodecahedron","Mango","Golden Idol","Emotion Chip","Nuclear Battery","Orichalcum","Bronze Scales"],"card_choices":[{"not_picked":["Turbo","Steam Power"],"picked":"Beam Cell","floor":1.0},{"not_picked":["Cold Snap","Hologram"],"picked":"Glacier","floor":3.0},{"not_picked":["Gash","Coolheaded"],"picked":"Blizzard","floor":4.0},{"not_picked":["Steam","Stack"],"picked":"Sunder","floor":5.0},{"not_picked":["Undo","Heatsinks"],"picked":"Ball Lightning","floor":7.0},{"not_picked":["Redo","Consume"],"picked":"Auto Shields","floor":8.0},{"not_picked":["Consume","Redo"],"picked":"Cold Snap","floor":12.0},{"not_picked":["Hologram","Aggregate"],"picked":"Loop","floor":14.0},{"not_picked":["All For One","Buffer"],"picked":"Echo Form","floor":16.0},{"not_picked":["Conserve Battery","Gash+1"],"picked":"Cold Snap","floor":18.0},{"not_picked":["Chaos","Consume"],"picked":"Conserve Battery","floor":19.0},{"not_picked":["Doom and Gloom+1","Thunder Strike","Fusion+1"],"picked":"SKIP","floor":20.0},{"not_picked":["Doom and Gloom+1","Thunder Strike","Fusion+1"],"picked":"SKIP","floor":20.0},{"not_picked":["Ball Lightning","Rebound"],"picked":"BootSequence","floor":21},{"not_picked":["Ball Lightning","Rebound"],"picked":"Chill","floor":25},{"not_picked":["Auto Shields+1","Beam Cell"],"picked":"Streamline","floor":28},{"not_picked":["Tempest","Compile Driver+1"],"picked":"Turbo+1","floor":29},{"not_picked":["Rebound","Rip and Tear+1"],"picked":"Conserve Battery","floor":30}],"player_experience":869706,"potions_floor_usage":[],"damage_taken":[{"damage":8.0,"enemies":"Small Slimes","floor":1.0,"turns":2.0},{"damage":2.0,"enemies":"Jaw Worm","floor":3.0,"turns":3.0},{"damage":2.0,"enemies":"Cultist","floor":4.0,"turns":4.0},{"damage":35.0,"enemies":"Gremlin Gang","floor":5.0,"turns":5.0},{"damage":0.0,"enemies":"Large Slime","floor":7.0,"turns":5.0},{"damage":4.0,"enemies":"2 Fungi Beasts","floor":8.0,"turns":2.0},{"damage":0.0,"enemies":"Blue Slaver","floor":12.0,"turns":3.0},{"damage":9.0,"enemies":"3 Sentries","floor":14.0,"turns":4.0},{"damage":32.0,"enemies":"Hexaghost","floor":16.0,"turns":9.0},{"damage":7.0,"enemies":"Shell Parasite","floor":18.0,"turns":2.0},{"damage":16.0,"enemies":"2 Thieves","floor":19.0,"turns":4.0},{"damage":4.0,"enemies":"Snecko","floor":20.0,"turns":4.0},{"damage":7,"enemies":"3 Cultists","floor":21,"turns":6},{"damage":34,"enemies":"Snake Plant","floor":25,"turns":6},{"damage":15,"enemies":"Centurion and Healer","floor":28,"turns":10},{"damage":2,"enemies":"Snecko","floor":29,"turns":4},{"damage":13,"enemies":"Snake Plant","floor":30,"turns":4},{"damage":35,"enemies":"Cultist and Chosen","floor":31,"turns":7}],"relics_obtained":[{"floor":9.0,"key":"Dodecahedron"},{"floor":14.0,"key":"Emotion Chip"},{"floor":26,"key":"Bronze Scales"}],"event_choices":[{"event_name":"Dead Adventurer","player_choice":"Searched \u00272\u0027 times","floor":10.0,"damage_taken":0.0},{"event_name":"Big Fish","player_choice":"Banana","floor":11.0,"damage_taken":0.0},{"event_name":"Golden Idol","player_choice":"Lose Max HP","floor":13.0,"damage_taken":0.0},{"event_name":"Ghosts","player_choice":"Ignored","floor":24,"damage_taken":0}],"boss_relics":[{"not_picked":["Runic Dome","Calling Bell"],"picked":"Nuclear Battery"}],"items_purged_floors":[22],"is_endless":false,"potions_floor_spawned":[3,5,7,14,16,20,21,29,30],"seed_played":"2163459751640134759","killed_by":"Cultist and Chosen","ascension_level":2,"potions_obtained":[{"floor":3.0,"key":"Energy Potion"},{"floor":5.0,"key":"Energy Potion"},{"floor":7.0,"key":"FearPotion"},{"floor":16.0,"key":"Energy Potion"},{"floor":20.0,"key":"Poison Potion"}],"is_trial":false}