{"gold_per_floor":[15,15,34,54,54,54,83,83,157,185,146,166,166,91,91,195,195,213,7,7,23,23,23,23,23,47,59,106,136,148],"floor_reached":30,"playtime":1138,"items_purged":["Parasite"],"score":342,"play_id":"e95085f0-5f06-4d60-82ad-2432e2d19a0a","local_time":"20181216190301","is_ascension_mode":true,"campfire_choices":[{"data":"Ghostly Armor","floor":6,"key":"SMITH"},{"data":"Body Slam","floor":13,"key":"SMITH"},{"floor":15,"key":"REST"},{"data":"Armaments","floor":23,"key":"SMITH"},{"data":"Flame Barrier","floor":25,"key":"SMITH"}],"neow_cost":"NO_GOLD","seed_source_timestamp":2575774674069321,"circlet_count":0,"master_deck":["Strike_R","Strike_R","Strike_R","Strike_R","Strike_R","Defend_R","Defend_R","Defend_R","Defend_R+1","Bash","Juggernaut+1","Body Slam+1","Ghostly Armor+1","Headbutt","Headbutt","Body Slam+1","Demon Form","Flame Barrier+1","Body Slam+1","Armaments+1","Shrug It Off","Flex+1"],"relics":["Burning Blood","Happy Flower","Kunai","Paper Frog","Eternal Feather","DollysMirror","Dead Branch","Nilry\u0027s Codex","MawBank","Spirit Poop","Centennial Puzzle"],"potions_floor_usage":[12,16,18,28,30],"damage_taken":[{"damage":1,"enemies":"Cultist","floor":1,"turns":4},{"damage":10,"enemies":"2 Louse","floor":3,"turns":2},{"damage":5,"enemies":"Small Slimes","floor":4,"turns":4},{"damage":48,"enemies":"Gremlin Nob","floor":7,"turns":5},{"damage":23,"enemies":"3 Sentries","floor":10,"turns":8},{"damage":0,"enemies":"2 Fungi Beasts","floor":12,"turns":3},{"damage":14,"enemies":"The Guardian","floor":16,"turns":8},{"damage":30,"enemies":"Spheric Guardian","floor":18,"turns":5},{"damage":23,"enemies":"Shell Parasite","floor":21,"turns":6},{"damage":36,"enemies":"Book of Stabbing","floor":28,"turns":5},{"damage":9,"enemies":"Centurion and Healer","floor":29,"turns":5},{"damage":24,"enemies":"Slavers","floor":30,"turns":2}],"seed_played":"404731949773129883","potions_obtained":[{"floor":4,"key":"Ancient Potion"},{"floor":7,"key":"Regen Potion"},{"floor":10,"key":"Block Potion"},{"floor":12,"key":"Weak Potion"},{"floor":16,"key":"Regen Potion"},{"floor":21,"key":"SteroidPotion"}],"is_trial":false,"path_per_floor":["M","?","M","M","?","R","E","?","T","E","?","M","R","$","R","B",null,"M","$","?","M","?","R","?","R","T","?","E","M","E"],"character_chosen":"IRONCLAD","items_purchased":["DollysMirror"],"campfire_rested":1,"item_purchase_floors":[19],"current_hp_per_floor":[77,61,57,58,58,58,16,36,36,19,19,34,34,34,57,49,70,58,58,58,41,25,37,37,49,49,49,19,16,0],"gold":148,"neow_bonus":"THREE_RARE_CARDS","is_prod":false,"is_daily":false,"chose_seed":false,"campfire_upgraded":4,"win_rate":0,"timestamp":1545008581,"path_taken":["M","?","M","M","?","R","E","?","T","E","?","?","R","$","R","BOSS","M","$","?","M","?","R","?","R","T","?","E","M","E"],"build_version":"2018-12-13","purchased_purges":1,"victory":false,"max_hp_per_floor":[80,80,80,80,80,80,80,80,80,80,80,80,80,77,77,77,77,77,77,77,77,77,77,77,77,77,77,77,77,77],"card_choices":[{"not_picked":["Limit Break","Bludgeon"],"picked":"Juggernaut","floor":0},{"not_picked":["Havoc","Searing Blow"],"picked":"Body Slam","floor":1},{"not_picked":["Iron Wave","Thunderclap"],"picked":"Ghostly Armor","floor":3},{"not_picked":["Dropkick","Twin Strike"],"picked":"Headbutt","floor":4},{"not_picked":["Carnage","Shockwave"],"picked":"Headbutt","floor":7},{"not_picked":["Feed","Anger"],"picked":"Body Slam","floor":10},{"not_picked":["Wild Strike","Rage","Twin Strike"],"picked":"SKIP","floor":12},{"not_picked":["Exhume","Dark Embrace"],"picked":"Demon Form","floor":16},{"not_picked":["Reckless Charge","Flex"],"picked":"Flame Barrier","floor":18},{"not_picked":["Perfected Strike+1","Shockwave"],"picked":"Armaments","floor":21},{"not_picked":["Twin Strike","Heavy Blade+1"],"picked":"Flex+1","floor":28},{"not_picked":["Sword Boomerang+1","Cleave+1","Reckless Charge"],"picked":"SKIP","floor":29}],"player_experience":308757,"relics_obtained":[{"floor":7,"key":"Happy Flower"},{"floor":9,"key":"Kunai"},{"floor":10,"key":"Paper Frog"},{"floor":22,"key":"Nilry\u0027s Codex"},{"floor":26,"key":"MawBank"},{"floor":28,"key":"Centennial Puzzle"}],"event_choices":[{"damage_healed":0,"gold_gain":0,"player_choice":"Entered Light","damage_taken":16,"max_hp_gain":0,"max_hp_loss":0,"event_name":"Shining Light","floor":2,"gold_loss":0,"cards_upgraded":["Defend_R","Body Slam"]},{"damage_healed":0,"gold_gain":0,"player_choice":"Grow","damage_taken":0,"max_hp_gain":0,"max_hp_loss":0,"event_name":"Living Wall","floor":5,"gold_loss":0,"cards_upgraded":["Juggernaut"]},{"damage_healed":20,"gold_gain":0,"player_choice":"Healed and dodged fight","damage_taken":0,"max_hp_gain":0,"max_hp_loss":0,"event_name":"Mushrooms","floor":8,"gold_loss":0,"cards_obtained":["Parasite"]},{"damage_healed":0,"gold_gain":0,"player_choice":"Left Gold","damage_taken":0,"max_hp_gain":0,"max_hp_loss":0,"event_name":"World of Goop","floor":11,"gold_loss":39},{"damage_healed":0,"gold_gain":0,"player_choice":"Stole Relic","damage_taken":0,"relics_obtained":["Dead Branch"],"max_hp_gain":0,"max_hp_loss":0,"event_name":"Addict","floor":20,"gold_loss":0,"cards_obtained":["Shame"]},{"damage_healed":0,"gold_gain":0,"player_choice":"Obtained Book","damage_taken":16,"max_hp_gain":0,"max_hp_loss":0,"event_name":"Cursed Tome","floor":22,"gold_loss":0},{"damage_healed":0,"gold_gain":0,"player_choice":"Read","damage_taken":0,"max_hp_gain":0,"max_hp_loss":0,"event_name":"The Library","floor":24,"gold_loss":0,"cards_obtained":["Shrug It Off"]},{"cards_removed":["Shame"],"damage_healed":0,"gold_gain":0,"player_choice":"Offered Curse","damage_taken":0,"relics_obtained":["Spirit Poop"],"max_hp_gain":0,"max_hp_loss":0,"event_name":"Bonfire Elementals","floor":27,"gold_loss":0}],"is_beta":false,"boss_relics":[{"not_picked":["Mark of Pain","Runic Pyramid"],"picked":"Eternal Feather"}],"items_purged_floors":[14],"is_endless":false,"potions_floor_spawned":[4,7,10,12,16,21],"killed_by":"Slavers","ascension_level":7}