{"gold_per_floor":[112,349,365,377,388,388,303,303,303,182,213,225,225,256,256,333,333,312,344,186,203,218,218,246,246,246,196,214,228,255,269,269,347,397,414,19,241,241,241,241,270,27,109,126,155,173,184,210,210,210],"floor_reached":51,"playtime":4832,"items_purged":["Strike_R","Strike_R","Strike_R","Strike_R"],"score":1527,"play_id":"c98177a5-5e22-43b9-9e63-9d6591c9469e","local_time":"20181121153806","is_ascension_mode":true,"campfire_choices":[{"data":"Armaments","floor":6.0,"key":"SMITH"},{"data":"Bash","floor":8.0,"key":"SMITH"},{"data":"Metallicize","floor":13.0,"key":"SMITH"},{"data":"Metallicize","floor":15.0,"key":"SMITH"},{"data":"Carnage","floor":23.0,"key":"SMITH"},{"data":"Warcry","floor":32.0,"key":"SMITH"},{"data":"Feel No Pain","floor":40.0,"key":"SMITH"},{"data":"Feel No Pain","floor":49,"key":"SMITH"}],"neow_cost":"NONE","seed_source_timestamp":0,"circlet_count":0,"master_deck":["AscendersBane","Defend_R","Defend_R","Defend_R","Defend_R","Bash+1","True Grit","Armaments+1","Reckless Charge","Metallicize+1","Feel No Pain","Carnage+1","Warcry+1","Spot Weakness","Metallicize+1","Exhume","Corruption","Warcry+1","Feel No Pain","Clothesline","Ghostly Armor+1","Feel No Pain+1","Metallicize+1","Flame Barrier","Feed","Exhume","Pummel","Body Slam","Feel No Pain+1","Shockwave","Pommel Strike","Exhume+1","Havoc+1","Shockwave+1"],"special_seed":0,"relics":["Burning Blood","Anchor","Old Coin","Shuriken","PreservedInsect","Oddly Smooth Stone","Velvet Choker","Red Mask","Smiling Mask","Bird Faced Urn","Vajra","Tiny House","Paper Frog","Torii","Lantern","Toxic Egg 2","Ancient Tea Set","Pocketwatch"],"potions_floor_usage":[47,47,50,50],"damage_taken":[{"damage":2.0,"enemies":"Jaw Worm","floor":1.0,"turns":4.0},{"damage":1.0,"enemies":"Cultist","floor":3.0,"turns":3.0},{"damage":3.0,"enemies":"Small Slimes","floor":4.0,"turns":5.0},{"damage":8.0,"enemies":"Red Slaver","floor":5.0,"turns":4.0},{"damage":11.0,"enemies":"3 Sentries","floor":11.0,"turns":8.0},{"damage":0.0,"enemies":"Blue Slaver","floor":12.0,"turns":2.0},{"damage":24.0,"enemies":"Gremlin Nob","floor":14.0,"turns":4.0},{"damage":27.0,"enemies":"Hexaghost","floor":16.0,"turns":12.0},{"damage":6.0,"enemies":"2 Thieves","floor":18.0,"turns":4.0},{"damage":37.0,"enemies":"Masked Bandits","floor":19.0,"turns":8.0},{"damage":0.0,"enemies":"Spheric Guardian","floor":21.0,"turns":6.0},{"damage":15.0,"enemies":"Snake Plant","floor":22.0,"turns":4.0},{"damage":16.0,"enemies":"Book of Stabbing","floor":24.0,"turns":6.0},{"damage":0.0,"enemies":"Centurion and Healer","floor":28.0,"turns":8.0},{"damage":10.0,"enemies":"Snecko","floor":29.0,"turns":6.0},{"damage":16.0,"enemies":"Gremlin Leader","floor":30.0,"turns":9.0},{"damage":10.0,"enemies":"Shelled Parasite and Fungi","floor":31.0,"turns":11.0},{"damage":13.0,"enemies":"Automaton","floor":33.0,"turns":13.0},{"damage":20.0,"enemies":"Orb Walker","floor":35.0,"turns":4.0},{"damage":18.0,"enemies":"Giant Head","floor":41.0,"turns":10.0},{"damage":0.0,"enemies":"3 Shapes","floor":44.0,"turns":6.0},{"damage":1.0,"enemies":"Nemesis","floor":45.0,"turns":5.0},{"damage":23.0,"enemies":"Jaw Worm Horde","floor":46.0,"turns":7.0},{"damage":0,"enemies":"4 Shapes","floor":47,"turns":8},{"damage":0,"enemies":"Giant Head","floor":48,"turns":9},{"damage":37,"enemies":"Time Eater","floor":50,"turns":13}],"seed_played":"-2422265685573902265","potions_obtained":[{"floor":4.0,"key":"Energy Potion"},{"floor":5.0,"key":"PowerPotion"},{"floor":16.0,"key":"Strength Potion"},{"floor":24.0,"key":"Dexterity Potion"},{"floor":31.0,"key":"Poison Potion"},{"floor":33.0,"key":"Explosive Potion"},{"floor":34.0,"key":"Explosive Potion"},{"floor":47,"key":"EssenceOfSteel"},{"floor":48,"key":"Dexterity Potion"}],"is_trial":false,"path_per_floor":["M","?","M","M","M","R","$","R","T","$","E","M","R","E","R","B",null,"M","?","$","M","M","R","E","?","T","$","M","M","E","M","R","B",null,"M","$","?","?","?","R","E","$","T","M","E","M","M","E","R","B",null],"character_chosen":"IRONCLAD","items_purchased":["Metallicize","Feel No Pain","Carnage","Feel No Pain","Feel No Pain","Paper Frog","Pommel Strike","Lantern"],"campfire_rested":0,"item_purchase_floors":[7,10,10,20,36,36,42,42],"current_hp_per_floor":[72,72,75,75,73,73,73,73,73,73,68,74,74,56,56,35,65,65,34,34,40,31,31,21,75,75,75,75,75,73,78,78,78,83,75,75,75,75,75,75,69,69,69,85,88,87,100,100,100,81],"gold":210,"neow_bonus":"RANDOM_COMMON_RELIC","is_prod":false,"is_daily":false,"chose_seed":false,"campfire_upgraded":8,"win_rate":0,"timestamp":1542843486,"path_taken":["M","?","?","M","M","R","$","R","T","?","E","M","R","E","R","BOSS","M","?","$","M","M","R","E","?","T","$","M","?","E","M","R","BOSS","M","$","?","?","?","R","E","?","T","?","E","M","M","E","R","BOSS"],"build_version":"2018-11-15","purchased_purges":4,"victory":true,"max_hp_per_floor":[75,75,75,75,75,75,75,75,75,75,75,75,75,75,75,75,75,75,75,75,75,75,75,75,75,75,75,75,75,75,78,78,78,83,83,83,83,83,79,79,79,79,79,85,88,94,100,100,100,100],"card_choices":[{"not_picked":["Perfected Strike","Ghostly Armor"],"picked":"True Grit","floor":1.0},{"not_picked":["Sever Soul","Bloodletting"],"picked":"Armaments","floor":3.0},{"not_picked":["Cleave","Rampage"],"picked":"Reckless Charge","floor":4.0},{"not_picked":["Thunderclap","Flex","Wild Strike"],"picked":"SKIP","floor":5.0},{"not_picked":["Cleave","Pummel"],"picked":"Warcry","floor":11.0},{"not_picked":["Anger","Headbutt"],"picked":"Spot Weakness","floor":12.0},{"not_picked":["Clash","Brutality"],"picked":"Metallicize","floor":14.0},{"not_picked":["Berserk","Offering"],"picked":"Exhume","floor":16.0},{"not_picked":["Twin Strike+1","Perfected Strike"],"picked":"Corruption","floor":18.0},{"not_picked":["Perfected Strike","Headbutt"],"picked":"Warcry+1","floor":19.0},{"not_picked":["Rupture","Clash"],"picked":"Clothesline","floor":21.0},{"not_picked":["Carnage","Shrug It Off"],"picked":"Ghostly Armor+1","floor":22.0},{"not_picked":["Sever Soul","Power Through"],"picked":"Feel No Pain","floor":24.0},{"not_picked":["Pommel Strike+1","Heavy Blade"],"picked":"Metallicize","floor":28.0},{"not_picked":["Fire Breathing+1","Perfected Strike"],"picked":"Flame Barrier","floor":29.0},{"not_picked":["Carnage","Dropkick"],"picked":"Feed","floor":30.0},{"not_picked":["Perfected Strike","Clothesline+1","Spot Weakness+1"],"picked":"SKIP","floor":31.0},{"not_picked":["Double Tap","Offering"],"picked":"Exhume","floor":33.0},{"not_picked":["Heavy Blade","Thunderclap"],"picked":"Pummel","floor":34.0},{"not_picked":["Power Through","Clash+1"],"picked":"Body Slam","floor":35.0},{"not_picked":["Cleave","True Grit"],"picked":"Shockwave","floor":41.0},{"not_picked":["Thunderclap+1","Pommel Strike+1","Wild Strike"],"picked":"SKIP","floor":44.0},{"not_picked":["Body Slam","Infernal Blade+1"],"picked":"Exhume+1","floor":45.0},{"not_picked":["Hemokinesis+1","Wild Strike"],"picked":"Havoc+1","floor":46.0},{"not_picked":["Wild Strike+1","Havoc+1"],"picked":"Shockwave+1","floor":47},{"not_picked":["Headbutt","Hemokinesis+1","Armaments+1"],"picked":"SKIP","floor":48}],"player_experience":1355924,"relics_obtained":[{"floor":9.0,"key":"Shuriken"},{"floor":11.0,"key":"PreservedInsect"},{"floor":14.0,"key":"Oddly Smooth Stone"},{"floor":19.0,"key":"Red Mask"},{"floor":24.0,"key":"Smiling Mask"},{"floor":26.0,"key":"Bird Faced Urn"},{"floor":30.0,"key":"Vajra"},{"floor":41.0,"key":"Torii"},{"floor":43.0,"key":"Toxic Egg 2"},{"floor":45.0,"key":"Ancient Tea Set"},{"floor":48,"key":"Pocketwatch"}],"event_choices":[{"damage_healed":0.0,"max_hp_gain":0.0,"max_hp_loss":0.0,"gold_gain":0.0,"event_name":"WeMeetAgain","player_choice":"Paid Gold","floor":2.0,"gold_loss":63.0,"damage_taken":0.0,"relics_obtained":["Old Coin"]},{"damage_healed":0.0,"max_hp_gain":0.0,"max_hp_loss":0.0,"gold_gain":0.0,"event_name":"Masked Bandits","player_choice":"Fought Bandits","floor":19.0,"gold_loss":0.0,"damage_taken":0.0},{"damage_healed":54.0,"max_hp_gain":0.0,"max_hp_loss":0.0,"gold_gain":0.0,"event_name":"Wheel of Change","player_choice":"Full Heal","floor":25.0,"gold_loss":0.0,"damage_taken":0.0},{"damage_healed":0.0,"max_hp_gain":0.0,"max_hp_loss":0.0,"gold_gain":222.0,"event_name":"Tomb of Lord Red Mask","player_choice":"Wore Mask","floor":37.0,"gold_loss":0.0,"damage_taken":0.0},{"cards_removed":["Strike_R"],"damage_healed":0.0,"max_hp_gain":0.0,"max_hp_loss":0.0,"gold_gain":0.0,"event_name":"Falling","player_choice":"Removed Attack","floor":38.0,"gold_loss":0.0,"damage_taken":0.0},{"damage_healed":0.0,"max_hp_gain":0.0,"max_hp_loss":4.0,"gold_gain":0.0,"event_name":"Winding Halls","player_choice":"Max HP","floor":39.0,"gold_loss":0.0,"damage_taken":0.0}],"is_beta":false,"boss_relics":[{"not_picked":["Coffee Dripper","Ectoplasm"],"picked":"Velvet Choker"},{"not_picked":["Runic Dome","Sozu"],"picked":"Tiny House"}],"items_purged_floors":[20,27,36,42],"is_endless":false,"potions_floor_spawned":[4,5,12,16,21,22,24,31,33,44,45,46,47,48],"ascension_level":17}