{"gold_per_floor":[114,114,129,129,144,159,189,204,204,219,234,234,234,44,44,144,144,159,173,173,272,197,227,153,153,228,278,278,293,293,293,293,393,393,408,158,173,94,94,154,169,169,169,169,169,199,199,214,214,214],"floor_reached":51,"playtime":1960,"items_purged":["Pain"],"score":846,"play_id":"0958dc83-b996-47e1-9801-b19d5eb4e822","local_time":"20180812015824","daily_mods":["Heirloom","Terminal","Vintage"],"is_ascension_mode":false,"campfire_choices":[{"data":"1","floor":15,"key":"LIFT"},{"data":"2","floor":25,"key":"LIFT"},{"data":"3","floor":30,"key":"LIFT"},{"data":"Burst","floor":32,"key":"SMITH"},{"data":"Survivor","floor":44,"key":"SMITH"},{"floor":49,"key":"REST"}],"neow_cost":"","seed_source_timestamp":0,"circlet_count":0,"master_deck":["Survivor+1","Neutralize+1","Corpse Explosion+1","Magnetism+1","Burst+1","Crippling Poison+1","Blade Dance+1","Slice+1","Noxious Fumes+1","Catalyst+1","Adrenaline+1","Escape Plan+1","Accuracy+1","Deflect+1","Accuracy+1","Dagger Spray+1","Blade Dance+1","Bouncing Flask+1","Infinite Blades+1","Infinite Blades+1","Madness+1","Madness+1","Well Laid Plans+1"],"special_seed":17754,"relics":["Ring of the Snake","Girya","Boot","Frozen Egg 2","Paper Crane","Meat on the Bone","Ornamental Fan","Oddly Smooth Stone","Juzu Bracelet","Anchor","Pen Nib","Pantograph","Astrolabe","Torii","Red Mask","Gambling Chip","Toxic Egg 2","Omamori","Vajra","Blood Vial","Pandora\u0027s Box","Whetstone","Bottled Lightning","Bag of Preparation","Tiny Chest","Mummified Hand","Pear","Blue Candle","Centennial Puzzle","Prayer Wheel","Gremlin Horn"],"potions_floor_usage":[11,16,35,35,50],"damage_taken":[{"damage":0,"enemies":"Small Slimes","floor":1,"turns":3},{"damage":0,"enemies":"2 Louse","floor":3,"turns":2},{"damage":0,"enemies":"Cultist","floor":5,"turns":4},{"damage":0,"enemies":"2 Fungi Beasts","floor":6,"turns":4},{"damage":7,"enemies":"Lagavulin","floor":7,"turns":11},{"damage":0,"enemies":"Red Slaver","floor":8,"turns":4},{"damage":0,"enemies":"Blue Slaver","floor":10,"turns":4},{"damage":0,"enemies":"Gremlin Gang","floor":11,"turns":1},{"damage":21,"enemies":"Slime Boss","floor":16,"turns":8},{"damage":10,"enemies":"Shell Parasite","floor":18,"turns":4},{"damage":3,"floor":19,"turns":2},{"damage":2,"enemies":"Gremlin Leader","floor":23,"turns":4},{"damage":0,"enemies":"3 Byrds","floor":29,"turns":2},{"damage":11,"enemies":"Champ","floor":33,"turns":10},{"damage":0,"enemies":"Flame Bruiser 1 Orb","floor":35,"turns":4},{"damage":0,"enemies":"3 Darklings","floor":37,"turns":1},{"damage":4,"enemies":"2 Orb Walkers","floor":40,"turns":2},{"damage":16,"enemies":"Spire Growth","floor":41,"turns":3},{"damage":0,"enemies":"Nemesis","floor":46,"turns":1},{"damage":0,"floor":47,"turns":2},{"damage":3,"enemies":"Sphere and 2 Shapes","floor":48,"turns":2},{"damage":10,"enemies":"Awakened One","floor":50,"turns":5}],"seed_played":"7174262716422048038","potions_obtained":[{"floor":1,"key":"Fire Potion"},{"floor":3,"key":"PowerPotion"},{"floor":10,"key":"Poison Potion"},{"floor":16,"key":"Weak Potion"},{"floor":18,"key":"Weak Potion"},{"floor":33,"key":"FearPotion"},{"floor":35,"key":"Regen Potion"},{"floor":37,"key":"PowerPotion"}],"is_trial":false,"path_per_floor":["M","?","M","?","M","M","E","M","T","M","M","?","?","$","R","B",null,"M","?","?","?","$","E","$","R","T","T","?","M","R","?","R","B",null,"M","$","M","$","?","E","M","T","T","R","?","E","?","M","R","B"],"character_chosen":"THE_SILENT","items_purchased":["Magnetism+1","Catalyst","Bottled Lightning","Infinite Blades+1"],"campfire_rested":1,"item_purchase_floors":[14,24,36,38],"current_hp_per_floor":[68,61,61,61,61,61,54,54,54,54,54,59,59,59,59,38,57,47,44,44,44,44,42,42,42,42,42,42,42,42,42,42,31,40,39,38,37,36,35,31,29,39,39,39,34,36,37,34,35,25],"gold":214,"neow_bonus":"","is_prod":false,"is_daily":true,"chose_seed":false,"campfire_upgraded":2,"win_rate":0,"timestamp":1534003104,"path_taken":["M","?","M","?","M","M","E","M","T","M","M","?","?","$","R","BOSS","M","?","?","?","?","E","$","R","T","?","?","M","R","?","R","BOSS","M","$","M","$","?","E","M","?","T","R","?","E","?","M","R","BOSS"],"build_version":"2018-08-09","purchased_purges":1,"victory":true,"max_hp_per_floor":[68,67,66,65,64,63,62,61,60,59,58,62,61,60,59,58,57,56,55,54,53,52,51,50,49,48,47,46,45,44,43,42,41,40,39,38,37,36,35,34,33,42,41,40,39,38,37,36,35,34],"card_choices":[{"not_picked":["Prepared","Acrobatics"],"picked":"Corpse Explosion","floor":7},{"not_picked":["Phantasmal Killer","Corpse Explosion"],"picked":"Burst","floor":16},{"not_picked":["Sucker Punch","Underhanded Strike"],"picked":"Slice","floor":19},{"not_picked":["Dash","Heel Hook"],"picked":"Noxious Fumes+1","floor":23},{"not_picked":["A Thousand Cuts+1","Corpse Explosion+1"],"picked":"Adrenaline+1","floor":33},{"not_picked":["Acrobatics+1","Deadly Poison+1"],"picked":"Infinite Blades+1","floor":40},{"not_picked":["Footwork+1","Bane+1","Heel Hook"],"picked":"SKIP","floor":46},{"not_picked":["Bouncing Flask+1","Bane+1"],"picked":"Well Laid Plans+1","floor":47}],"player_experience":376153,"relics_obtained":[{"floor":1,"key":"Boot"},{"floor":3,"key":"Frozen Egg 2"},{"floor":5,"key":"Paper Crane"},{"floor":6,"key":"Meat on the Bone"},{"floor":7,"key":"Ornamental Fan"},{"floor":8,"key":"Oddly Smooth Stone"},{"floor":9,"key":"Juzu Bracelet"},{"floor":10,"key":"Anchor"},{"floor":11,"key":"Pen Nib"},{"floor":16,"key":"Pantograph"},{"floor":18,"key":"Torii"},{"floor":19,"key":"Red Mask"},{"floor":23,"key":"Gambling Chip"},{"floor":26,"key":"Toxic Egg 2"},{"floor":27,"key":"Omamori"},{"floor":29,"key":"Vajra"},{"floor":33,"key":"Blood Vial"},{"floor":35,"key":"Whetstone"},{"floor":37,"key":"Bag of Preparation"},{"floor":40,"key":"Tiny Chest"},{"floor":41,"key":"Mummified Hand"},{"floor":42,"key":"Pear"},{"floor":43,"key":"Blue Candle"},{"floor":46,"key":"Centennial Puzzle"},{"floor":47,"key":"Prayer Wheel"},{"floor":48,"key":"Gremlin Horn"}],"event_choices":[{"event_name":"Golden Wing","player_choice":"Card Removal","floor":2,"damage_taken":0},{"event_name":"Accursed Blacksmith","player_choice":"Forge","floor":4,"damage_taken":0},{"event_name":"Big Fish","player_choice":"Donut","floor":12,"damage_taken":0},{"event_name":"Living Wall","player_choice":"Grow","floor":13,"damage_taken":0},{"event_name":"Masked Bandits","player_choice":"Fought Bandits","floor":19,"damage_taken":0},{"event_name":"Ghosts","player_choice":"Ignored","floor":20,"damage_taken":0},{"event_name":"Nest","player_choice":"Stole From Cult","floor":21,"damage_taken":0},{"event_name":"Upgrade Shrine","player_choice":"Upgraded","floor":28,"damage_taken":0},{"event_name":"The Mausoleum","player_choice":"No","floor":31,"damage_taken":0},{"event_name":"Mysterious Sphere","player_choice":"Ignore","floor":39,"damage_taken":0},{"event_name":"Winding Halls","player_choice":"Embrace Madness","floor":45,"damage_taken":0},{"event_name":"MindBloom","player_choice":"Fight","floor":47,"damage_taken":0}],"is_beta":false,"boss_relics":[{"not_picked":["Empty Cage","HoveringKite"],"picked":"Astrolabe"},{"not_picked":["Eternal Feather","Orrery"],"picked":"Pandora\u0027s Box"}],"items_purged_floors":[22],"is_endless":false,"potions_floor_spawned":[1,3,10,16,18,33,35,37,47],"ascension_level":0}