{"gold_per_floor":[114,114,86,101,116,146,161,161,161,191,191,221,236,266,266,366,366,381,656,755,770,15,15,15,45,45,75,75,75,75,105,105,205,205,220,20,35,50,65,95,95,125,175,205,5,5,65,65,65,65],"floor_reached":51,"playtime":2387,"items_purged":["Regret","Regret"],"score":1247,"play_id":"7d0bb20c-64a8-49f5-b349-3bf8ca4c31e0","local_time":"20180825144021","daily_mods":["Heirloom","Elite Swarm","Night Terrors"],"is_ascension_mode":false,"campfire_choices":[{"data":"Pommel Strike","floor":8,"key":"SMITH"},{"data":"Clash","floor":11,"key":"SMITH"},{"floor":15,"key":"REST"},{"data":"Offering","floor":23,"key":"SMITH"},{"data":"Flex","floor":28,"key":"SMITH"},{"data":"Headbutt","floor":30,"key":"SMITH"},{"data":"Demon Form","floor":32,"key":"SMITH"},{"data":"Master of Strategy","floor":41,"key":"SMITH"},{"floor":49,"key":"REST"}],"neow_cost":"","seed_source_timestamp":18737327809999,"circlet_count":0,"master_deck":["Strike_R","Strike_R","Strike_R+1","Strike_R","Strike_R","Defend_R","Defend_R","Defend_R+1","Defend_R","Bash+1","Clash+1","Pommel Strike+1","Iron Wave+1","Offering+1","Headbutt+1","Immolate+1","Feed+1","Dropkick+1","Demon Form+1","Feed+1","Thunderclap+1","Spot Weakness+1","Master of Strategy+1","Finesse","Flex+1","Feed+1","Berserk","Clash+1","Exhume+1","Double Tap","Inflame+1","Panacea+1","Clash+1","Perfected Strike+1","Perfected Strike+1","Berserk","Injury","Impervious","Blood for Blood+1"],"special_seed":17768,"relics":["Burning Blood","Champion Belt","Whetstone","Molten Egg 2","Darkstone Periapt","Bottled Lightning","Regal Pillow","Cursed Key","Bronze Scales","Happy Flower","MutagenicStrength","Dream Catcher","Matryoshka","Vajra","Mercury Hourglass","Black Star","Mummified Hand","Bottled Flame","Kunai","Frozen Egg 2","Boot","War Paint","Incense Burner","Ginger","Toolbox","Tiny Chest","Art of War"],"potions_floor_usage":[6,6,12,18,27,33,40,50,50],"damage_taken":[{"damage":5,"enemies":"2 Louse","floor":1,"turns":4},{"damage":0,"enemies":"Small Slimes","floor":4,"turns":3},{"damage":8,"enemies":"Jaw Worm","floor":5,"turns":2},{"damage":13,"enemies":"3 Sentries","floor":6,"turns":9},{"damage":6,"enemies":"Looter","floor":7,"turns":2},{"damage":7,"enemies":"Gremlin Nob","floor":10,"turns":3},{"damage":13,"enemies":"3 Sentries","floor":12,"turns":6},{"damage":6,"enemies":"Exordium Thugs","floor":13,"turns":1},{"damage":6,"enemies":"Gremlin Nob","floor":14,"turns":2},{"damage":55,"enemies":"Hexaghost","floor":16,"turns":8},{"damage":7,"enemies":"Shell Parasite","floor":18,"turns":2},{"damage":6,"enemies":"Spheric Guardian","floor":21,"turns":2},{"damage":6,"enemies":"Slavers","floor":25,"turns":2},{"damage":6,"enemies":"Gremlin Leader","floor":27,"turns":2},{"damage":9,"enemies":"Book of Stabbing","floor":31,"turns":2},{"damage":58,"enemies":"Collector","floor":33,"turns":3},{"damage":23,"enemies":"Orb Walker","floor":35,"turns":1},{"damage":6,"enemies":"3 Darklings","floor":37,"turns":2},{"damage":6,"enemies":"Sphere and 2 Shapes","floor":38,"turns":2},{"damage":6,"enemies":"Flame Bruiser 2 Orb","floor":39,"turns":2},{"damage":12,"enemies":"Nemesis","floor":40,"turns":1},{"damage":12,"enemies":"Giant Head","floor":42,"turns":1},{"damage":12,"enemies":"Nemesis","floor":44,"turns":1},{"damage":6,"enemies":"Giant Head","floor":47,"turns":4},{"damage":49,"enemies":"Donu and Deca","floor":50,"turns":6}],"seed_played":"-1903850901092924717","potions_obtained":[{"floor":4,"key":"Swift Potion"},{"floor":5,"key":"SkillPotion"},{"floor":6,"key":"Weak Potion"},{"floor":12,"key":"BloodPotion"},{"floor":16,"key":"Poison Potion"},{"floor":25,"key":"Energy Potion"},{"floor":27,"key":"Poison Potion"},{"floor":37,"key":"Explosive Potion"},{"floor":39,"key":"PowerPotion"},{"floor":44,"key":"FearPotion"},{"floor":47,"key":"SpeedPotion"}],"is_trial":false,"path_per_floor":["M","?","?","M","M","E","M","R","T","E","R","E","M","E","R","B",null,"M","?","?","M","$","R","?","E","T","E","R","?","R","E","R","B",null,"M","$","M","M","M","E","R","E","T","E","$","?","E","?","R","B"],"character_chosen":"IRONCLAD","items_purchased":["Bronze Scales","Master of Strategy","Finesse","Flex","Happy Flower","Iron Wave+1","Panacea","Toolbox"],"campfire_rested":2,"item_purchase_floors":[22,22,22,22,22,22,36,45],"current_hp_per_floor":[80,64,64,70,68,61,61,61,61,60,60,53,53,53,75,26,75,78,84,84,84,84,84,84,92,98,102,102,102,102,103,103,55,111,94,94,98,106,110,104,104,98,104,102,102,102,102,102,132,89],"gold":65,"neow_bonus":"","is_prod":false,"is_daily":true,"chose_seed":false,"campfire_upgraded":7,"win_rate":0,"timestamp":1535200821,"path_taken":["M","?","?","M","M","E","M","R","T","E","R","E","M","E","R","BOSS","M","?","?","M","$","R","?","E","T","E","R","?","R","E","R","BOSS","M","$","M","M","M","E","R","E","T","E","$","?","E","?","R","BOSS"],"build_version":"2018-08-23v2","purchased_purges":2,"victory":true,"max_hp_per_floor":[80,80,80,80,80,80,80,80,80,80,80,80,80,80,75,75,75,79,85,85,85,85,85,85,93,99,103,103,103,103,107,107,111,111,111,111,115,123,127,127,127,127,133,137,137,137,137,137,132,132],"card_choices":[{"not_picked":["Cleave","Clothesline"],"picked":"Clash","floor":1},{"not_picked":["Body Slam","Wild Strike"],"picked":"Pommel Strike","floor":4},{"not_picked":["Rampage","Wild Strike"],"picked":"Iron Wave","floor":5},{"not_picked":["Limit Break","Reaper"],"picked":"Offering","floor":6},{"not_picked":["Wild Strike","Fire Breathing"],"picked":"Headbutt","floor":7},{"not_picked":["Brutality","Barricade"],"picked":"Immolate+1","floor":10},{"not_picked":["Immolate+1","Exhume"],"picked":"Feed+1","floor":12},{"not_picked":["Carnage+1","Body Slam+1"],"picked":"Dropkick+1","floor":13},{"not_picked":["Reaper+1","Juggernaut"],"picked":"Demon Form","floor":14},{"not_picked":["Immolate+1","Exhume"],"picked":"Feed+1","floor":16},{"not_picked":["Corruption","Cleave+1"],"picked":"Thunderclap+1","floor":18},{"not_picked":["Clothesline+1","Twin Strike+1"],"picked":"Spot Weakness","floor":21},{"not_picked":["Fiend Fire+1","Barricade"],"picked":"Feed+1","floor":25},{"not_picked":["Dark Embrace","Barricade"],"picked":"Berserk","floor":27},{"not_picked":["Demon Form","Barricade"],"picked":"Exhume","floor":31},{"not_picked":["Barricade","Immolate+1"],"picked":"Double Tap","floor":33},{"not_picked":["Anger+1","True Grit"],"picked":"Inflame+1","floor":35},{"not_picked":["Shockwave+1","Anger+1"],"picked":"Clash+1","floor":37},{"not_picked":["Flex+1","Iron Wave+1"],"picked":"Perfected Strike+1","floor":38},{"not_picked":["Heavy Blade+1","Spot Weakness"],"picked":"Perfected Strike+1","floor":39},{"not_picked":["Bludgeon+1","Barricade"],"picked":"Berserk","floor":40},{"not_picked":["Reaper+1","Immolate+1","Double Tap"],"picked":"SKIP","floor":42},{"not_picked":["Juggernaut+1","Bludgeon+1","Double Tap"],"picked":"SKIP","floor":44},{"not_picked":["Barricade+1","Berserk+1"],"picked":"Impervious","floor":47},{"not_picked":["Burning Pact","Rampage+1"],"picked":"Blood for Blood+1","floor":49}],"player_experience":53838,"relics_obtained":[{"floor":6,"key":"Whetstone"},{"floor":9,"key":"Molten Egg 2"},{"floor":10,"key":"Darkstone Periapt"},{"floor":12,"key":"Bottled Lightning"},{"floor":14,"key":"Regal Pillow"},{"floor":25,"key":"Dream Catcher"},{"floor":26,"key":"Matryoshka"},{"floor":27,"key":"Vajra"},{"floor":31,"key":"Mercury Hourglass"},{"floor":40,"key":"Mummified Hand"},{"floor":40,"key":"Bottled Flame"},{"floor":42,"key":"Kunai"},{"floor":42,"key":"Frozen Egg 2"},{"floor":43,"key":"Boot"},{"floor":43,"key":"War Paint"},{"floor":44,"key":"Incense Burner"},{"floor":44,"key":"Ginger"},{"floor":47,"key":"Tiny Chest"},{"floor":47,"key":"Art of War"}],"event_choices":[{"event_name":"Shining Light","player_choice":"Entered Light","floor":2,"damage_taken":0},{"event_name":"World of Goop","player_choice":"Left","floor":3,"damage_taken":0},{"event_name":"Golden Shrine","player_choice":"Desecrate","floor":19,"damage_taken":0},{"event_name":"Nest","player_choice":"Stole From Cult","floor":20,"damage_taken":0},{"event_name":"Drug Dealer","player_choice":"Inject Mutagens","floor":24,"damage_taken":0},{"event_name":"The Library","player_choice":"Read","floor":29,"damage_taken":0},{"event_name":"Accursed Blacksmith","player_choice":"Forge","floor":46,"damage_taken":0},{"event_name":"Falling","player_choice":"Removed Attack","floor":48,"damage_taken":0}],"is_beta":true,"boss_relics":[{"not_picked":["Pandora\u0027s Box","Ectoplasm"],"picked":"Cursed Key"},{"not_picked":["Calling Bell","Runic Pyramid"],"picked":"Black Star"}],"items_purged_floors":[22,36],"is_endless":false,"potions_floor_spawned":[4,5,6,12,16,25,27,37,39,44,47],"ascension_level":0}