{"gold_per_floor":[119,219,233,248,323,323,58,88,88,13,13,13],"floor_reached":12,"playtime":266,"items_purged":["Strike_B"],"score":106,"play_id":"9d2c3038-1467-4fb4-9227-a471f50960f0","local_time":"20190105145926","is_ascension_mode":true,"campfire_choices":[{"data":"Zap","floor":6,"key":"SMITH"},{"data":"Storm","floor":11,"key":"SMITH"}],"neow_cost":"NONE","seed_source_timestamp":1327334744467606,"circlet_count":0,"master_deck":["Strike_B+1","Strike_B","Strike_B+1","Defend_B","Defend_B","Defend_B","Defend_B","Zap+1","Dualcast","Leap","Loop","Storm+1","Panache","Defragment","Rebound"],"relics":["Cracked Core","Whetstone","Toxic Egg 2","Gremlin Horn"],"potions_floor_usage":[12],"damage_taken":[{"damage":2,"enemies":"Jaw Worm","floor":1,"turns":3},{"damage":0,"enemies":"Cultist","floor":3,"turns":3},{"damage":0,"enemies":"2 Louse","floor":4,"turns":1},{"damage":32,"enemies":"Gremlin Nob","floor":8,"turns":4},{"damage":26,"enemies":"3 Sentries","floor":12,"turns":4}],"seed_played":"2075150907812782849","potions_obtained":[{"floor":8,"key":"EssenceOfSteel"}],"is_trial":false,"path_per_floor":["M","?","M","M","?","R","$","E","T","$","R","E"],"character_chosen":"DEFECT","items_purchased":["Panache","Defragment"],"campfire_rested":0,"item_purchase_floors":[7,7],"current_hp_per_floor":[66,66,66,66,55,55,55,23,23,23,23,0],"gold":13,"neow_bonus":"RANDOM_COMMON_RELIC","is_prod":false,"is_daily":false,"chose_seed":false,"campfire_upgraded":2,"win_rate":0,"timestamp":1546721966,"path_taken":["M","?","?","M","?","R","?","E","T","$","R","E"],"build_version":"2019-01-03v4","purchased_purges":1,"victory":false,"max_hp_per_floor":[75,75,75,75,75,75,75,75,75,75,75,75],"card_choices":[{"not_picked":["Rebound","Beam Cell"],"picked":"Leap","floor":1},{"not_picked":["Barrage","Go for the Eyes"],"picked":"Loop","floor":3},{"not_picked":["Reprogram","Recycle"],"picked":"Storm","floor":4},{"not_picked":["Compile Driver","Coolheaded"],"picked":"Rebound","floor":8}],"player_experience":383768,"relics_obtained":[{"floor":8,"key":"Toxic Egg 2"},{"floor":9,"key":"Gremlin Horn"}],"event_choices":[{"damage_healed":0,"gold_gain":100,"player_choice":"Pray","damage_taken":0,"max_hp_gain":0,"max_hp_loss":0,"event_name":"Golden Shrine","floor":2,"gold_loss":0},{"damage_healed":0,"gold_gain":75,"player_choice":"Gather Gold","damage_taken":11,"max_hp_gain":0,"max_hp_loss":0,"event_name":"World of Goop","floor":5,"gold_loss":0}],"is_beta":false,"boss_relics":[],"items_purged_floors":[10],"is_endless":false,"potions_floor_spawned":[8],"killed_by":"3 Sentries","ascension_level":8}