{"path_per_floor":["M","?","M","?","M","R","M","?","T","R","M","M","M","E","R","B",null,"M","M","?","$","?","R","M","M","T","$","R","M","R","M","R","B",null,"M","?","?","M","M","R","M","$","T","M","M"],"character_chosen":"DEFECT","items_purchased":["Ice Cream","Whetstone","Axe Kick"],"gold_per_floor":[115,65,82,82,101,101,113,173,226,226,240,253,267,294,294,393,393,409,424,339,53,53,53,69,88,88,13,13,29,29,39,39,139,139,154,154,154,171,188,188,198,26,26,44,56,56],"floor_reached":46,"campfire_rested":8,"playtime":2509,"current_hp_per_floor":[67,67,62,47,43,65,56,40,40,62,58,55,47,39,61,15,75,45,19,19,19,19,41,23,21,21,21,43,38,60,44,66,26,75,75,66,66,63,48,70,70,70,70,43,3,0],"items_purged":["Strike_B"],"gold":56,"score":428,"play_id":"3ad07f13-9dd9-4319-b864-7af340439507","local_time":"20180507203928","is_prod":false,"is_daily":false,"chose_seed":false,"is_ascension_mode":false,"campfire_upgraded":0,"timestamp":1525718368,"path_taken":["M","?","M","?","M","R","M","?","T","R","M","?","M","E","R","BOSS","M","M","?","$","?","R","M","M","T","?","R","?","R","M","R","BOSS","M","?","?","M","M","R","M","$","T","M","M","M"],"build_version":"2018-05-03","seed_source_timestamp":674132347701,"purchased_purges":1,"victory":false,"master_deck":["Defend_B+1","Zap","Dualcast+1","Cold Snap","Cold Snap","Blizzard","Capacitor","Blizzard+1","Beam Cell","Rebound","Coolheaded","Ball Lightning+1","Machine Learning","Loop+1","Doom and Gloom+1","BootSequence+1","Coolheaded","Leap+1","Coolheaded","Chaos+1","Glacier","Beam Cell","Rainbow","Defragment+1","Madness","Madness","Blizzard+1","Axe Kick","Doom and Gloom+1","Beam Cell+1"],"max_hp_per_floor":[75,75,75,75,75,75,75,75,75,75,75,75,75,75,75,75,75,75,75,75,75,75,75,75,75,75,75,75,75,75,75,75,75,75,75,75,75,75,75,75,75,75,75,75,75,75],"relics":["Cracked Core","Ancient Tea Set","Happy Flower","Bottled Lightning","Astrolabe","Blood Vial","Ice Cream","Ornamental Fan","Sozu","Whetstone","Prayer Wheel"],"card_choices":[{"not_picked":["Capacitor","Go for the Eyes"],"picked":"Cold Snap","floor":1},{"not_picked":["Coolheaded","Capacitor"],"picked":"Cold Snap","floor":3},{"not_picked":["Streamline","Double Energy"],"picked":"Blizzard","floor":5},{"not_picked":["Nova","Reprogram"],"picked":"Capacitor","floor":7},{"not_picked":["Impulse","Rebound"],"picked":"Blizzard","floor":8},{"not_picked":["Hello World","Melter"],"picked":"Beam Cell","floor":11},{"not_picked":["Streamline","Storm"],"picked":"Rebound","floor":12},{"not_picked":["Doom and Gloom","Skim"],"picked":"Coolheaded","floor":13},{"not_picked":["Rebound","Cold Snap"],"picked":"Ball Lightning","floor":14},{"not_picked":["Multi-Cast","Meteor Strike"],"picked":"Machine Learning","floor":16},{"not_picked":["Consume","Impulse"],"picked":"Coolheaded","floor":18},{"not_picked":["Skim","Impulse"],"picked":"Leap","floor":19},{"not_picked":["Heatsinks","Stack"],"picked":"Coolheaded","floor":24},{"not_picked":["Cold Snap","Impulse"],"picked":"Chaos","floor":25},{"not_picked":["Blizzard","Impulse"],"picked":"Glacier","floor":29},{"not_picked":["Capacitor","Skim"],"picked":"Beam Cell","floor":31},{"not_picked":["Hyperbeam","Machine Learning"],"picked":"Rainbow","floor":33},{"not_picked":["Chaos","Conserve Battery"],"picked":"Defragment","floor":35},{"not_picked":["Hologram","Axe Kick"],"picked":"Blizzard","floor":41},{"not_picked":["Stack","Buffer"],"picked":"Doom and Gloom","floor":44},{"not_picked":["Sweeping Beam","Turbo"],"picked":"Beam Cell","floor":45}],"player_experience":52301,"potions_floor_usage":[],"damage_taken":[{"damage":8,"enemies":"2 Louse","floor":1,"turns":2},{"damage":5,"enemies":"Small Slimes","floor":3,"turns":3},{"damage":4,"enemies":"Jaw Worm","floor":5,"turns":3},{"damage":9,"enemies":"3 Louse","floor":7,"turns":4},{"damage":16,"enemies":"Gremlin Nob","floor":8,"turns":5},{"damage":4,"enemies":"Blue Slaver","floor":11,"turns":3},{"damage":3,"enemies":"Exordium Wildlife","floor":12,"turns":4},{"damage":8,"enemies":"Red Slaver","floor":13,"turns":3},{"damage":8,"enemies":"3 Sentries","floor":14,"turns":5},{"damage":46,"enemies":"Hexaghost","floor":16,"turns":10},{"damage":30,"enemies":"2 Thieves","floor":18,"turns":4},{"damage":26,"enemies":"3 Byrds","floor":19,"turns":4},{"damage":20,"enemies":"Slaver and Parasite","floor":24,"turns":7},{"damage":4,"enemies":"3 Cultists","floor":25,"turns":5},{"damage":7,"enemies":"Chosen and Byrds","floor":29,"turns":6},{"damage":18,"enemies":"Snecko","floor":31,"turns":5},{"damage":42,"enemies":"Champ","floor":33,"turns":13},{"damage":0,"enemies":"Flame Bruiser 1 Orb","floor":35,"turns":8},{"damage":5,"enemies":"3 Shapes","floor":38,"turns":3},{"damage":17,"enemies":"Flame Bruiser 2 Orb","floor":39,"turns":7},{"damage":2,"enemies":"Sphere and 2 Shapes","floor":41,"turns":6},{"damage":29,"enemies":"4 Shapes","floor":44,"turns":5},{"damage":42,"enemies":"Spire Growth","floor":45,"turns":6},{"damage":9,"enemies":"Flame Bruiser 2 Orb","floor":46,"turns":3}],"event_choices":[{"event_name":"The Cleric","player_choice":"Card Removal","floor":2,"damage_taken":0},{"event_name":"Shining Light","player_choice":"Entered Light","floor":4,"damage_taken":0},{"event_name":"Dead Adventurer","player_choice":"Searched \u00272\u0027 times","floor":8,"damage_taken":0},{"event_name":"Addict","player_choice":"Obtained Relic","floor":20,"damage_taken":0},{"event_name":"Back to Basics","player_choice":"Elegance","floor":22,"damage_taken":0},{"event_name":"Winding Halls","player_choice":"Embrace Madness","floor":36,"damage_taken":0},{"event_name":"Purifier","player_choice":"One Purge","floor":37,"damage_taken":0}],"boss_relics":[{"not_picked":["Ectoplasm","Orrery"],"picked":"Astrolabe"},{"not_picked":["Cursed Key","Tiny House"],"picked":"Sozu"}],"potions_floor_spawned":[3,5,7,12,19,24,25,31,38,39,45],"seed_played":"752536135926389913","killed_by":"Flame Bruiser 2 Orb","ascension_level":0,"is_trial":false}