{"gold_per_floor":[112,126,146,55,75,75,103,103,103,128,109,1,12,12,12,109,109,126,126,152,52,52,52,82,82,107,142,103,128,154,136,136,233,233,244,258,480,493,333,333,344,377,400,417,417,197,211,36,36,36],"floor_reached":51,"playtime":5329,"items_purged":["Strike_B","Strike_B","Dualcast","Defend_B","Defend_B"],"score":994,"play_id":"d70b9a28-d34d-4f80-ac91-7b315cac41c9","local_time":"20180801132024","is_ascension_mode":true,"campfire_choices":[{"data":"Zap","floor":6,"key":"SMITH"},{"data":"White Noise","floor":8,"key":"SMITH"},{"floor":15,"key":"REST"},{"floor":23,"key":"REST"},{"data":"Defragment","floor":25,"key":"SMITH"},{"data":"White Noise","floor":32,"key":"SMITH"},{"data":"Seek","floor":40,"key":"SMITH"},{"floor":49,"key":"REST"}],"neow_cost":"NONE","seed_source_timestamp":120121116649452,"circlet_count":0,"master_deck":["Defend_B+1","Defend_B","Zap+1","Sunder","White Noise+1","Conserve Battery","Flash of Steel","Core Surge","Chill+1","Go for the Eyes","Defragment+1","Ball Lightning","Biased Cognition","Self Repair","Seek+1","Ball Lightning+1","Panacea","Dramatic Entrance","Dark Shackles","Echo Form+1","Capacitor+1","White Noise+1","Hologram+1","Conserve Battery","Electrodynamics+1","White Noise","Static Discharge+1","Heatsinks+1","Chaos+1","White Noise","Defragment+1","Defragment+1"],"relics":["Empty Cage","Ice Cream","Mummified Hand","Bottled Flame","Velvet Choker","Red Mask","Frozen Egg 2","Art of War","Boot","Vajra","Meat on the Bone","Inserter","Pantograph","Anchor"],"potions_floor_usage":[5,7,16,16,20,31,42,47,50],"damage_taken":[{"damage":0,"enemies":"Small Slimes","floor":1,"turns":2},{"damage":0,"enemies":"2 Louse","floor":2,"turns":2},{"damage":0,"enemies":"Cultist","floor":3,"turns":3},{"damage":0,"enemies":"Red Slaver","floor":5,"turns":4},{"damage":28,"enemies":"Gremlin Nob","floor":7,"turns":4},{"damage":7,"enemies":"Lagavulin","floor":10,"turns":6},{"damage":6,"enemies":"Exordium Thugs","floor":11,"turns":4},{"damage":0,"enemies":"3 Louse","floor":13,"turns":3},{"damage":22,"enemies":"Slime Boss","floor":16,"turns":7},{"damage":10,"enemies":"Chosen","floor":18,"turns":5},{"damage":19,"floor":20,"turns":6},{"damage":0,"enemies":"Gremlin Leader","floor":24,"turns":5},{"damage":22,"enemies":"Slavers","floor":27,"turns":6},{"damage":1,"enemies":"Gremlin Leader","floor":30,"turns":6},{"damage":8,"enemies":"2 Thieves","floor":31,"turns":4},{"damage":36,"enemies":"Automaton","floor":33,"turns":9},{"damage":12,"enemies":"Flame Bruiser 1 Orb","floor":35,"turns":5},{"damage":0,"enemies":"3 Shapes","floor":36,"turns":1},{"damage":24,"enemies":"Spire Growth","floor":38,"turns":4},{"damage":0,"enemies":"Flame Bruiser 2 Orb","floor":41,"turns":4},{"damage":13,"enemies":"2 Orb Walkers","floor":42,"turns":3},{"damage":25,"enemies":"Transient","floor":44,"turns":5},{"damage":31,"enemies":"Spire Growth","floor":47,"turns":6},{"damage":32,"enemies":"Time Eater","floor":50,"turns":9}],"seed_played":"-8353480776694059705","potions_obtained":[{"floor":3,"key":"EssenceOfSteel"},{"floor":5,"key":"Fruit Juice"},{"floor":7,"key":"Dexterity Potion"},{"floor":13,"key":"SkillPotion"},{"floor":18,"key":"Explosive Potion"},{"floor":30,"key":"EssenceOfSteel"},{"floor":36,"key":"SpeedPotion"},{"floor":44,"key":"Fruit Juice"},{"floor":47,"key":"AttackPotion"}],"is_trial":false,"path_per_floor":["M","M","M","$","M","R","E","R","T","E","M","$","M","?","R","B",null,"M","?","?","$","?","R","E","R","T","E","$","T","E","M","R","B",null,"M","M","?","M","$","R","M","E","T","M","?","$","M","$","R","B"],"character_chosen":"DEFECT","items_purchased":["Flash of Steel","Defragment","White Noise","Heatsinks+1","Defragment+1"],"campfire_rested":3,"item_purchase_floors":[4,12,28,39,46],"current_hp_per_floor":[68,68,68,68,68,68,45,45,45,38,32,32,32,16,40,18,65,55,55,43,43,11,35,42,42,42,27,27,27,33,44,44,27,67,62,62,62,50,50,50,64,51,51,38,38,38,31,31,56,56],"gold":36,"neow_bonus":"BOSS_RELIC","is_prod":false,"is_daily":false,"chose_seed":false,"campfire_upgraded":5,"win_rate":0,"timestamp":1533093624,"path_taken":["M","M","M","$","M","R","E","R","T","E","M","$","M","?","R","BOSS","M","?","?","?","?","R","E","R","T","E","?","?","E","M","R","BOSS","M","M","?","?","$","R","M","E","T","?","?","$","?","?","R","BOSS"],"build_version":"2018-07-26","purchased_purges":5,"victory":true,"max_hp_per_floor":[75,75,75,75,75,75,80,80,80,80,80,80,80,80,80,80,80,80,80,80,80,80,80,80,80,80,80,80,80,80,80,80,80,80,80,80,80,80,80,80,80,80,80,80,80,80,85,85,85,85],"card_choices":[{"not_picked":["Go for the Eyes","Chaos"],"picked":"Sunder","floor":1},{"not_picked":["Hologram","Skim"],"picked":"White Noise","floor":2},{"not_picked":["Hologram","FTL"],"picked":"Conserve Battery","floor":3},{"not_picked":["Leap","Hologram"],"picked":"Core Surge","floor":5},{"not_picked":["Tempest","Redo"],"picked":"Chill","floor":7},{"not_picked":["Turbo","Multi-Cast"],"picked":"Go for the Eyes","floor":10},{"not_picked":["Chill","Rebound","Steam Power"],"picked":"SKIP","floor":11},{"not_picked":["Redo","Stack"],"picked":"Ball Lightning","floor":13},{"not_picked":["Seek","Rainbow"],"picked":"Biased Cognition","floor":16},{"not_picked":["Ball Lightning","Go for the Eyes"],"picked":"Self Repair","floor":18},{"not_picked":["Recycle","Coolheaded"],"picked":"Ball Lightning+1","floor":20},{"not_picked":["Melter","Coolheaded+1"],"picked":"Echo Form","floor":24},{"not_picked":["Aggregate","Rebound"],"picked":"Capacitor+1","floor":27},{"not_picked":["Gash+1","Go for the Eyes"],"picked":"Hologram+1","floor":30},{"not_picked":["Stack","Gash"],"picked":"Conserve Battery","floor":31},{"not_picked":["Machine Learning+1","Meteor Strike"],"picked":"Electrodynamics+1","floor":33},{"not_picked":["Fusion","Heatsinks+1"],"picked":"White Noise","floor":35},{"not_picked":["FTL+1","Chill"],"picked":"Static Discharge+1","floor":36},{"not_picked":["Sweeping Beam","Stack","Aggregate+1"],"picked":"SKIP","floor":38},{"not_picked":["Steam+1","Scrape","Reprogram"],"picked":"SKIP","floor":41},{"not_picked":["Reboot","Turbo"],"picked":"Chaos+1","floor":42},{"not_picked":["Stack+1","Redo"],"picked":"White Noise","floor":44},{"not_picked":["Stack+1","Coolheaded"],"picked":"Defragment+1","floor":47}],"player_experience":593698,"relics_obtained":[{"floor":7,"key":"Ice Cream"},{"floor":9,"key":"Mummified Hand"},{"floor":10,"key":"Bottled Flame"},{"floor":20,"key":"Red Mask"},{"floor":24,"key":"Frozen Egg 2"},{"floor":26,"key":"Art of War"},{"floor":27,"key":"Boot"},{"floor":29,"key":"Vajra"},{"floor":30,"key":"Meat on the Bone"},{"floor":42,"key":"Pantograph"},{"floor":43,"key":"Anchor"}],"event_choices":[{"event_name":"Shining Light","player_choice":"Entered Light","floor":14,"damage_taken":0},{"event_name":"Match and Keep!","player_choice":"1 cards matched","floor":19,"damage_taken":0},{"event_name":"Masked Bandits","player_choice":"Fought over 126 gold","floor":20,"damage_taken":0},{"event_name":"Knowing Skull","player_choice":"CARD CARD CARD ","floor":22,"damage_taken":0},{"event_name":"Tomb of Lord Red Mask","player_choice":"Wore Mask","floor":37,"damage_taken":0},{"event_name":"SecretPortal","player_choice":"Rejected Portal.","floor":45,"damage_taken":0}],"is_beta":false,"boss_relics":[{"not_picked":["Pandora\u0027s Box","Runic Dome"],"picked":"Velvet Choker"},{"not_picked":["Orrery","Sozu"],"picked":"Inserter"}],"items_purged_floors":[12,21,39,46,48],"is_endless":false,"potions_floor_spawned":[3,5,7,13,18,30,36,44,47],"ascension_level":7}