{"gold_per_floor":[110,126,126,126,126,126,152,152,152,167,192,206,206,220,220,321,321,331,331,344,344,363,363,374,374,374,374,374,393,412,431,431,431],"floor_reached":33,"playtime":1675,"items_purged":[],"score":284,"play_id":"7fde259c-8267-475f-b75d-b692cf44895c","local_time":"20180918002710","is_ascension_mode":false,"campfire_choices":[{"data":"Heavy Blade","floor":6,"key":"SMITH"},{"data":"Flex","floor":8,"key":"SMITH"},{"data":"Rampage","floor":15,"key":"SMITH"},{"data":"Offering","floor":23,"key":"SMITH"},{"floor":28,"key":"REST"},{"floor":32,"key":"REST"}],"neow_cost":"NONE","seed_source_timestamp":316852269516362,"circlet_count":0,"master_deck":["Strike_R+1","Strike_R","Strike_R","Defend_R","Defend_R","Defend_R","Defend_R","Bash","Heavy Blade+1","Clash+1","Flex+1","Ghostly Armor","Carnage","Rampage+1","Offering+1","Feel No Pain+1","Disarm","Heavy Blade","Whirlwind","Flex+1"],"relics":["Burning Blood","NeowsBlessing","GremlinMask","Charon\u0027s Ashes","Juzu Bracelet","Whetstone","Velvet Choker","Bottled Lightning"],"potions_floor_usage":[11,29,31,33,33],"damage_taken":[{"damage":0,"enemies":"Cultist","floor":1,"turns":1},{"damage":0,"enemies":"2 Louse","floor":2,"turns":1},{"damage":0,"enemies":"3 Sentries","floor":7,"turns":2},{"damage":3,"enemies":"Small Slimes","floor":10,"turns":3},{"damage":31,"enemies":"Gremlin Nob","floor":11,"turns":5},{"damage":4,"enemies":"Blue Slaver","floor":12,"turns":3},{"damage":5,"enemies":"Looter","floor":14,"turns":2},{"damage":39,"enemies":"Slime Boss","floor":16,"turns":10},{"damage":6,"enemies":"Chosen","floor":18,"turns":3},{"damage":13,"enemies":"Shell Parasite","floor":20,"turns":4},{"damage":25,"enemies":"Centurion and Healer","floor":22,"turns":4},{"damage":8,"enemies":"Cultist and Chosen","floor":24,"turns":6},{"damage":26,"enemies":"Shelled Parasite and Fungi","floor":29,"turns":3},{"damage":21,"enemies":"3 Cultists","floor":30,"turns":4},{"damage":0,"enemies":"Snecko","floor":31,"turns":3},{"damage":70,"enemies":"Collector","floor":33,"turns":8}],"seed_played":"-2599398726739453176","potions_obtained":[{"floor":2,"key":"Explosive Potion"},{"floor":10,"key":"Weak Potion"},{"floor":12,"key":"Strength Potion"},{"floor":14,"key":"Regen Potion"},{"floor":30,"key":"SneckoOil"}],"is_trial":false,"path_per_floor":["M","M","$","?","?","R","E","R","T","M","E","M","?","M","R","B",null,"M","?","M","?","M","R","M","?","T","?","R","M","M","M","R"],"character_chosen":"IRONCLAD","items_purchased":[],"campfire_rested":2,"item_purchase_floors":[],"current_hp_per_floor":[80,80,80,80,80,80,80,80,80,80,55,57,80,80,80,47,80,80,80,73,73,54,54,52,37,37,37,62,42,27,33,58,0],"gold":431,"neow_bonus":"THREE_ENEMY_KILL","is_prod":false,"is_daily":false,"chose_seed":false,"campfire_upgraded":4,"win_rate":0.0,"timestamp":1537248430,"path_taken":["M","M","?","?","?","R","E","R","T","M","E","M","?","M","R","BOSS","M","?","M","?","M","R","M","?","T","?","R","M","M","M","R","BOSS"],"build_version":"2018-09-06","purchased_purges":0,"victory":false,"max_hp_per_floor":[80,80,80,80,80,80,80,80,80,80,80,80,80,80,80,80,80,80,80,80,80,80,80,80,85,85,85,85,85,85,85,85,85],"card_choices":[{"not_picked":["Iron Wave","Headbutt"],"picked":"Heavy Blade","floor":1},{"not_picked":["Perfected Strike","Body Slam"],"picked":"Clash","floor":2},{"not_picked":["Anger","Metallicize"],"picked":"Flex","floor":7},{"not_picked":["Bloodletting","Anger","Second Wind"],"picked":"SKIP","floor":10},{"not_picked":["Sword Boomerang","Rage"],"picked":"Ghostly Armor","floor":11},{"not_picked":["Barricade","Iron Wave"],"picked":"Carnage","floor":12},{"not_picked":["Clash","Cleave"],"picked":"Rampage","floor":14},{"not_picked":["Double Tap","Impervious"],"picked":"Offering","floor":16},{"not_picked":["Body Slam","Clash","Clothesline+1"],"picked":"SKIP","floor":18},{"not_picked":["Uppercut","Combust+1"],"picked":"Feel No Pain+1","floor":20},{"not_picked":["Battle Trance","Power Through"],"picked":"Disarm","floor":22},{"not_picked":["Dropkick","Entrench"],"picked":"Heavy Blade","floor":24},{"not_picked":["Corruption","Headbutt"],"picked":"Whirlwind","floor":29},{"not_picked":["Second Wind","True Grit"],"picked":"Flex+1","floor":30},{"not_picked":["True Grit","Barricade","Fire Breathing+1"],"picked":"SKIP","floor":31}],"player_experience":35275,"relics_obtained":[{"floor":7,"key":"Charon\u0027s Ashes"},{"floor":9,"key":"Juzu Bracelet"},{"floor":11,"key":"Whetstone"},{"floor":26,"key":"Bottled Lightning"}],"event_choices":[{"event_name":"FaceTrader","player_choice":"Trade","floor":4,"damage_taken":0},{"event_name":"Golden Idol","player_choice":"Ignored","floor":5,"damage_taken":0},{"event_name":"Big Fish","player_choice":"Banana","floor":13,"damage_taken":0},{"event_name":"Purifier","player_choice":"One Purge","floor":19,"damage_taken":0},{"event_name":"Ghosts","player_choice":"Ignored","floor":21,"damage_taken":0},{"event_name":"Forgotten Altar","player_choice":"Shed Blood","floor":25,"damage_taken":0},{"event_name":"Back to Basics","player_choice":"Elegance","floor":27,"damage_taken":0}],"is_beta":false,"boss_relics":[{"not_picked":["Runic Pyramid","Lizard Tail"],"picked":"Velvet Choker"}],"items_purged_floors":[],"is_endless":false,"potions_floor_spawned":[2,10,12,14,18,20,30],"killed_by":"Collector","ascension_level":0}