{"gold_per_floor":[111,161,179,197,208,208,225,225,225,259,259,98,117,117,117,190,190,190,5,5,5,5,5,5,5,5,5,5,5,5,5,5,5,5,5,5,5,5,5,5,5,5,5,5,5,5,5,5,5,5,5],"floor_reached":51,"playtime":3575,"items_purged":["Strike_R","Strike_R"],"score":1240,"play_id":"db758413-8e6e-417e-a2b1-ded7418ad595","local_time":"20190122190718","is_ascension_mode":true,"campfire_choices":[{"data":"Armaments","floor":6.0,"key":"SMITH"},{"data":"1","floor":8.0,"key":"LIFT"},{"data":"2","floor":11.0,"key":"LIFT"},{"data":"3","floor":15.0,"key":"LIFT"},{"floor":23.0,"key":"REST"},{"data":"Limit Break","floor":25.0,"key":"SMITH"},{"floor":29.0,"key":"REST"},{"floor":32.0,"key":"REST"},{"data":"Barricade","floor":40,"key":"SMITH"},{"data":"True Grit","floor":42,"key":"SMITH"},{"floor":46,"key":"REST"},{"floor":49,"key":"REST"}],"neow_cost":"TEN_PERCENT_HP_LOSS","seed_source_timestamp":0,"circlet_count":0,"master_deck":["AscendersBane","Strike_R","Strike_R","Defend_R","Defend_R","Defend_R","Defend_R","Bash","Body Slam+1","Armaments+1","Metallicize","Immolate","Evolve","Battle Trance","Limit Break+1","Ghostly Armor","Metallicize","Spot Weakness","Cleave","Whirlwind","Sword Boomerang","True Grit+1","Disarm","Barricade+1","Armaments+1","Jack Of All Trades","Warcry+1","Power Through","Flame Barrier"],"special_seed":0,"relics":["Burning Blood","Girya","Incense Burner","Pear","Ectoplasm","Nilry\u0027s Codex","The Courier","Orrery","Bird Faced Urn","Singing Bowl"],"potions_floor_usage":[50,50],"damage_taken":[{"damage":16.0,"enemies":"Jaw Worm","floor":1.0,"turns":5.0},{"damage":2.0,"enemies":"Cultist","floor":3.0,"turns":4.0},{"damage":9.0,"enemies":"2 Louse","floor":4.0,"turns":4.0},{"damage":11.0,"enemies":"Exordium Wildlife","floor":5.0,"turns":5.0},{"damage":0.0,"enemies":"Large Slime","floor":7.0,"turns":4.0},{"damage":32.0,"enemies":"Gremlin Nob","floor":10.0,"turns":4.0},{"damage":6.0,"enemies":"Looter","floor":13.0,"turns":3.0},{"damage":23.0,"enemies":"Slime Boss","floor":16.0,"turns":9.0},{"damage":13.0,"enemies":"Spheric Guardian","floor":18.0,"turns":4.0},{"damage":24.0,"enemies":"Colosseum Slavers","floor":20.0,"turns":4.0},{"damage":6.0,"enemies":"Shell Parasite","floor":24.0,"turns":5.0},{"damage":10.0,"enemies":"Snecko","floor":27.0,"turns":5.0},{"damage":29.0,"enemies":"Sentry and Sphere","floor":28.0,"turns":6.0},{"damage":13.0,"enemies":"Snake Plant","floor":30.0,"turns":4.0},{"damage":44.0,"enemies":"Collector","floor":33.0,"turns":7.0},{"damage":27.0,"enemies":"3 Shapes","floor":35.0,"turns":6.0},{"damage":6.0,"enemies":"Mind Bloom Boss Battle","floor":36.0,"turns":7.0},{"damage":4,"enemies":"3 Darklings","floor":39,"turns":7},{"damage":20,"enemies":"Jaw Worm Horde","floor":41,"turns":4},{"damage":38,"enemies":"Maw","floor":44,"turns":7},{"damage":63,"enemies":"Time Eater","floor":50,"turns":20},{"damage":21,"enemies":"Donu and Deca","floor":51,"turns":2}],"seed_played":"990437936499966857","potions_obtained":[{"floor":3.0,"key":"SkillPotion"},{"floor":10.0,"key":"Dexterity Potion"},{"floor":13.0,"key":"Explosive Potion"},{"floor":16.0,"key":"Swift Potion"},{"floor":18.0,"key":"PowerPotion"},{"floor":28.0,"key":"Explosive Potion"},{"floor":33.0,"key":"GamblersBrew"},{"floor":41,"key":"Ancient Potion"},{"floor":44,"key":"Dexterity Potion"}],"is_trial":false,"path_per_floor":["M","?","M","M","M","R","M","R","T","E","R","$","M","?","R","B",null,"M","$","?","?","?","R","M","R","T","M","M","R","M","$","R","B",null,"M","?","?","?","M","R","M","R","T","M","$","R","$","?","R","B","B"],"character_chosen":"IRONCLAD","items_purchased":["Battle Trance","Ghostly Armor"],"campfire_rested":5,"item_purchase_floors":[12,19],"current_hp_per_floor":[58,52,56,53,48,48,54,54,54,38,38,38,38,38,38,21,64,57,57,39,18,18,41,41,41,41,37,14,37,30,30,53,15,62,41,41,41,41,49,49,39,39,39,13,13,36,36,36,59,18,0],"gold":5,"neow_bonus":"ONE_RARE_RELIC","is_prod":false,"is_daily":false,"chose_seed":false,"campfire_upgraded":4,"win_rate":0,"timestamp":1548151638,"path_taken":["M","?","M","M","M","R","M","R","T","E","R","$","?","?","R","BOSS","M","$","?","?","?","R","M","R","T","M","M","R","M","$","R","BOSS","M","?","?","?","M","R","M","R","T","M","$","R","?","?","R","BOSS","BOSS"],"build_version":"2019-01-17v2","purchased_purges":2,"victory":false,"max_hp_per_floor":[68,68,68,68,68,68,68,68,68,78,78,78,78,78,78,78,78,78,78,78,78,78,78,78,78,78,78,78,78,78,78,78,78,78,78,78,78,78,78,78,78,78,78,78,78,78,78,78,78,78,78],"card_choices":[{"not_picked":["Clash","Twin Strike"],"picked":"Body Slam","floor":1.0},{"not_picked":["Thunderclap","Brutality"],"picked":"Armaments","floor":3.0},{"not_picked":["Cleave","Thunderclap"],"picked":"Metallicize","floor":4.0},{"not_picked":["Disarm","Entrench"],"picked":"Immolate","floor":5.0},{"not_picked":["Infernal Blade","Headbutt","Sever Soul"],"picked":"SKIP","floor":7.0},{"not_picked":["Blood for Blood","Dropkick"],"picked":"Evolve","floor":10.0},{"not_picked":["Wild Strike","Dual Wield","Body Slam"],"picked":"SKIP","floor":13.0},{"not_picked":["Double Tap","Exhume"],"picked":"Limit Break","floor":16.0},{"not_picked":["Fire Breathing+1","Twin Strike","Thunderclap"],"picked":"SKIP","floor":18.0},{"not_picked":["Shockwave","Body Slam"],"picked":"Metallicize","floor":24.0},{"not_picked":["Perfected Strike","Havoc"],"picked":"Spot Weakness","floor":27.0},{"not_picked":["Heavy Blade","Perfected Strike"],"picked":"Cleave","floor":28.0},{"not_picked":["Perfected Strike","Burning Pact"],"picked":"Whirlwind","floor":30.0},{"not_picked":["Cleave","Whirlwind"],"picked":"Sword Boomerang","floor":34.0},{"not_picked":["Heavy Blade","Perfected Strike"],"picked":"True Grit","floor":34.0},{"not_picked":["Anger","Dark Embrace"],"picked":"Disarm","floor":34.0},{"not_picked":["Headbutt","Thunderclap"],"picked":"Barricade","floor":35.0},{"not_picked":["Ghostly Armor","True Grit"],"picked":"Armaments+1","floor":36.0},{"not_picked":["Trip","Swift Strike"],"picked":"Jack Of All Trades","floor":38.0},{"not_picked":["Twin Strike","Rampage"],"picked":"Warcry+1","floor":39},{"not_picked":["Body Slam","Sword Boomerang"],"picked":"Power Through","floor":41},{"not_picked":["Body Slam","Pummel"],"picked":"Flame Barrier","floor":44}],"player_experience":632925,"relics_obtained":[{"floor":9.0,"key":"Incense Burner"},{"floor":10.0,"key":"Pear"},{"floor":21.0,"key":"Nilry\u0027s Codex"},{"floor":26.0,"key":"The Courier"},{"floor":36.0,"key":"Bird Faced Urn"},{"floor":43,"key":"Singing Bowl"}],"event_choices":[{"damage_healed":0.0,"max_hp_gain":0.0,"max_hp_loss":0.0,"gold_gain":50.0,"event_name":"FaceTrader","player_choice":"Touch","floor":2.0,"gold_loss":0.0,"damage_taken":6.0},{"damage_healed":0.0,"max_hp_gain":0.0,"max_hp_loss":0.0,"gold_gain":0.0,"event_name":"Living Wall","player_choice":"Grow","floor":14.0,"gold_loss":0.0,"damage_taken":0.0,"cards_upgraded":["Body Slam"]},{"damage_healed":0.0,"max_hp_gain":0.0,"max_hp_loss":0.0,"gold_gain":0.0,"event_name":"Colosseum","player_choice":"Fight","floor":20.0,"gold_loss":0.0,"damage_taken":0.0},{"damage_healed":0.0,"max_hp_gain":0.0,"max_hp_loss":0.0,"gold_gain":0.0,"event_name":"Colosseum","player_choice":"Fled From Nobs","floor":20.0,"gold_loss":0.0,"damage_taken":0.0},{"damage_healed":0.0,"max_hp_gain":0.0,"max_hp_loss":0.0,"gold_gain":0.0,"event_name":"Cursed Tome","player_choice":"Obtained Book","floor":21.0,"gold_loss":0.0,"damage_taken":21.0},{"damage_healed":0.0,"max_hp_gain":0.0,"max_hp_loss":0.0,"gold_gain":0.0,"event_name":"The Mausoleum","player_choice":"Ignored","floor":22.0,"gold_loss":0.0,"damage_taken":0.0},{"damage_healed":0.0,"max_hp_gain":0.0,"max_hp_loss":0.0,"gold_gain":0.0,"event_name":"MindBloom","player_choice":"Fight","floor":36.0,"gold_loss":0.0,"damage_taken":0.0},{"damage_healed":0.0,"max_hp_gain":0.0,"max_hp_loss":0.0,"gold_gain":0.0,"event_name":"Mysterious Sphere","player_choice":"Ignored","floor":37.0,"gold_loss":0.0,"damage_taken":0.0},{"damage_healed":0.0,"max_hp_gain":0.0,"max_hp_loss":0.0,"gold_gain":0.0,"event_name":"SensoryStone","player_choice":"Memory 1","floor":38.0,"gold_loss":0.0,"damage_taken":0.0},{"cards_removed":["Strike_R"],"damage_healed":0,"gold_gain":0,"player_choice":"Purged","damage_taken":0,"max_hp_gain":0,"max_hp_loss":0,"event_name":"Purifier","floor":48,"gold_loss":0}],"is_beta":false,"boss_relics":[{"not_picked":["Calling Bell","Mark of Pain"],"picked":"Ectoplasm"},{"not_picked":["Cursed Key","Runic Cube"],"picked":"Orrery"}],"items_purged_floors":[12,19],"is_endless":false,"potions_floor_spawned":[3,10,13,16,18,24,28,33,41,44],"killed_by":"Donu and Deca","ascension_level":20}