{"path_per_floor":["M","?","?","$","M","E","R","E","T","R","M","M","?","M","R","B",null,"M","$","?","$","M","R"],"character_chosen":"IRONCLAD","items_purchased":["Flex","Juzu Bracelet","Apotheosis"],"gold_per_floor":[119,119,219,117,132,167,167,196,196,196,216,233,256,267,267,370,370,380,33,33,33,44,44],"floor_reached":24,"campfire_rested":3,"playtime":1565,"current_hp_per_floor":[80,80,80,80,80,80,80,27,27,51,51,53,32,24,48,29,80,79,79,64,64,30,55],"items_purged":["Strike_R"],"gold":44,"score":229,"play_id":"9b4f2d2e-8111-47eb-a880-ccfa55d11d57","local_time":"20180318210026","is_prod":false,"is_daily":false,"is_ascension_mode":false,"campfire_upgraded":1,"timestamp":1521403226,"path_taken":["M","?","?","$","M","E","R","E","T","R","?","M","?","M","R","BOSS","M","$","?","?","M","R","E"],"build_version":"2018-03-15v3","purchased_purges":1,"victory":false,"master_deck":["Strike_R","Strike_R","Strike_R","Strike_R","Defend_R","Defend_R","Defend_R","Bash","Flame Barrier","Twin Strike","Flex","Evolve+1","Inflame","Flex","Pommel Strike","Headbutt","Headbutt","Offering","Demon Form","Flame Barrier","Apotheosis"],"max_hp_per_floor":[80,80,80,80,80,80,80,80,80,80,80,80,80,80,80,80,80,80,80,85,85,85,85],"relics":["Black Blood","NeowsBlessing","Frozen Eye","Vajra","Ice Cream","Odd Mushroom","Juzu Bracelet"],"card_choices":[{"not_picked":["Battle Trance","Anger"],"picked":"Flame Barrier"},{"not_picked":["Wild Strike","Anger"],"picked":"Evolve"},{"not_picked":["Infernal Blade","Dual Wield"],"picked":"Inflame"},{"not_picked":["Heavy Blade","Feed"],"picked":"Flex"},{"not_picked":["Clothesline","Headbutt"],"picked":"Pommel Strike"},{"not_picked":["Dropkick","Thunderclap"],"picked":"Headbutt"},{"not_picked":["Cleave","Body Slam"],"picked":"Headbutt"},{"not_picked":["Dropkick","Anger"],"picked":"Offering"},{"not_picked":["Feed","Barricade"],"picked":"Demon Form"},{"not_picked":["True Grit","Iron Wave"],"picked":"Flame Barrier"}],"player_experience":18418,"potions_floor_usage":[16,16,16],"damage_taken":[{"damage":0,"enemies":"2 Louse","floor":1,"turns":1},{"damage":0,"enemies":"Cultist","floor":5,"turns":1},{"damage":0,"enemies":"3 Sentries","floor":6,"turns":2},{"damage":59,"enemies":"Gremlin Nob","floor":8,"turns":6},{"damage":6,"enemies":"Jaw Worm","floor":11,"turns":2},{"damage":4,"enemies":"2 Fungi Beasts","floor":12,"turns":3},{"damage":27,"enemies":"The Mushroom Lair","floor":13,"turns":4},{"damage":14,"enemies":"Gremlin Gang","floor":14,"turns":5},{"damage":40,"enemies":"Slime Boss","floor":16,"turns":8},{"damage":11,"enemies":"Chosen","floor":18,"turns":6},{"damage":44,"enemies":"2 Thieves","floor":22,"turns":4},{"damage":58,"enemies":"Book of Stabbing","floor":24,"turns":4}],"event_choices":[{"event_name":"Transmorgrifier","player_choice":"Transform","floor":2,"damage_taken":0},{"event_name":"Golden Shrine","player_choice":"Pray","floor":3,"damage_taken":0},{"event_name":"Mushrooms","player_choice":"Fought Mushrooms","floor":13,"damage_taken":0},{"event_name":"Forgotten Altar","player_choice":"Shed Blood","floor":20,"damage_taken":0}],"boss_relics":[{"not_picked":["Orrery","Lizard Tail"],"picked":"Black Blood"}],"potions_floor_spawned":[1,6,8,13,22],"seed_played":"-7880461310746778529","killed_by":"Book of Stabbing","ascension_level":0,"is_trial":false}