{"gold_per_floor":[117,137,150,150,167,198,198,225,225,146,146,162,196,208,208,304,304,317,317,337,349,18,18,46,63,63,33,33,47,61,94,94,197,197,214,268,268,368,422,422,435,465,465,97,97,116,116,127,127,127],"floor_reached":51,"playtime":5159,"items_purged":["Regret"],"score":1002,"play_id":"bc887a5b-e938-4149-9cce-2ac4c297be34","local_time":"20190106222702","is_ascension_mode":true,"campfire_choices":[{"data":"Venomology","floor":7.0,"key":"SMITH"},{"floor":11.0,"key":"REST"},{"floor":15.0,"key":"REST"},{"floor":23.0,"key":"REST"},{"floor":28.0,"key":"REST"},{"floor":32.0,"key":"REST"},{"floor":40.0,"key":"REST"},{"floor":45,"key":"REST"},{"floor":47,"key":"REST"},{"floor":49,"key":"REST"}],"neow_cost":"NONE","seed_source_timestamp":1646029998510483,"circlet_count":0,"master_deck":["Defend_G+1","Defend_G","Defend_G","Defend_G","Strike_G","Strike_G","Strike_G","Strike_G","Strike_G","Survivor+1","Neutralize","Predator","Deflect","Flying Knee","Venomology+1","Blade Dance","Noxious Fumes","Bouncing Flask","Glass Knife","Footwork","Phantasmal Killer","Pain","Shame","Catalyst","Footwork","Sucker Punch","Electrodynamics","White Noise","Iron Wave+1","Sucker Punch","Amplify","Juggernaut","PiercingWail","Backflip","Go for the Eyes+1","Backflip+1","Cold Snap+1"],"special_seed":0,"relics":["Ring of the Snake","Pen Nib","War Paint","Gremlin Horn","Darkstone Periapt","Paper Crane","Ninja Scroll","Calling Bell","Anchor","Shuriken","Mango","Question Card","PrismaticShard","Ancient Tea Set","Bag of Marbles","Du-Vu Doll","HoveringKite","Gambling Chip","Incense Burner","Mummified Hand","FossilizedHelix"],"potions_floor_usage":[46,46,48,48,50,50],"damage_taken":[{"damage":0.0,"enemies":"Cultist","floor":1.0,"turns":3.0},{"damage":2.0,"enemies":"Jaw Worm","floor":2.0,"turns":3.0},{"damage":0.0,"enemies":"2 Louse","floor":3.0,"turns":2.0},{"damage":0.0,"enemies":"Lots of Slimes","floor":5.0,"turns":7.0},{"damage":19.0,"enemies":"3 Sentries","floor":6.0,"turns":9.0},{"damage":16.0,"enemies":"Gremlin Nob","floor":8.0,"turns":4.0},{"damage":14.0,"enemies":"3 Louse","floor":12.0,"turns":3.0},{"damage":14.0,"enemies":"3 Sentries","floor":13.0,"turns":8.0},{"damage":0.0,"enemies":"2 Fungi Beasts","floor":14.0,"turns":2.0},{"damage":2.0,"enemies":"Hexaghost","floor":16.0,"turns":8.0},{"damage":5.0,"enemies":"3 Byrds","floor":18.0,"turns":5.0},{"damage":6.0,"enemies":"Shell Parasite","floor":20.0,"turns":4.0},{"damage":29.0,"enemies":"Snake Plant","floor":21.0,"turns":4.0},{"damage":36.0,"enemies":"Book of Stabbing","floor":24.0,"turns":5.0},{"damage":17.0,"enemies":"Sentry and Sphere","floor":25.0,"turns":6.0},{"damage":2.0,"enemies":"Cultist and Chosen","floor":29.0,"turns":5.0},{"damage":20.0,"enemies":"Snake Plant","floor":30.0,"turns":3.0},{"damage":9.0,"enemies":"Slavers","floor":31.0,"turns":5.0},{"damage":15.0,"enemies":"Champ","floor":33.0,"turns":11.0},{"damage":12.0,"enemies":"Orb Walker","floor":35.0,"turns":3.0},{"damage":37.0,"enemies":"2 Orb Walkers","floor":36.0,"turns":5.0},{"damage":18.0,"enemies":"Mind Bloom Boss Battle","floor":38.0,"turns":7.0},{"damage":5.0,"enemies":"3 Shapes","floor":41.0,"turns":6.0},{"damage":35.0,"enemies":"Nemesis","floor":42.0,"turns":7.0},{"damage":12,"enemies":"3 Darklings","floor":46,"turns":5},{"damage":7,"enemies":"Transient","floor":48,"turns":5},{"damage":93,"enemies":"Awakened One","floor":50,"turns":16}],"seed_played":"-1432209562348013397","potions_obtained":[{"floor":1.0,"key":"Energy Potion"},{"floor":2.0,"key":"Regen Potion"},{"floor":13.0,"key":"GhostInAJar"},{"floor":14.0,"key":"Swift Potion"},{"floor":16.0,"key":"Regen Potion"},{"floor":24.0,"key":"Block Potion"},{"floor":25.0,"key":"GhostInAJar"},{"floor":27.0,"key":"Strength Potion"},{"floor":27.0,"key":"Regen Potion"},{"floor":30.0,"key":"EssenceOfSteel"},{"floor":33.0,"key":"Regen Potion"},{"floor":36.0,"key":"Block Potion"},{"floor":42.0,"key":"Strength Potion"},{"floor":46,"key":"Block Potion"}],"is_trial":false,"path_per_floor":["M","M","M","?","M","E","R","E","T","$","R","M","E","M","R","B",null,"M","?","M","M","$","R","E","M","T","?","R","M","M","E","R","B",null,"M","?","?","?","T","R","M","E","T","$","R","M","R","M","R","B",null],"character_chosen":"THE_SILENT","items_purchased":["Noxious Fumes","PrismaticShard","Fire Potion","FossilizedHelix","GhostInAJar"],"campfire_rested":9,"item_purchase_floors":[10,22,22,44,44],"current_hp_per_floor":[63,61,61,49,49,45,45,29,29,29,50,36,22,22,43,41,95,90,90,84,69,69,99,63,46,46,46,76,86,66,57,87,72,95,90,53,53,35,35,65,60,25,25,25,55,43,73,66,96,3],"gold":127,"neow_bonus":"RANDOM_COMMON_RELIC","is_prod":false,"is_daily":false,"chose_seed":false,"campfire_upgraded":1,"win_rate":0,"timestamp":1546831622,"path_taken":["M","M","?","?","M","E","R","E","T","$","R","M","E","M","R","BOSS","M","?","?","M","$","R","E","M","T","?","R","M","?","E","R","BOSS","M","?","?","?","?","R","M","E","T","?","R","M","R","M","R","BOSS"],"build_version":"2019-01-03v4","purchased_purges":1,"victory":true,"max_hp_per_floor":[70,70,70,70,70,70,70,70,70,70,70,70,70,70,70,70,102,102,102,102,102,102,102,102,102,102,102,102,102,102,102,102,102,102,102,102,102,102,102,102,102,102,102,102,102,102,102,102,102,102],"card_choices":[{"not_picked":["Bane","PiercingWail"],"picked":"Predator","floor":1.0},{"not_picked":["Deadly Poison","Concentrate"],"picked":"Deflect","floor":2.0},{"not_picked":["Dagger Throw","Deadly Poison"],"picked":"Flying Knee","floor":3.0},{"not_picked":["Poisoned Stab","Choke"],"picked":"Venomology","floor":5.0},{"not_picked":["Eviscerate","Prepared","Predator"],"picked":"SKIP","floor":6.0},{"not_picked":["PiercingWail","Backflip"],"picked":"Blade Dance","floor":8.0},{"not_picked":["Quick Slash","Eviscerate"],"picked":"Bouncing Flask","floor":12.0},{"not_picked":["Dagger Throw","Predator"],"picked":"Glass Knife","floor":13.0},{"not_picked":["Sucker Punch","Well Laid Plans"],"picked":"Footwork","floor":14.0},{"not_picked":["Grand Finale","Venomology"],"picked":"Phantasmal Killer","floor":16.0},{"not_picked":["Poisoned Stab","Quick Slash+1"],"picked":"Catalyst","floor":18.0},{"not_picked":["All Out Attack+1","Dash+1","Well Laid Plans"],"picked":"Footwork","floor":20.0},{"not_picked":["Quick Slash","Slice","Outmaneuver"],"picked":"Sucker Punch","floor":21.0},{"not_picked":["Intimidate+1","Expertise","Reprogram"],"picked":"Electrodynamics","floor":24.0},{"not_picked":["Clothesline","Static Discharge","Coolheaded"],"picked":"White Noise","floor":25.0},{"not_picked":["Beam Cell","Headbutt","Clash+1"],"picked":"Iron Wave+1","floor":29.0},{"not_picked":["Conserve Battery+1","Quick Slash","Storm"],"picked":"Sucker Punch","floor":30.0},{"not_picked":["Cloak And Dagger","Dagger Spray","Rip and Tear"],"picked":"Amplify","floor":31.0},{"not_picked":["Bludgeon","All For One","Transmutation"],"picked":"Juggernaut","floor":33.0},{"not_picked":["Burning Pact+1","Outmaneuver","Rupture"],"picked":"PiercingWail","floor":35.0},{"not_picked":["Bane","Cleave","Rebound+1"],"picked":"Backflip","floor":38.0},{"not_picked":["Conserve Battery+1","Well Laid Plans","Ghostly Armor+1"],"picked":"Go for the Eyes+1","floor":41.0},{"not_picked":["Dagger Spray+1","Force Field+1","Dagger Throw+1"],"picked":"Backflip+1","floor":42.0},{"not_picked":["Sentinel+1","Prepared+1","Feed","Auto Shields+1"],"picked":"SKIP","floor":46},{"not_picked":["All Out Attack","Blade Dance","Backflip"],"picked":"Cold Snap+1","floor":48}],"player_experience":415915,"relics_obtained":[{"floor":6.0,"key":"Gremlin Horn"},{"floor":8.0,"key":"Darkstone Periapt"},{"floor":9.0,"key":"Paper Crane"},{"floor":13.0,"key":"Ninja Scroll"},{"floor":17.0,"key":"Anchor"},{"floor":17.0,"key":"Shuriken"},{"floor":17.0,"key":"Mango"},{"floor":24.0,"key":"Ancient Tea Set"},{"floor":26.0,"key":"Bag of Marbles"},{"floor":31.0,"key":"Du-Vu Doll"},{"floor":36.0,"key":"Gambling Chip"},{"floor":38.0,"key":"Incense Burner"},{"floor":42.0,"key":"Mummified Hand"}],"event_choices":[{"damage_healed":0.0,"max_hp_gain":0.0,"max_hp_loss":0.0,"gold_gain":0.0,"event_name":"Scrap Ooze","player_choice":"Success","floor":4.0,"gold_loss":0.0,"damage_taken":12.0,"relics_obtained":["War Paint"]},{"damage_healed":0.0,"max_hp_gain":0.0,"max_hp_loss":0.0,"gold_gain":0.0,"event_name":"WeMeetAgain","player_choice":"Gave Potion","floor":19.0,"gold_loss":0.0,"damage_taken":0.0,"relics_obtained":["Question Card"]},{"damage_healed":0.0,"max_hp_gain":0.0,"max_hp_loss":0.0,"gold_gain":0.0,"event_name":"The Woman in Blue","player_choice":"Bought 2 Potions","floor":27.0,"gold_loss":0.0,"damage_taken":0.0},{"damage_healed":0.0,"max_hp_gain":0.0,"max_hp_loss":0.0,"gold_gain":0.0,"event_name":"Mysterious Sphere","player_choice":"Fight","floor":36.0,"gold_loss":0.0,"damage_taken":0.0},{"cards_removed":["Defend_G"],"damage_healed":0.0,"max_hp_gain":0.0,"max_hp_loss":0.0,"gold_gain":0.0,"event_name":"Falling","player_choice":"Removed Skill","floor":37.0,"gold_loss":0.0,"damage_taken":0.0},{"damage_healed":0.0,"max_hp_gain":0.0,"max_hp_loss":0.0,"gold_gain":0.0,"event_name":"MindBloom","player_choice":"Fight","floor":38.0,"gold_loss":0.0,"damage_taken":0.0}],"is_beta":false,"boss_relics":[{"not_picked":["Orrery","Tiny House"],"picked":"Calling Bell"},{"not_picked":["White Beast Statue","Empty Cage"],"picked":"HoveringKite"}],"items_purged_floors":[22],"is_endless":false,"potions_floor_spawned":[1,2,13,14,16,18,24,25,30,33,36,42,46],"ascension_level":7}