{"path_per_floor":["M","?","$","M","?","E","M","R","T","E","M","R","M","M","R","B",null,"M","M","T","?","?"],"character_chosen":"THE_SILENT","items_purchased":[],"gold_per_floor":[112,112,112,130,205,237,257,257,257,290,309,309,325,337,337,442,442,460,480,504,504,504,504],"floor_reached":23,"campfire_rested":2,"playtime":1101,"current_hp_per_floor":[64,69,69,66,55,33,30,30,30,3,1,23,15,11,33,24,62,50,31,31,31,31,0],"items_purged":[],"gold":504,"score":251,"play_id":"cdc5c23a-842e-473e-b917-c3d6ebbe0ff5","local_time":"20180417215028","is_prod":false,"is_daily":false,"chose_seed":false,"is_ascension_mode":true,"campfire_upgraded":1,"timestamp":1524019828,"path_taken":["M","?","$","M","?","E","?","R","T","E","M","R","M","M","R","BOSS","M","M","?","?","?","E"],"build_version":"2018-04-12","seed_source_timestamp":0,"purchased_purges":0,"victory":false,"master_deck":["Defend_G+1","Defend_G+1","Defend_G+1","Defend_G+1","Strike_G+1","Strike_G+1","Strike_G+1","Survivor","Neutralize","Bane","Poisoned Stab","PiercingWail","Noxious Fumes+1","Calculated Gamble","Backstab","Bouncing Flask","Flying Knee","Corpse Explosion","Dash+1","Storm of Steel+1","Dash+1","Crippling Poison+1","Terror"],"max_hp_per_floor":[70,75,75,75,75,75,75,75,75,75,75,75,75,75,75,75,75,75,75,75,75,75,75],"relics":["Ring of the Snake","Smiling Mask","Bottled Tornado","Gambling Chip","Astrolabe","Juzu Bracelet","Bronze Scales"],"card_choices":[{"not_picked":["Skewer","Prepared"],"picked":"Bane","floor":1.0},{"not_picked":["Underhanded Strike","Leg Sweep"],"picked":"Poisoned Stab","floor":4.0},{"not_picked":["Phantasmal Killer","Flechettes"],"picked":"PiercingWail","floor":6.0},{"not_picked":["Expertise","Reflex"],"picked":"Noxious Fumes","floor":7.0},{"not_picked":["All Out Attack","Slice"],"picked":"Calculated Gamble","floor":10.0},{"not_picked":["Reflex","Sucker Punch"],"picked":"Backstab","floor":11.0},{"not_picked":["Underhanded Strike","Eviscerate"],"picked":"Bouncing Flask","floor":13.0},{"not_picked":["Underhanded Strike","All Out Attack"],"picked":"Flying Knee","floor":14.0},{"not_picked":["Wraith Form v2","Envenom"],"picked":"Corpse Explosion","floor":16.0},{"not_picked":["Eviscerate","Dagger Throw"],"picked":"Crippling Poison","floor":18},{"not_picked":["Cloak And Dagger","Endless Agony"],"picked":"Terror","floor":19}],"player_experience":173347,"potions_floor_usage":[23,23],"damage_taken":[{"damage":6.0,"enemies":"2 Louse","floor":1.0,"turns":3.0},{"damage":3.0,"enemies":"Jaw Worm","floor":4.0,"turns":4.0},{"damage":22.0,"enemies":"3 Sentries","floor":6.0,"turns":11.0},{"damage":3.0,"enemies":"Small Slimes","floor":7.0,"turns":3.0},{"damage":27.0,"enemies":"Gremlin Nob","floor":10.0,"turns":4.0},{"damage":2.0,"enemies":"Red Slaver","floor":11.0,"turns":3.0},{"damage":8.0,"enemies":"Large Slime","floor":13.0,"turns":6.0},{"damage":4.0,"enemies":"Exordium Wildlife","floor":14.0,"turns":4.0},{"damage":9.0,"enemies":"Slime Boss","floor":16.0,"turns":9.0},{"damage":12,"enemies":"3 Byrds","floor":18,"turns":5},{"damage":19,"enemies":"2 Thieves","floor":19,"turns":4},{"damage":37,"enemies":"Gremlin Leader","floor":23,"turns":5}],"event_choices":[{"event_name":"Big Fish","player_choice":"Donut","floor":2.0,"damage_taken":0.0},{"event_name":"World of Goop","player_choice":"Gather Gold","floor":5.0,"damage_taken":0.0},{"event_name":"The Mausoleum","player_choice":"Yes","floor":21,"damage_taken":0},{"event_name":"Back to Basics","player_choice":"Simplicity","floor":22,"damage_taken":0}],"boss_relics":[{"not_picked":["Orrery","White Beast Statue"],"picked":"Astrolabe"}],"potions_floor_spawned":[10,13,14,16,19],"seed_played":"9155109860128488351","killed_by":"Gremlin Leader","ascension_level":5,"is_trial":false}