{"gold_per_floor":[216,216,228,303,6,6,18,38,38,72,72,86,86,146,146,241,241,259,259,259,270,288,317,317,329,352,382,394,422,16,16,16,121,121,135,135,135,151,170,170,200,100,100,100,100,9,9],"floor_reached":47,"playtime":2000,"items_purged":["Strike_B+1","Strike_B+1"],"score":568,"play_id":"9dd2bbf3-296c-4299-a6b9-5caca2e62436","local_time":"20190110230435","is_ascension_mode":true,"campfire_choices":[{"data":"Zap","floor":6,"key":"SMITH"},{"data":"Redo","floor":11,"key":"SMITH"},{"data":"Defragment","floor":13,"key":"SMITH"},{"floor":15,"key":"REST"},{"floor":24,"key":"REST"},{"data":"Darkness","floor":32,"key":"SMITH"},{"data":"Storm","floor":40,"key":"SMITH"}],"neow_cost":"NONE","seed_source_timestamp":1260545112745,"circlet_count":0,"master_deck":["Strike_B+1","Defend_B+1","Defend_B+1","Zap+1","Dualcast","Reinforced Body","Coolheaded","Tempest","Compile Driver","Steam","Defragment+1","Redo+1","Seek","Conserve Battery","Biased Cognition","FTL","Turbo","White Noise+1","Darkness+1","Cold Snap","Conserve Battery","Storm+1","Core Surge","White Noise","Conserve Battery","Jack Of All Trades"],"relics":["Cracked Core","Runic Capacitor","Oddly Smooth Stone","Symbiotic Virus","Ginger","Black Star","MutagenicStrength","Potion Belt","Juzu Bracelet","MawBank","DataDisk","Lee\u0027s Waffle","Busted Crown","Omamori","Dream Catcher","Incense Burner","Dodecahedron","Sundial"],"potions_floor_usage":[10,14,14,21,23,28,29,29,41],"damage_taken":[{"damage":1,"enemies":"Cultist","floor":1,"turns":3},{"damage":0,"enemies":"Small Slimes","floor":3,"turns":4},{"damage":5,"enemies":"Jaw Worm","floor":7,"turns":3},{"damage":0,"enemies":"2 Fungi Beasts","floor":8,"turns":4},{"damage":5,"enemies":"Lagavulin","floor":10,"turns":6},{"damage":0,"enemies":"Looter","floor":12,"turns":3},{"damage":7,"enemies":"Lagavulin Event","floor":14,"turns":4},{"damage":24,"enemies":"The Guardian","floor":16,"turns":8},{"damage":3,"enemies":"Spheric Guardian","floor":18,"turns":3},{"damage":0,"enemies":"Shell Parasite","floor":21,"turns":3},{"damage":21,"enemies":"Snecko","floor":22,"turns":4},{"damage":32,"enemies":"Gremlin Leader","floor":23,"turns":6},{"damage":10,"enemies":"Snake Plant","floor":25,"turns":3},{"damage":15,"enemies":"Centurion and Healer","floor":27,"turns":4},{"damage":18,"enemies":"Snecko","floor":29,"turns":3},{"damage":36,"enemies":"Automaton","floor":33,"turns":8},{"damage":19,"enemies":"Orb Walker","floor":35,"turns":4},{"damage":13,"enemies":"3 Darklings","floor":38,"turns":3},{"damage":14,"enemies":"Sphere and 2 Shapes","floor":39,"turns":5},{"damage":24,"enemies":"Giant Head","floor":41,"turns":8},{"damage":18,"enemies":"Writhing Mass","floor":47,"turns":2}],"seed_played":"5850949534298267672","potions_obtained":[{"floor":7,"key":"LiquidBronze"},{"floor":8,"key":"Energy Potion"},{"floor":12,"key":"EssenceOfSteel"},{"floor":14,"key":"Dexterity Potion"},{"floor":16,"key":"SneckoOil"},{"floor":18,"key":"AttackPotion"},{"floor":28,"key":"Fruit Juice"},{"floor":28,"key":"Fire Potion"},{"floor":28,"key":"Regen Potion"},{"floor":33,"key":"GamblersBrew"},{"floor":38,"key":"Energy Potion"}],"is_trial":false,"path_per_floor":["M","?","M","?","$","R","M","M","T","E","R","M","R","?","R","B",null,"M","?","?","M","M","E","R","M","T","M","?","M","$","?","R","B",null,"M","?","?","M","M","R","E","$","T","T","?","$","M"],"character_chosen":"DEFECT","items_purchased":["Runic Capacitor","Tempest","Compile Driver","DataDisk","Lee\u0027s Waffle","Jack Of All Trades"],"campfire_rested":2,"item_purchase_floors":[5,5,5,30,30,46],"current_hp_per_floor":[74,67,67,56,56,56,51,51,51,46,46,46,46,39,61,37,75,72,72,72,72,51,19,41,31,31,16,21,8,87,87,87,51,87,68,68,68,55,41,41,17,17,17,17,17,17,0],"gold":9,"neow_bonus":"HUNDRED_GOLD","is_prod":false,"is_daily":false,"chose_seed":false,"campfire_upgraded":5,"win_rate":0,"timestamp":1547157875,"path_taken":["M","?","M","?","$","R","M","M","T","E","R","M","R","?","R","BOSS","M","?","?","M","M","E","R","M","T","M","?","M","$","?","R","BOSS","M","?","?","M","M","R","E","$","T","?","?","?","M"],"build_version":"2019-01-09","purchased_purges":2,"victory":false,"max_hp_per_floor":[75,75,75,75,75,75,75,75,75,75,75,75,75,75,75,75,75,75,75,75,75,75,75,75,75,75,75,80,80,87,87,87,87,87,87,87,87,87,87,87,87,87,87,87,87,87,87],"card_choices":[{"not_picked":["Redo","Barrage"],"picked":"Reinforced Body","floor":1},{"not_picked":["Force Field","Auto Shields"],"picked":"Coolheaded","floor":3},{"not_picked":["Barrage","Loop"],"picked":"Steam","floor":7},{"not_picked":["Consume","Skim"],"picked":"Defragment","floor":8},{"not_picked":["Leap","Beam Cell"],"picked":"Redo","floor":10},{"not_picked":["Double Energy","Redo"],"picked":"Seek","floor":12},{"not_picked":["Barrage","Static Discharge"],"picked":"Conserve Battery","floor":14},{"not_picked":["Meteor Strike","Machine Learning"],"picked":"Biased Cognition","floor":16},{"not_picked":["Cold Snap","Rebound"],"picked":"FTL","floor":18},{"not_picked":["Hologram","Gash"],"picked":"Turbo","floor":21},{"not_picked":["Streamline+1","Seek"],"picked":"White Noise+1","floor":22},{"not_picked":["Go for the Eyes+1","Undo+1"],"picked":"Darkness","floor":23},{"not_picked":["Rebound","Doom and Gloom"],"picked":"Cold Snap","floor":25},{"not_picked":["Compile Driver","Skim+1"],"picked":"Conserve Battery","floor":27},{"not_picked":["Fusion+1","Undo","Hologram"],"picked":"SKIP","floor":29},{"not_picked":["All For One","Rainbow"],"picked":"Core Surge","floor":33},{"not_picked":[],"picked":"White Noise","floor":35},{"not_picked":["Cold Snap"],"picked":"SKIP","floor":38},{"not_picked":["Hologram+1"],"picked":"SKIP","floor":39},{"not_picked":["Compile Driver"],"picked":"SKIP","floor":41}],"player_experience":174077,"relics_obtained":[{"floor":9,"key":"Oddly Smooth Stone"},{"floor":10,"key":"Symbiotic Virus"},{"floor":14,"key":"Ginger"},{"floor":23,"key":"Potion Belt"},{"floor":23,"key":"Juzu Bracelet"},{"floor":26,"key":"MawBank"},{"floor":41,"key":"Dream Catcher"},{"floor":41,"key":"Incense Burner"},{"floor":43,"key":"Dodecahedron"},{"floor":44,"key":"Sundial"}],"event_choices":[{"cards_removed":["Defend_B"],"damage_healed":0,"gold_gain":0,"player_choice":"Card Removal","damage_taken":7,"max_hp_gain":0,"max_hp_loss":0,"event_name":"Golden Wing","floor":2,"gold_loss":0},{"damage_healed":0,"gold_gain":75,"player_choice":"Gather Gold","damage_taken":11,"max_hp_gain":0,"max_hp_loss":0,"event_name":"World of Goop","floor":4,"gold_loss":0},{"damage_healed":0,"gold_gain":30,"player_choice":"Searched \u00273\u0027 times","damage_taken":0,"max_hp_gain":0,"max_hp_loss":0,"event_name":"Dead Adventurer","floor":14,"gold_loss":0},{"damage_healed":0,"gold_gain":0,"player_choice":"Inject Mutagens","damage_taken":0,"relics_obtained":["MutagenicStrength"],"max_hp_gain":0,"max_hp_loss":0,"event_name":"Drug Dealer","floor":19,"gold_loss":0},{"damage_healed":0,"gold_gain":0,"player_choice":"Simplicity","damage_taken":0,"max_hp_gain":0,"max_hp_loss":0,"event_name":"Back to Basics","floor":20,"gold_loss":0,"cards_upgraded":["Strike_B","Strike_B","Strike_B","Strike_B","Defend_B","Defend_B","Defend_B"]},{"damage_healed":0,"gold_gain":0,"player_choice":"Got Potions","damage_taken":0,"max_hp_gain":0,"max_hp_loss":0,"event_name":"Lab","floor":28,"gold_loss":0},{"damage_healed":0,"gold_gain":0,"player_choice":"Read","damage_taken":0,"max_hp_gain":0,"max_hp_loss":0,"event_name":"The Library","floor":31,"gold_loss":0,"cards_obtained":["Storm"]},{"cards_removed":["Defend_B"],"damage_healed":0,"gold_gain":0,"player_choice":"Purged","damage_taken":0,"max_hp_gain":0,"max_hp_loss":0,"event_name":"Purifier","floor":36,"gold_loss":0},{"damage_healed":0,"gold_gain":0,"player_choice":"Gave Potion","damage_taken":0,"relics_obtained":["Omamori"],"max_hp_gain":0,"max_hp_loss":0,"event_name":"WeMeetAgain","floor":37,"gold_loss":0},{"damage_healed":0,"gold_gain":0,"cards_transformed":["Strike_B"],"player_choice":"Transformed","damage_taken":0,"max_hp_gain":0,"max_hp_loss":0,"event_name":"Transmorgrifier","floor":45,"gold_loss":0,"cards_obtained":["Conserve Battery"]}],"is_beta":true,"boss_relics":[{"not_picked":["White Beast Statue","Ectoplasm"],"picked":"Black Star"},{"not_picked":["Velvet Choker","Coffee Dripper"],"picked":"Busted Crown"}],"items_purged_floors":[30,42],"is_endless":false,"potions_floor_spawned":[7,8,12,14,16,18,33,38],"killed_by":"Writhing Mass","ascension_level":4}