{"gold_per_floor":[113,132,151,326,401,401,433,433,433,433,433,433,403,438,438,438],"floor_reached":16,"playtime":648,"items_purged":[],"score":164,"play_id":"3b9c662c-22b0-4c3c-b1f4-12c179c53ed4","local_time":"20190119092751","is_ascension_mode":true,"campfire_choices":[{"data":"Neutralize","floor":6,"key":"SMITH"},{"floor":8,"key":"REST"},{"floor":11,"key":"REST"},{"floor":15,"key":"REST"}],"neow_cost":"NONE","seed_source_timestamp":487785182066474,"circlet_count":0,"master_deck":["AscendersBane","Defend_G","Defend_G","Defend_G","Defend_G","Defend_G","Strike_G","Strike_G","Strike_G","Strike_G","Strike_G","Survivor","Neutralize+1","Blur","Flying Knee","Blade Dance","Calculated Gamble","Poisoned Stab","Accuracy+1"],"relics":["Ring of the Snake","Smiling Mask","Frozen Egg 2","Letter Opener","Matryoshka","Toxic Egg 2"],"potions_floor_usage":[],"damage_taken":[{"damage":0,"enemies":"Small Slimes","floor":1,"turns":6},{"damage":2,"enemies":"Jaw Worm","floor":2,"turns":6},{"damage":2,"enemies":"2 Louse","floor":3,"turns":4},{"damage":45,"enemies":"Lagavulin","floor":7,"turns":11},{"damage":4,"enemies":"Looter","floor":13,"turns":4},{"damage":27,"enemies":"3 Sentries","floor":14,"turns":9},{"damage":29,"enemies":"Hexaghost","floor":16,"turns":10}],"seed_played":"-6031445028208726749","potions_obtained":[{"floor":1,"key":"Energy Potion"},{"floor":3,"key":"LiquidBronze"}],"is_trial":false,"path_per_floor":["M","M","M","?","?","R","E","R","T","?","R","T","M","E","R","B"],"character_chosen":"THE_SILENT","items_purchased":[],"campfire_rested":3,"item_purchase_floors":[],"current_hp_per_floor":[63,61,59,59,48,48,3,24,24,17,38,38,34,7,28,0],"gold":438,"neow_bonus":"RANDOM_COMMON_RELIC","is_prod":false,"is_daily":false,"chose_seed":false,"campfire_upgraded":1,"win_rate":0,"timestamp":1547911671,"path_taken":["M","M","M","?","?","R","E","R","T","?","R","?","M","E","R","BOSS"],"build_version":"2019-01-17v2","purchased_purges":0,"victory":false,"max_hp_per_floor":[70,70,70,70,70,70,70,70,70,70,70,70,70,70,70,70],"card_choices":[{"not_picked":["Reflex","Skewer"],"picked":"Blur","floor":1},{"not_picked":["Deflect","Deadly Poison"],"picked":"Flying Knee","floor":2},{"not_picked":["Flechettes","Bane"],"picked":"Blade Dance","floor":3},{"not_picked":["Flechettes","Underhanded Strike"],"picked":"Calculated Gamble","floor":7},{"not_picked":["Deflect","Riddle With Holes"],"picked":"Poisoned Stab","floor":13},{"not_picked":["Dagger Spray","Blade Dance"],"picked":"Accuracy+1","floor":14}],"player_experience":463744,"relics_obtained":[{"floor":7,"key":"Frozen Egg 2"},{"floor":9,"key":"Letter Opener"},{"floor":12,"key":"Matryoshka"},{"floor":14,"key":"Toxic Egg 2"}],"event_choices":[{"damage_healed":0,"gold_gain":175,"player_choice":"AGREE","damage_taken":0,"max_hp_gain":0,"max_hp_loss":0,"event_name":"Liars Game","floor":4,"gold_loss":0,"cards_obtained":["Doubt"]},{"damage_healed":0,"gold_gain":75,"player_choice":"Gather Gold","damage_taken":11,"max_hp_gain":0,"max_hp_loss":0,"event_name":"World of Goop","floor":5,"gold_loss":0},{"cards_removed":["Doubt"],"damage_healed":0,"gold_gain":0,"player_choice":"Card Removal","damage_taken":7,"max_hp_gain":0,"max_hp_loss":0,"event_name":"Golden Wing","floor":10,"gold_loss":0}],"is_beta":false,"boss_relics":[],"items_purged_floors":[],"is_endless":false,"potions_floor_spawned":[1,3],"killed_by":"Hexaghost","ascension_level":11}