{"gold_per_floor":[114,114,77,37,47,47,75,86,86,99,99,99,13,31,31,110,110,120,120,120,153,172,172],"floor_reached":23,"playtime":1321,"items_purged":[],"score":375,"play_id":"e2cd4a74-a39d-42c2-be93-45af4b69b5fc","local_time":"20181121164011","is_ascension_mode":true,"campfire_choices":[{"data":"Zap","floor":6,"key":"SMITH"},{"floor":11,"key":"REST"},{"data":"Defragment","floor":15,"key":"SMITH"}],"neow_cost":"PERCENT_DAMAGE","seed_source_timestamp":513677288966598,"circlet_count":0,"master_deck":["AscendersBane","Defend_B","Defend_B","Defend_B","Defend_B","Zap+1","Dualcast","Coolheaded","Storm","Compile Driver","Conserve Battery","Defragment+1","Cold Snap","FTL","Compile Driver","Electrodynamics","Storm","Bite","Bite","Bite","Bite","Bite","Stack","Reinforced Body"],"relics":["Cracked Core","Bird Faced Urn","Pear","Question Card","Eternal Feather","The Courier","Red Mask"],"potions_floor_usage":[7,12,14,23,23],"damage_taken":[{"damage":10,"enemies":"Small Slimes","floor":1,"turns":3},{"damage":4,"enemies":"2 Louse","floor":5,"turns":2},{"damage":24,"enemies":"Gremlin Nob","floor":7,"turns":4},{"damage":2,"enemies":"Jaw Worm","floor":8,"turns":5},{"damage":14,"enemies":"3 Louse","floor":10,"turns":3},{"damage":2,"enemies":"Red Slaver","floor":14,"turns":3},{"damage":22,"enemies":"Slime Boss","floor":16,"turns":13},{"damage":34,"enemies":"Shell Parasite","floor":18,"turns":6},{"damage":12,"enemies":"Masked Bandits","floor":21,"turns":2},{"damage":48,"enemies":"2 Thieves","floor":22,"turns":5},{"damage":26,"enemies":"Book of Stabbing","floor":23,"turns":5}],"seed_played":"-8819286182360253733","potions_obtained":[{"floor":1,"key":"Energy Potion"},{"floor":7,"key":"Strength Potion"},{"floor":12,"key":"Fruit Juice"},{"floor":12,"key":"Swift Potion"},{"floor":21,"key":"Fire Potion"},{"floor":22,"key":"Block Potion"}],"is_trial":false,"path_per_floor":["M","?","$","?","M","R","E","M","T","M","R","?","$","M","R","B",null,"M","T","?","?","M","E"],"character_chosen":"DEFECT","items_purchased":["Storm","FTL"],"campfire_rested":1,"item_purchase_floors":[3,13],"current_hp_per_floor":[36,41,41,41,39,39,25,25,25,15,40,45,45,47,47,29,76,48,48,48,42,12,0],"gold":172,"neow_bonus":"ONE_RARE_RELIC","is_prod":false,"is_daily":false,"chose_seed":false,"campfire_upgraded":2,"win_rate":0,"timestamp":1542847211,"path_taken":["M","?","$","?","M","R","E","?","T","M","R","?","$","M","R","BOSS","M","?","?","?","M","E"],"build_version":"2018-11-15","purchased_purges":0,"victory":false,"max_hp_per_floor":[71,76,76,76,76,76,86,86,86,86,86,91,91,91,91,91,91,91,91,63,63,63,63],"card_choices":[{"not_picked":["Consume","Leap"],"picked":"Coolheaded","floor":1},{"not_picked":["Rip and Tear","Skim"],"picked":"Compile Driver","floor":5},{"not_picked":["Multi-Cast","Hologram"],"picked":"Conserve Battery","floor":7},{"not_picked":["Redo","White Noise"],"picked":"Defragment","floor":8},{"not_picked":["Stack","Fusion","Genetic Algorithm"],"picked":"Cold Snap","floor":10},{"not_picked":["Turbo","Beam Cell","Steam"],"picked":"Compile Driver","floor":14},{"not_picked":["Creative AI","Thunder Strike","Fission"],"picked":"Electrodynamics","floor":16},{"not_picked":["Turbo","Rip and Tear","Aggregate"],"picked":"Storm","floor":18},{"not_picked":["Rip and Tear","Rebound","Coolheaded"],"picked":"Stack","floor":21},{"not_picked":["Stack+1","Blizzard","Beam Cell"],"picked":"Reinforced Body","floor":22}],"player_experience":1360756,"relics_obtained":[{"floor":7,"key":"Pear"},{"floor":9,"key":"Question Card"},{"floor":19,"key":"The Courier"},{"floor":21,"key":"Red Mask"}],"event_choices":[{"damage_healed":0,"gold_gain":0,"player_choice":"Donut","damage_taken":0,"max_hp_gain":5,"max_hp_loss":0,"event_name":"Big Fish","floor":2,"gold_loss":0},{"damage_healed":0,"gold_gain":0,"player_choice":"Left Gold","damage_taken":0,"max_hp_gain":0,"max_hp_loss":0,"event_name":"World of Goop","floor":4,"gold_loss":40},{"damage_healed":0,"gold_gain":0,"player_choice":"Got Potions","damage_taken":0,"max_hp_gain":0,"max_hp_loss":0,"event_name":"Lab","floor":12,"gold_loss":0},{"damage_healed":0,"gold_gain":0,"player_choice":"Became a vampire","damage_taken":0,"max_hp_gain":0,"max_hp_loss":28,"event_name":"Vampires","floor":20,"gold_loss":0,"cards_obtained":["Bite","Bite","Bite","Bite","Bite"]},{"damage_healed":0,"gold_gain":0,"player_choice":"Fought Bandits","damage_taken":0,"max_hp_gain":0,"max_hp_loss":0,"event_name":"Masked Bandits","floor":21,"gold_loss":0}],"is_beta":false,"boss_relics":[{"not_picked":["Lizard Tail","Calling Bell"],"picked":"Eternal Feather"}],"items_purged_floors":[],"is_endless":false,"potions_floor_spawned":[1,7,21,22],"killed_by":"Book of Stabbing","ascension_level":17}