{"path_per_floor":["M","M","?","M","?","R","E","R","T","E","R","?","R","E","R","B",null,"M","?","?","M","M","$","R","$","T","?","E","R","E","M","R"],"character_chosen":"IRONCLAD","items_purchased":["Paper Frog","Flex"],"gold_per_floor":[114,126,126,147,222,222,256,256,256,287,287,287,287,331,331,460,460,481,481,481,499,524,206,206,61,61,61,95,95,128,143,143,143],"floor_reached":33,"campfire_rested":5,"playtime":1359,"current_hp_per_floor":[74,57,57,57,46,70,48,48,48,36,60,60,60,48,72,68,80,56,56,56,56,35,35,35,35,35,35,24,40,24,17,33,0],"items_purged":["Perfected Strike","Defend_R"],"gold":143,"score":355,"play_id":"e20bf28a-bc05-4f8b-97d8-594e6fd03bef","local_time":"20180401095329","is_prod":false,"is_daily":false,"is_ascension_mode":true,"campfire_upgraded":3,"timestamp":1522594409,"path_taken":["M","M","?","M","?","R","E","R","T","E","R","?","R","E","R","BOSS","M","?","?","M","?","$","R","$","T","?","E","R","E","M","R","BOSS"],"build_version":"2018-03-29v2","purchased_purges":2,"victory":false,"master_deck":["Defend_R","Defend_R","Defend_R","Bash+1","Spot Weakness+1","Evolve","Offering","Thunderclap","Limit Break+1","Rupture","Bite","Bite","Bite","Bite","Bite","Thunderclap","Bloodletting+1","Flex","Flex","Heavy Blade","Clothesline+1"],"max_hp_per_floor":[80,80,80,80,80,80,80,80,80,80,80,80,80,80,80,80,80,80,56,56,56,56,56,56,56,56,56,56,56,56,56,56,56],"relics":["Black Blood","Golden Idol","Omamori","Orichalcum","Charon\u0027s Ashes","Ornamental Fan","Paper Frog","Anchor","Gremlin Horn","Toxic Egg 2"],"card_choices":[{"not_picked":["Pummel","Clash"],"picked":"Perfected Strike","floor":2},{"not_picked":["Entrench","Heavy Blade"],"picked":"Spot Weakness","floor":4},{"not_picked":["Rampage","Ghostly Armor"],"picked":"Evolve","floor":7},{"not_picked":["Sword Boomerang","Rampage"],"picked":"Offering","floor":10},{"not_picked":["Armaments","Headbutt"],"picked":"Thunderclap","floor":14},{"not_picked":["Demon Form","Double Tap"],"picked":"Limit Break","floor":16},{"not_picked":["Entrench","Metallicize"],"picked":"Rupture","floor":18},{"not_picked":["Havoc","Perfected Strike"],"picked":"Thunderclap","floor":21},{"not_picked":["Reckless Charge","Clothesline"],"picked":"Bloodletting","floor":22},{"not_picked":["Carnage","Twin Strike"],"picked":"Flex","floor":28},{"not_picked":["Clash","Havoc"],"picked":"Heavy Blade","floor":30},{"not_picked":["Flame Barrier","Anger"],"picked":"Clothesline","floor":31}],"player_experience":107282,"potions_floor_usage":[10,31,31,33,33],"damage_taken":[{"damage":12,"enemies":"Jaw Worm","floor":1,"turns":2},{"damage":23,"enemies":"Small Slimes","floor":2,"turns":5},{"damage":6,"enemies":"2 Louse","floor":4,"turns":2},{"damage":28,"enemies":"Gremlin Nob","floor":7,"turns":4},{"damage":18,"enemies":"Lagavulin","floor":10,"turns":5},{"damage":18,"enemies":"3 Sentries","floor":14,"turns":5},{"damage":10,"enemies":"Slime Boss","floor":16,"turns":7},{"damage":34,"enemies":"2 Thieves","floor":18,"turns":4},{"damage":10,"enemies":"Chosen","floor":21,"turns":3},{"damage":39,"enemies":"Snecko","floor":22,"turns":5},{"damage":33,"enemies":"Gremlin Leader","floor":28,"turns":4},{"damage":36,"enemies":"Book of Stabbing","floor":30,"turns":4},{"damage":27,"enemies":"Cultist and Chosen","floor":31,"turns":5},{"damage":50,"enemies":"Champ","floor":33,"turns":9}],"event_choices":[{"event_name":"Golden Idol","player_choice":"Take Wound","floor":3,"damage_taken":0},{"event_name":"World of Goop","player_choice":"Gather Gold","floor":5,"damage_taken":0},{"event_name":"Fountain of Cleansing","player_choice":"Removed Curse","floor":12,"damage_taken":0},{"event_name":"Vampires","player_choice":"Became a vampire","floor":19,"damage_taken":0},{"event_name":"Wheel of Change","player_choice":"Curse","floor":20,"damage_taken":0},{"event_name":"The Woman in Blue","player_choice":"Bought 0 Potions","floor":27,"damage_taken":0}],"boss_relics":[{"not_picked":["Runic Pyramid","Tiny House"],"picked":"Black Blood"}],"potions_floor_spawned":[1,2,16,18,28,31],"seed_played":"403271437614265221","killed_by":"Champ","ascension_level":2,"is_trial":false}