{"gold_per_floor":[116,136,136,136,48,78,96,96,96,21,35,35,45,72,72,72],"floor_reached":16,"playtime":657,"items_purged":[],"score":243,"play_id":"bc5af0a2-6932-4641-b249-b8586f6e77cc","local_time":"20190126191924","is_ascension_mode":true,"campfire_choices":[{"data":"Zap","floor":8,"key":"SMITH"},{"data":"Electrodynamics","floor":15,"key":"SMITH"}],"neow_cost":"NONE","seed_source_timestamp":288942417219747,"circlet_count":0,"master_deck":["AscendersBane","Strike_B","Strike_B","Strike_B","Defend_B","Defend_B","Defend_B","Defend_B","Zap+1","Dualcast","Compile Driver","Sunder","Rainbow","Self Repair","Creative AI","Electrodynamics+1"],"relics":["Cracked Core","NeowsBlessing","Singing Bowl","Dead Branch","Meat on the Bone","Pear"],"potions_floor_usage":[11,14],"damage_taken":[{"damage":0,"enemies":"Small Slimes","floor":1,"turns":1},{"damage":0,"enemies":"Jaw Worm","floor":2,"turns":1},{"damage":0,"enemies":"Gremlin Nob","floor":6,"turns":1},{"damage":1,"enemies":"Cultist","floor":7,"turns":3},{"damage":1,"enemies":"2 Fungi Beasts","floor":11,"turns":2},{"damage":11,"enemies":"Large Slime","floor":13,"turns":6},{"damage":31,"enemies":"Lagavulin","floor":14,"turns":6},{"damage":54,"enemies":"Hexaghost","floor":16,"turns":7}],"seed_played":"-8859334220378351951","potions_obtained":[{"floor":1,"key":"SteroidPotion"},{"floor":13,"key":"EssenceOfSteel"}],"is_trial":false,"path_per_floor":["M","M","?","?","$","E","M","R","T","?","M","$","M","E","R","B"],"character_chosen":"DEFECT","items_purchased":["Rainbow"],"campfire_rested":0,"item_purchase_floors":[5],"current_hp_per_floor":[64,64,64,57,57,57,65,65,65,65,64,64,55,53,53,0],"gold":72,"neow_bonus":"THREE_ENEMY_KILL","is_prod":false,"is_daily":false,"chose_seed":false,"campfire_upgraded":2,"win_rate":0,"timestamp":1548555564,"path_taken":["M","M","?","?","$","E","M","R","T","?","M","?","?","E","R","BOSS"],"build_version":"2019-01-23","purchased_purges":0,"victory":false,"max_hp_per_floor":[71,71,71,71,71,71,73,73,73,73,73,73,75,85,85,85],"card_choices":[{"not_picked":["Darkness","Auto Shields"],"picked":"Compile Driver","floor":1},{"not_picked":["Storm","Beam Cell"],"picked":"Sunder","floor":2},{"not_picked":["Stack","Rebound"],"picked":"Self Repair","floor":6},{"not_picked":["Ball Lightning","Go for the Eyes","Stack"],"picked":"Singing Bowl","floor":7},{"not_picked":["Barrage","Cold Snap"],"picked":"Creative AI","floor":11},{"not_picked":["Melter","Go for the Eyes","Beam Cell"],"picked":"Singing Bowl","floor":13},{"not_picked":["Hello World","Static Discharge"],"picked":"Electrodynamics","floor":14}],"player_experience":748453,"relics_obtained":[{"floor":6,"key":"Dead Branch"},{"floor":9,"key":"Meat on the Bone"},{"floor":14,"key":"Pear"}],"event_choices":[{"damage_healed":0,"gold_gain":0,"player_choice":"Box","damage_taken":0,"relics_obtained":["Singing Bowl"],"max_hp_gain":0,"max_hp_loss":0,"event_name":"Big Fish","floor":3,"gold_loss":0,"cards_obtained":["Regret"]},{"cards_removed":["Regret"],"damage_healed":0,"gold_gain":0,"player_choice":"Card Removal","damage_taken":7,"max_hp_gain":0,"max_hp_loss":0,"event_name":"Golden Wing","floor":4,"gold_loss":0},{"cards_removed":["Strike_B"],"damage_healed":0,"gold_gain":0,"player_choice":"Card Removal","damage_taken":0,"max_hp_gain":0,"max_hp_loss":0,"event_name":"The Cleric","floor":10,"gold_loss":75}],"is_beta":false,"boss_relics":[],"items_purged_floors":[],"is_endless":false,"potions_floor_spawned":[1,13],"killed_by":"Hexaghost","ascension_level":16}