{"path_per_floor":["M","M","?","M","M","R","?","R","T","E","M","M","?","M","R","B",null,"M","?","?","M","M","R","E","R","T","M","$","?","R","M","R"],"character_chosen":"THE_SILENT","items_purchased":["Noxious Fumes","Bouncing Flask+1","War Paint"],"gold_per_floor":[110,122,122,140,156,156,156,156,156,182,201,216,316,330,330,434,434,453,453,453,468,484,484,519,519,519,532,262,262,262,281,281,281],"floor_reached":33,"campfire_rested":5,"playtime":2025,"item_purchase_floors":[28,28,28],"current_hp_per_floor":[61,60,48,46,35,35,56,56,56,39,34,28,28,19,37,33,56,56,45,29,17,6,26,2,22,22,6,6,6,26,21,41,0],"items_purged":[],"gold":281,"score":363,"play_id":"cfd39620-26c1-43c6-9621-8f7719d05a56","local_time":"20180609230410","is_prod":false,"is_daily":false,"chose_seed":false,"is_ascension_mode":true,"campfire_upgraded":2,"win_rate":0,"timestamp":1528603450,"campfire_choices":[{"data":"Bane","floor":6,"key":"SMITH"},{"data":"Deadly Poison","floor":8,"key":"SMITH"},{"floor":15,"key":"REST"},{"floor":23,"key":"REST"},{"floor":25,"key":"REST"},{"floor":30,"key":"REST"},{"floor":32,"key":"REST"}],"path_taken":["M","?","?","M","M","R","?","R","T","E","M","?","?","M","R","BOSS","M","?","?","M","M","R","E","R","T","M","$","?","R","M","R","BOSS"],"build_version":"2018-06-07v3","seed_source_timestamp":58144322534412,"purchased_purges":0,"victory":false,"master_deck":["Defend_G+1","Defend_G+1","Defend_G+1","Defend_G+1","Defend_G+1","Strike_G+1","Strike_G+1","Strike_G+1","Strike_G+1","Strike_G+1","Survivor+1","Neutralize","Deadly Poison+1","Flying Knee","Bane+1","Prepared","Footwork","Escape Plan","Sucker Punch","Adrenaline","Crippling Poison","Noxious Fumes","Poisoned Stab+1","PiercingWail+1","Bouncing Flask+1","Noxious Fumes","Bouncing Flask+1","Bane"],"max_hp_per_floor":[63,63,63,63,63,63,63,63,63,63,63,63,63,63,63,63,63,63,68,68,68,68,68,68,68,68,68,68,68,68,68,68,68],"relics":["Ring of the Snake","The Specimen","Tingsha","Paper Crane","Ornamental Fan","Lizard Tail","Enchiridion","Letter Opener","Toxic Egg 2","War Paint"],"card_choices":[{"not_picked":["Riddle With Holes","Backstab"],"picked":"Deadly Poison","floor":1},{"not_picked":["Prepared","Backflip"],"picked":"Flying Knee","floor":2},{"not_picked":["Quick Slash","Underhanded Strike"],"picked":"Bane","floor":4},{"not_picked":["Calculated Gamble","PiercingWail"],"picked":"Prepared","floor":5},{"not_picked":["Backflip","Reflex"],"picked":"Footwork","floor":10},{"not_picked":["Heel Hook","Setup","Wraith Form v2"],"picked":"SKIP","floor":11},{"not_picked":["Flechettes","Terror"],"picked":"Escape Plan","floor":12},{"not_picked":["Terror","PiercingWail"],"picked":"Sucker Punch","floor":14},{"not_picked":["Phantasmal Killer","Tools of the Trade"],"picked":"Adrenaline","floor":16},{"not_picked":["Malaise","Acrobatics+1"],"picked":"Crippling Poison","floor":18},{"not_picked":["Slice","Acrobatics"],"picked":"Noxious Fumes","floor":21},{"not_picked":["Choke+1","Bane+1"],"picked":"Poisoned Stab+1","floor":22},{"not_picked":["Caltrops","Dagger Throw"],"picked":"PiercingWail+1","floor":24},{"not_picked":["PiercingWail+1","Sucker Punch+1"],"picked":"Bouncing Flask+1","floor":27},{"not_picked":["PiercingWail+1","Prepared+1"],"picked":"Bane","floor":31}],"player_experience":254995,"potions_floor_usage":[10,16,18,24,33,33],"damage_taken":[{"damage":2,"enemies":"Cultist","floor":1,"turns":5},{"damage":1,"enemies":"2 Louse","floor":2,"turns":3},{"damage":2,"enemies":"Jaw Worm","floor":4,"turns":4},{"damage":11,"enemies":"Large Slime","floor":5,"turns":6},{"damage":17,"enemies":"Lagavulin","floor":10,"turns":5},{"damage":5,"enemies":"2 Fungi Beasts","floor":11,"turns":3},{"damage":6,"enemies":"Looter","floor":12,"turns":2},{"damage":9,"enemies":"Lots of Slimes","floor":14,"turns":4},{"damage":4,"enemies":"Hexaghost","floor":16,"turns":9},{"damage":0,"enemies":"Spheric Guardian","floor":18,"turns":6},{"damage":12,"enemies":"Chosen","floor":21,"turns":4},{"damage":11,"enemies":"Centurion and Healer","floor":22,"turns":7},{"damage":24,"enemies":"Book of Stabbing","floor":24,"turns":5},{"damage":16,"enemies":"Sentry and Sphere","floor":27,"turns":6},{"damage":5,"enemies":"Snecko","floor":31,"turns":4},{"damage":106,"enemies":"Champ","floor":33,"turns":12}],"relics_obtained":[{"floor":9,"key":"Paper Crane"},{"floor":10,"key":"Ornamental Fan"},{"floor":20,"key":"Enchiridion"},{"floor":24,"key":"Letter Opener"},{"floor":26,"key":"Toxic Egg 2"}],"event_choices":[{"event_name":"Scrap Ooze","player_choice":"success","floor":3,"damage_taken":12},{"event_name":"Big Fish","player_choice":"Banana","floor":7,"damage_taken":0},{"event_name":"Golden Shrine","player_choice":"Pray","floor":13,"damage_taken":0},{"event_name":"Forgotten Altar","player_choice":"Shed Blood","floor":19,"damage_taken":0},{"event_name":"Cursed Tome","player_choice":"Obtained Book","floor":20,"damage_taken":0},{"event_name":"Back to Basics","player_choice":"Simplicity","floor":29,"damage_taken":0}],"boss_relics":[{"not_picked":["Snecko Eye","Sozu"],"picked":"Lizard Tail"}],"items_purged_floors":[],"potions_floor_spawned":[2,10,11,16,22,31],"seed_played":"-5814088908369383690","killed_by":"Champ","ascension_level":7,"potions_obtained":[{"floor":2,"key":"Poison Potion"},{"floor":10,"key":"LiquidBronze"},{"floor":11,"key":"PowerPotion"},{"floor":16,"key":"Weak Potion"},{"floor":22,"key":"Explosive Potion"},{"floor":31,"key":"Dexterity Potion"}],"is_trial":false}