{"path_per_floor":["M","?","?","M","M","R","E","R","T","M","R","E","?","E","R","B",null,"M","?","?","?","M","R","E","M","T","M","M","M","E","M","R"],"character_chosen":"IRONCLAD","items_purchased":[],"gold_per_floor":[119,119,119,137,147,147,178,178,178,193,193,228,228,261,261,366,366,386,386,386,386,402,402,427,438,438,454,470,485,511,523,523,523],"floor_reached":33,"campfire_rested":1,"playtime":1981,"current_hp_per_floor":[74,74,74,74,70,70,62,62,62,63,63,53,35,11,35,14,80,68,40,24,24,25,25,24,26,33,28,15,13,15,18,18,0],"items_purged":[],"gold":523,"score":419,"play_id":"650a590a-c7f6-4001-aee4-a632b0c9a790","local_time":"20180401103132","is_prod":false,"is_daily":false,"is_ascension_mode":true,"campfire_upgraded":5,"timestamp":1522596692,"path_taken":["M","?","?","M","M","R","E","R","T","M","R","E","?","E","R","BOSS","M","?","?","?","M","R","E","M","T","M","?","M","E","M","R","BOSS"],"build_version":"2018-03-29v2","purchased_purges":0,"victory":false,"master_deck":["Bash+1","Battle Trance+1","Heavy Blade","Brutality+1","Hemokinesis+1","Disarm","Demon Form","Thunderclap","True Grit","Second Wind","Searing Blow+1","Iron Wave","Cleave","Thunderclap","Heavy Blade","Heavy Blade","Ghostly","Ghostly","Ghostly","Ghostly","Ghostly","Corruption+1","Shrug It Off+1","Cleave+1","Shrug It Off+1","Dual Wield","Evolve+1"],"max_hp_per_floor":[80,80,80,80,80,80,80,80,80,80,80,80,80,80,80,80,80,80,40,40,40,40,40,40,40,47,47,47,47,47,47,47,47],"relics":["Burning Blood","Omamori","Bag of Marbles","Orichalcum","Matryoshka","Mercury Hourglass","Anchor","Pandora\u0027s Box","Enchiridion","Bronze Scales","Strawberry","Prayer Wheel","Red Skull"],"card_choices":[{"not_picked":["Rage","Wild Strike"],"picked":"Battle Trance","floor":1},{"not_picked":["Seeing Red","Evolve"],"picked":"Heavy Blade","floor":4},{"not_picked":["Havoc","Perfected Strike"],"picked":"Brutality","floor":7},{"not_picked":["Cleave","Pommel Strike"],"picked":"Hemokinesis","floor":12},{"not_picked":["Warcry","Combust"],"picked":"Disarm","floor":14},{"not_picked":["Fiend Fire","Dark Embrace"],"picked":"Demon Form","floor":16},{"not_picked":["Perfected Strike","Feel No Pain"],"picked":"Heavy Blade","floor":18},{"not_picked":["Body Slam","Wild Strike"],"picked":"Corruption","floor":22},{"not_picked":["Anger","Pommel Strike"],"picked":"Shrug It Off","floor":25},{"not_picked":["Twin Strike","Iron Wave"],"picked":"Cleave","floor":27},{"not_picked":["Perfected Strike","Twin Strike"],"picked":"Shrug It Off","floor":28},{"not_picked":["Twin Strike","Pommel Strike"],"picked":"Dual Wield","floor":29},{"not_picked":["Entrench","Ghostly Armor"],"picked":"Evolve","floor":30}],"player_experience":108641,"potions_floor_usage":[7,7,16,28,33],"damage_taken":[{"damage":12,"enemies":"Jaw Worm","floor":1,"turns":3},{"damage":6,"enemies":"Cultist","floor":4,"turns":3},{"damage":10,"enemies":"2 Louse","floor":5,"turns":3},{"damage":14,"enemies":"Lagavulin","floor":7,"turns":5},{"damage":5,"enemies":"2 Fungi Beasts","floor":10,"turns":3},{"damage":16,"enemies":"3 Sentries","floor":12,"turns":7},{"damage":30,"enemies":"Lagavulin","floor":14,"turns":4},{"damage":27,"enemies":"Hexaghost","floor":16,"turns":8},{"damage":18,"enemies":"Shell Parasite","floor":18,"turns":4},{"damage":5,"enemies":"Spheric Guardian","floor":22,"turns":5},{"damage":7,"enemies":"Gremlin Leader","floor":24,"turns":6},{"damage":4,"enemies":"Snake Plant","floor":25,"turns":5},{"damage":11,"enemies":"Centurion and Healer","floor":27,"turns":7},{"damage":19,"enemies":"Cultist and Chosen","floor":28,"turns":7},{"damage":8,"enemies":"Chosen and Byrds","floor":29,"turns":6},{"damage":4,"enemies":"Slavers","floor":30,"turns":5},{"damage":3,"enemies":"3 Cultists","floor":31,"turns":4},{"damage":18,"enemies":"Collector","floor":33,"turns":7}],"event_choices":[{"event_name":"The Woman in Blue","player_choice":"Bought 0 Potions","floor":2,"damage_taken":0},{"event_name":"Living Wall","player_choice":"Forget","floor":3,"damage_taken":0},{"event_name":"Scrap Ooze","player_choice":"success","floor":13,"damage_taken":18},{"event_name":"Ghosts","player_choice":"Became a Ghost","floor":19,"damage_taken":0},{"event_name":"Cursed Tome","player_choice":"Obtained Book","floor":20,"damage_taken":0},{"event_name":"Match and Keep!","player_choice":"0 cards matched","floor":21,"damage_taken":0}],"boss_relics":[{"not_picked":["Calling Bell","Snecko Eye"],"picked":"Pandora\u0027s Box"}],"potions_floor_spawned":[1,4,7,18,22,27],"seed_played":"919655983811841874","killed_by":"Collector","ascension_level":2,"is_trial":false}