{"gold_per_floor":[112,112,125,143,155,155,175,188,188,168,184,212,212,224,224,224],"floor_reached":16,"playtime":952,"items_purged":[],"score":111,"play_id":"7ca8fe8e-6656-43fa-9a8d-5f3014529fdd","local_time":"20181108093432","is_ascension_mode":true,"campfire_choices":[{"data":"Sucker Punch","floor":6,"key":"SMITH"},{"floor":13,"key":"REST"},{"data":"Leg Sweep","floor":15,"key":"SMITH"}],"neow_cost":"NONE","seed_source_timestamp":1631193698997,"circlet_count":0,"master_deck":["Defend_G","Defend_G","Defend_G","Defend_G","Defend_G","Strike_G","Strike_G","Strike_G+1","Strike_G","Strike_G","Survivor","Neutralize+1","Escape Plan","Escape Plan","Sucker Punch+1","Deflect","All Out Attack","PiercingWail","Bullet Time","Leg Sweep+1"],"relics":["Ring of the Snake","Whetstone","Pen Nib","Dodecahedron","Boot"],"potions_floor_usage":[16,16],"damage_taken":[{"damage":0,"enemies":"Jaw Worm","floor":1,"turns":4},{"damage":0,"enemies":"Cultist","floor":3,"turns":5},{"damage":0,"enemies":"Small Slimes","floor":4,"turns":3},{"damage":19,"enemies":"Gremlin Gang","floor":5,"turns":8},{"damage":5,"enemies":"Lots of Slimes","floor":7,"turns":7},{"damage":0,"enemies":"Red Slaver","floor":8,"turns":5},{"damage":0,"enemies":"3 Louse","floor":11,"turns":2},{"damage":15,"enemies":"3 Sentries","floor":12,"turns":8},{"damage":0,"enemies":"Looter","floor":14,"turns":3},{"damage":53,"enemies":"Slime Boss","floor":16,"turns":12}],"seed_played":"-8012043426786240811","potions_obtained":[{"floor":1,"key":"Explosive Potion"},{"floor":5,"key":"Dexterity Potion"},{"floor":7,"key":"SneckoOil"},{"floor":10,"key":"Weak Potion"},{"floor":11,"key":"LiquidBronze"},{"floor":12,"key":"FearPotion"}],"is_trial":false,"path_per_floor":["M","?","M","M","M","R","M","M","T","?","M","E","R","M","R","B"],"character_chosen":"THE_SILENT","items_purchased":[],"campfire_rested":1,"item_purchase_floors":[],"current_hp_per_floor":[70,70,70,70,51,51,46,46,46,46,46,31,52,52,52,0],"gold":224,"neow_bonus":"RANDOM_COMMON_RELIC","is_prod":false,"is_daily":false,"chose_seed":false,"campfire_upgraded":2,"win_rate":0,"timestamp":1541666072,"path_taken":["M","?","M","M","M","R","M","?","T","?","?","E","R","M","R","BOSS"],"build_version":"2018-11-07","purchased_purges":0,"victory":false,"max_hp_per_floor":[70,70,70,70,70,70,70,70,70,70,70,70,70,70,70,70],"card_choices":[{"not_picked":["Concentrate","Poisoned Stab"],"picked":"Escape Plan","floor":1},{"not_picked":["Underhanded Strike","Cloak And Dagger"],"picked":"Escape Plan","floor":3},{"not_picked":["Noxious Fumes","Flechettes"],"picked":"Sucker Punch","floor":4},{"not_picked":["Deadly Poison","Terror"],"picked":"Deflect","floor":5},{"not_picked":["Deflect","Quick Slash"],"picked":"All Out Attack","floor":7},{"not_picked":["Bane","Prepared"],"picked":"PiercingWail","floor":8},{"not_picked":["Underhanded Strike","Unload","Quick Slash"],"picked":"SKIP","floor":11},{"not_picked":["Flechettes","Deadly Poison"],"picked":"Bullet Time","floor":12},{"not_picked":["Acrobatics","Blade Dance"],"picked":"Leg Sweep","floor":14}],"player_experience":162284,"relics_obtained":[{"floor":9,"key":"Dodecahedron"},{"floor":12,"key":"Boot"}],"event_choices":[{"damage_healed":0,"gold_gain":0,"player_choice":"Gave Potion","damage_taken":0,"relics_obtained":["Pen Nib"],"max_hp_gain":0,"max_hp_loss":0,"event_name":"WeMeetAgain","floor":2,"gold_loss":0},{"damage_healed":0,"gold_gain":0,"player_choice":"Bought 1 Potion","damage_taken":0,"max_hp_gain":0,"max_hp_loss":0,"event_name":"The Woman in Blue","floor":10,"gold_loss":0}],"is_beta":true,"boss_relics":[],"items_purged_floors":[],"is_endless":false,"potions_floor_spawned":[1,5,7,11,12],"killed_by":"Slime Boss","ascension_level":1}