{"path_per_floor":["M","M","M","M","M","R","M","R","T","T","M","M","M","$","R"],"character_chosen":"THE_SILENT","items_purchased":["Ancient Tea Set"],"gold_per_floor":[209,223,241,253,265,265,277,277,277,332,352,365,377,230,230,230],"floor_reached":16,"campfire_rested":1,"playtime":1784,"item_purchase_floors":[],"current_hp_per_floor":[55,51,51,26,26,26,29,29,29,29,28,26,9,9,28,0],"items_purged":[],"gold":230,"score":167,"play_id":"478b1004-0bdd-46c5-b6d6-67a67d02ecd7","local_time":"20180611113940","is_prod":false,"is_daily":false,"chose_seed":false,"is_ascension_mode":true,"campfire_upgraded":2,"win_rate":0,"timestamp":1528742380,"campfire_choices":[{"data":"Bullet Time","floor":6.0,"key":"SMITH"},{"data":"Bane","floor":8.0,"key":"SMITH"},{"floor":15.0,"key":"REST"}],"path_taken":["M","M","M","M","?","R","M","R","T","?","M","M","M","$","R","BOSS"],"build_version":"2018-06-07v3","seed_source_timestamp":1806368003279241,"purchased_purges":0,"victory":false,"master_deck":["Defend_G","Defend_G+1","Defend_G","Defend_G","Defend_G","Strike_G","Strike_G","Strike_G","Strike_G","Strike_G","Survivor","Neutralize","AscendersBane","Catalyst+1","Poisoned Stab","Bane+1","Bullet Time+1","Acrobatics","Calculated Gamble","Dagger Spray","Malaise"],"max_hp_per_floor":[66,66,66,66,66,66,66,66,66,66,66,66,66,66,66,66],"relics":["Ring of the Snake","War Paint","Blood Vial","Ancient Tea Set"],"card_choices":[{"not_picked":["Outmaneuver","PiercingWail"],"picked":"Catalyst","floor":1.0},{"not_picked":["Finisher","Outmaneuver"],"picked":"Poisoned Stab","floor":2.0},{"not_picked":["Setup","Slice"],"picked":"Bane","floor":3.0},{"not_picked":["Deflect","Outmaneuver"],"picked":"Bullet Time","floor":4.0},{"not_picked":["Prepared","Concentrate"],"picked":"Acrobatics","floor":5.0},{"not_picked":["Quick Slash","All Out Attack"],"picked":"Calculated Gamble","floor":7.0},{"not_picked":["Slice","PiercingWail"],"picked":"Dagger Spray","floor":11.0},{"not_picked":["Distraction","PiercingWail"],"picked":"Malaise","floor":12.0},{"not_picked":["Concentrate","Prepared","Phantasmal Killer"],"picked":"SKIP","floor":13.0}],"player_experience":833722,"potions_floor_usage":[16,16],"damage_taken":[{"damage":4.0,"enemies":"Cultist","floor":1.0,"turns":6.0},{"damage":4.0,"enemies":"Jaw Worm","floor":2.0,"turns":7.0},{"damage":0.0,"enemies":"2 Louse","floor":3.0,"turns":4.0},{"damage":25.0,"enemies":"Exordium Wildlife","floor":4.0,"turns":6.0},{"damage":0.0,"enemies":"2 Fungi Beasts","floor":5.0,"turns":2.0},{"damage":12.0,"enemies":"Gremlin Gang","floor":7.0,"turns":6.0},{"damage":3.0,"enemies":"Lots of Slimes","floor":11.0,"turns":6.0},{"damage":4.0,"enemies":"Large Slime","floor":12.0,"turns":8.0},{"damage":19.0,"enemies":"Exordium Wildlife","floor":13.0,"turns":5.0},{"damage":30,"enemies":"Slime Boss","floor":16,"turns":8}],"relics_obtained":[{"floor":9.0,"key":"War Paint"},{"floor":10.0,"key":"Blood Vial"}],"event_choices":[],"boss_relics":[],"items_purged_floors":[],"potions_floor_spawned":[1,4,7,13],"seed_played":"-5364591741626069645","killed_by":"Slime Boss","ascension_level":14,"potions_obtained":[{"floor":1.0,"key":"FearPotion"},{"floor":4.0,"key":"Regen Potion"},{"floor":7.0,"key":"Weak Potion"}],"is_trial":false}