{"gold_per_floor":[110,110,110,110,126,138,152,183,233,259,259,272,347,365,365,365],"floor_reached":16,"playtime":518,"items_purged":[],"score":134,"play_id":"9eb7bb5f-3071-415a-8f8c-bd69cb5fd4de","local_time":"20190201014923","is_ascension_mode":true,"campfire_choices":[{"floor":11,"key":"REST"},{"data":"Body Slam","floor":15,"key":"SMITH"}],"neow_cost":"CURSE","seed_source_timestamp":1840351816728899,"circlet_count":0,"master_deck":["Strike_R","Strike_R","Strike_R","Strike_R","Strike_R","Defend_R","Defend_R","Defend_R","Defend_R","Bash","Reckless Charge","Anger","Thunderclap","Shockwave","Rage","Dual Wield","Body Slam+1"],"relics":["Burning Blood","Calipers","Singing Bowl","Bronze Scales","Regal Pillow","Smiling Mask"],"potions_floor_usage":[8,8,16],"damage_taken":[{"damage":18,"enemies":"Jaw Worm","floor":1,"turns":5},{"damage":9,"enemies":"2 Louse","floor":5,"turns":2},{"damage":0,"enemies":"Small Slimes","floor":6,"turns":2},{"damage":19,"enemies":"Exordium Wildlife","floor":7,"turns":4},{"damage":38,"enemies":"Lagavulin","floor":8,"turns":4},{"damage":20,"enemies":"Gremlin Nob","floor":10,"turns":4},{"damage":10,"enemies":"Blue Slaver","floor":12,"turns":3},{"damage":6,"enemies":"2 Fungi Beasts","floor":14,"turns":3},{"damage":42,"enemies":"Slime Boss","floor":16,"turns":8}],"seed_played":"-1022350100446090580","potions_obtained":[{"floor":6,"key":"Swift Potion"},{"floor":7,"key":"Swift Potion"},{"floor":10,"key":"Block Potion"}],"is_trial":false,"path_per_floor":["M","?","?","?","M","M","M","E","T","E","R","M","?","M","R","B"],"character_chosen":"IRONCLAD","items_purchased":[],"campfire_rested":1,"item_purchase_floors":[],"current_hp_per_floor":[68,61,36,62,59,65,52,22,22,8,47,43,32,32,32,0],"gold":365,"neow_bonus":"ONE_RARE_RELIC","is_prod":false,"is_daily":false,"chose_seed":false,"campfire_upgraded":1,"win_rate":0,"timestamp":1548953363,"path_taken":["M","?","?","?","?","M","M","E","T","E","R","M","?","M","R","BOSS"],"build_version":"2019-01-23","purchased_purges":0,"victory":false,"max_hp_per_floor":[80,80,80,80,80,80,80,82,82,82,82,82,82,82,82,82],"card_choices":[{"not_picked":["Havoc","Shrug It Off"],"picked":"Reckless Charge","floor":1},{"not_picked":["Hemokinesis","Flex"],"picked":"Anger","floor":5},{"not_picked":["Uppercut","Fire Breathing"],"picked":"Thunderclap","floor":6},{"not_picked":["Wild Strike","Warcry"],"picked":"Shockwave","floor":7},{"not_picked":["Fire Breathing","Havoc","Clothesline"],"picked":"Singing Bowl","floor":8},{"not_picked":["Iron Wave","Metallicize"],"picked":"Rage","floor":10},{"not_picked":["Havoc","Flex"],"picked":"Dual Wield","floor":12},{"not_picked":["Thunderclap","Pommel Strike"],"picked":"Body Slam","floor":14}],"player_experience":758876,"relics_obtained":[{"floor":8,"key":"Bronze Scales"},{"floor":9,"key":"Regal Pillow"},{"floor":10,"key":"Smiling Mask"}],"event_choices":[{"cards_removed":["Doubt"],"damage_healed":0,"gold_gain":0,"player_choice":"Card Removal","damage_taken":7,"max_hp_gain":0,"max_hp_loss":0,"event_name":"Golden Wing","floor":2,"gold_loss":0},{"damage_healed":0,"gold_gain":0,"player_choice":"Success","damage_taken":25,"relics_obtained":["Singing Bowl"],"max_hp_gain":0,"max_hp_loss":0,"event_name":"Scrap Ooze","floor":3,"gold_loss":0},{"damage_healed":26,"gold_gain":0,"player_choice":"Banana","damage_taken":0,"max_hp_gain":0,"max_hp_loss":0,"event_name":"Big Fish","floor":4,"gold_loss":0},{"damage_healed":0,"gold_gain":75,"player_choice":"Gather Gold","damage_taken":11,"max_hp_gain":0,"max_hp_loss":0,"event_name":"World of Goop","floor":13,"gold_loss":0}],"is_beta":false,"boss_relics":[],"items_purged_floors":[],"is_endless":false,"potions_floor_spawned":[6,7,10],"killed_by":"Slime Boss","ascension_level":4}