{"gold_per_floor":[109,128,128,34,34,66,76,6,58,58,83,94,94,111,111,207,207,222,241,241,91,106,137,137,137,137,137,151,151,161,190,190,190],"floor_reached":33,"playtime":2463,"items_purged":[],"score":505,"play_id":"9fa62131-9e46-41cf-a045-eed81bc7ce11","local_time":"20190117043705","is_ascension_mode":true,"campfire_choices":[{"data":"White Noise","floor":10,"key":"SMITH"},{"data":"Ball Lightning","floor":13,"key":"SMITH"},{"data":"Leap","floor":15,"key":"SMITH"},{"floor":24,"key":"REST"},{"data":"Bite","floor":27,"key":"SMITH"},{"floor":32,"key":"REST"}],"neow_cost":"NONE","seed_source_timestamp":193020923121629,"circlet_count":0,"master_deck":["AscendersBane","Defend_B","Defend_B","Defend_B","Defend_B","Zap","Dualcast","Rip and Tear+1","Chill","Go for the Eyes+1","White Noise+1","Deep Breath","Ball Lightning+1","BootSequence","Glacier","Hologram","Go for the Eyes+1","Leap+1","Core Surge","Sweeping Beam","FTL+1","Stack","Redo+1","Bite+1","Bite","Bite","Bite","Bite","Gash+1","Gash","Steam"],"relics":["Cracked Core","NeowsBlessing","Bag of Preparation","PreservedInsect","Cables","Nuclear Battery","Regal Pillow","Kunai","Pear","Whetstone"],"potions_floor_usage":[11,16,22,23,23,31,33],"damage_taken":[{"damage":0,"enemies":"2 Louse","floor":1,"turns":1},{"damage":0,"enemies":"Small Slimes","floor":2,"turns":1},{"damage":0,"enemies":"Lagavulin","floor":6,"turns":1},{"damage":0,"enemies":"Cultist","floor":7,"turns":2},{"damage":8,"enemies":"Gremlin Nob","floor":11,"turns":3},{"damage":0,"enemies":"Red Slaver","floor":12,"turns":2},{"damage":0,"enemies":"2 Fungi Beasts","floor":14,"turns":2},{"damage":13,"enemies":"Slime Boss","floor":16,"turns":10},{"damage":16,"enemies":"3 Byrds","floor":18,"turns":6},{"damage":0,"enemies":"Shell Parasite","floor":19,"turns":5},{"damage":0,"enemies":"3 Cultists","floor":22,"turns":5},{"damage":30,"enemies":"Book of Stabbing","floor":23,"turns":5},{"damage":1,"enemies":"Cultist and Chosen","floor":28,"turns":8},{"damage":37,"enemies":"Shelled Parasite and Fungi","floor":30,"turns":7},{"damage":10,"enemies":"Slavers","floor":31,"turns":5},{"damage":112,"enemies":"Champ","floor":33,"turns":19}],"seed_played":"4532819499357376551","potions_obtained":[{"floor":1,"key":"Ancient Potion"},{"floor":6,"key":"FearPotion"},{"floor":14,"key":"SteroidPotion"},{"floor":16,"key":"EssenceOfSteel"},{"floor":19,"key":"Swift Potion"},{"floor":22,"key":"AttackPotion"},{"floor":30,"key":"FocusPotion"},{"floor":31,"key":"Energy Potion"}],"is_trial":false,"path_per_floor":["M","M","?","$","?","E","M","$","T","R","E","M","R","M","R","B",null,"M","M","?","$","M","E","R","?","T","R","M","?","M","E","R","B"],"character_chosen":"DEFECT","items_purchased":["Go for the Eyes","White Noise","Glacier","Regal Pillow"],"campfire_rested":2,"item_purchase_floors":[4,4,8,21],"current_hp_per_floor":[68,68,68,68,68,68,68,68,68,68,60,60,60,60,60,47,68,52,52,52,52,52,22,59,52,62,62,62,62,36,39,62,0],"gold":190,"neow_bonus":"THREE_ENEMY_KILL","is_prod":false,"is_daily":false,"chose_seed":false,"campfire_upgraded":4,"win_rate":0,"timestamp":1547717825,"path_taken":["M","M","?","$","?","E","?","?","T","R","E","M","R","M","R","BOSS","M","M","?","$","?","E","R","?","T","R","M","?","M","E","R","BOSS"],"build_version":"2019-01-10","purchased_purges":0,"victory":false,"max_hp_per_floor":[75,75,75,75,75,75,75,75,75,75,75,75,75,75,75,75,75,75,75,75,75,75,75,75,52,62,62,62,62,62,62,62,62],"card_choices":[{"not_picked":["Leap","Barrage"],"picked":"Rip and Tear","floor":1},{"not_picked":["Defragment","Turbo"],"picked":"Chill","floor":2},{"not_picked":["Reboot","Loop"],"picked":"Ball Lightning","floor":6},{"not_picked":["Hologram","Barrage"],"picked":"BootSequence","floor":7},{"not_picked":["Rip and Tear","Static Discharge"],"picked":"Hologram","floor":11},{"not_picked":["Stack","Streamline"],"picked":"Go for the Eyes","floor":12},{"not_picked":["Barrage","Chill"],"picked":"Leap","floor":14},{"not_picked":["Biased Cognition","Machine Learning"],"picked":"Core Surge","floor":16},{"not_picked":["Reprogram","Gash"],"picked":"Sweeping Beam","floor":18},{"not_picked":["Loop","BootSequence"],"picked":"FTL+1","floor":19},{"not_picked":["Undo","Turbo"],"picked":"Stack","floor":22},{"not_picked":["Barrage","Reprogram"],"picked":"Redo+1","floor":23},{"not_picked":["Stack","Leap+1"],"picked":"Gash+1","floor":28},{"not_picked":["Ball Lightning","Reboot"],"picked":"Gash","floor":30},{"not_picked":["Barrage+1","Hologram"],"picked":"Steam","floor":31}],"player_experience":522002,"relics_obtained":[{"floor":6,"key":"Bag of Preparation"},{"floor":9,"key":"PreservedInsect"},{"floor":11,"key":"Cables"},{"floor":23,"key":"Kunai"},{"floor":26,"key":"Pear"},{"floor":31,"key":"Whetstone"}],"event_choices":[{"damage_healed":0,"gold_gain":0,"player_choice":"Grow","damage_taken":0,"max_hp_gain":0,"max_hp_loss":0,"event_name":"Living Wall","floor":3,"gold_loss":0,"cards_upgraded":["Rip and Tear"]},{"damage_healed":0,"gold_gain":0,"player_choice":"1 cards matched","damage_taken":0,"max_hp_gain":0,"max_hp_loss":0,"event_name":"Match and Keep!","floor":5,"gold_loss":0,"cards_obtained":["Deep Breath"]},{"damage_healed":0,"gold_gain":0,"player_choice":"0 cards matched","damage_taken":0,"max_hp_gain":0,"max_hp_loss":0,"event_name":"Match and Keep!","floor":20,"gold_loss":0,"cards_obtained":[]},{"damage_healed":0,"gold_gain":0,"player_choice":"Became a vampire","damage_taken":0,"max_hp_gain":0,"max_hp_loss":23,"event_name":"Vampires","floor":25,"gold_loss":0,"cards_obtained":["Bite","Bite","Bite","Bite","Bite"]},{"damage_healed":0,"gold_gain":0,"player_choice":"Ignored","damage_taken":0,"max_hp_gain":0,"max_hp_loss":0,"event_name":"Ghosts","floor":29,"gold_loss":0}],"is_beta":false,"boss_relics":[{"not_picked":["White Beast Statue","Fusion Hammer"],"picked":"Nuclear Battery"}],"items_purged_floors":[],"is_endless":false,"potions_floor_spawned":[1,6,14,16,19,22,30,31],"killed_by":"Champ","ascension_level":10}