{"gold_per_floor":[111,111,111,111,131,156,74,74,123,123,157,157,172,198,198,293,293,313,326,7,26,26,26,40,65,65,65,82,109,24,124,124,228,228,248,267,10,10,23,50,50,80,80,80,93,93,93,110,110,110],"floor_reached":50,"playtime":3525,"items_purged":["Strike_B"],"score":934,"play_id":"d128b65b-8125-41a8-a10c-7af9398fb560","local_time":"20190119193858","is_ascension_mode":true,"campfire_choices":[{"data":"Zap","floor":8,"key":"SMITH"},{"data":"Defragment","floor":10,"key":"SMITH"},{"data":"Consume","floor":15,"key":"SMITH"},{"floor":23,"key":"REST"},{"floor":27,"key":"REST"},{"floor":32,"key":"REST"},{"floor":44,"key":"RECALL"},{"floor":46,"key":"REST"},{"data":"White Noise","floor":49,"key":"SMITH"}],"neow_cost":"NONE","seed_source_timestamp":157259673183811,"circlet_count":0,"master_deck":["AscendersBane","Strike_B","Strike_B+1","Defend_B","Defend_B","Defend_B","Zap+1","Dualcast","Steam","Barrage+1","Go for the Eyes","Leap","Defragment+1","Chill","Consume+1","Machine Learning","Ball Lightning","Rebound","Ball Lightning+1","Self Repair","FTL+1","Cold Snap+1","White Noise+1","Rip and Tear","Defragment+1","Amplify","Undo+1","Hologram+1","Writhe","Ball Lightning+1"],"relics":["Cracked Core","NeowsBlessing","Bottled Lightning","Whetstone","Matryoshka","Singing Bowl","Orrery","Cables","Ancient Tea Set","Orichalcum","Mummified Hand","Meat on the Bone","Oddly Smooth Stone","Unceasing Top","Ornamental Fan","Busted Crown","Bottled Tornado","Bag of Marbles","Omamori","Bottled Flame","Smiling Mask"],"potions_floor_usage":[16,25,28,29,31,33,39,42,42,48],"damage_taken":[{"damage":0,"enemies":"Jaw Worm","floor":1,"turns":1},{"damage":0,"enemies":"Small Slimes","floor":5,"turns":1},{"damage":0,"enemies":"Lagavulin","floor":6,"turns":2},{"damage":15,"enemies":"3 Sentries","floor":11,"turns":8},{"damage":0,"enemies":"Cultist","floor":13,"turns":3},{"damage":1,"enemies":"Lagavulin","floor":14,"turns":7},{"damage":14,"enemies":"The Guardian","floor":16,"turns":11},{"damage":19,"enemies":"Shell Parasite","floor":18,"turns":6},{"damage":6,"enemies":"3 Byrds","floor":19,"turns":5},{"damage":6,"enemies":"Shelled Parasite and Fungi","floor":21,"turns":7},{"damage":23,"enemies":"Centurion and Healer","floor":24,"turns":6},{"damage":14,"enemies":"Book of Stabbing","floor":25,"turns":5},{"damage":15,"enemies":"Snake Plant","floor":28,"turns":2},{"damage":38,"enemies":"Gremlin Leader","floor":29,"turns":7},{"damage":1,"enemies":"Colosseum Slavers","floor":31,"turns":4},{"damage":10,"enemies":"Colosseum Nobs","floor":31,"turns":6},{"damage":16,"enemies":"Champ","floor":33,"turns":14},{"damage":52,"enemies":"3 Darklings","floor":35,"turns":6},{"damage":5,"enemies":"3 Shapes","floor":36,"turns":4},{"damage":12,"enemies":"Spire Growth","floor":39,"turns":4},{"damage":0,"enemies":"Reptomancer","floor":40,"turns":8},{"damage":44,"enemies":"Giant Head","floor":42,"turns":9},{"damage":0,"enemies":"Transient","floor":45,"turns":5},{"damage":0,"enemies":"3 Darklings","floor":48,"turns":3},{"damage":93,"enemies":"Awakened One","floor":50,"turns":18}],"seed_played":"5729970801595649136","potions_obtained":[{"floor":1,"key":"Weak Potion"},{"floor":5,"key":"Fire Potion"},{"floor":6,"key":"Fire Potion"},{"floor":18,"key":"SpeedPotion"},{"floor":25,"key":"Poison Potion"},{"floor":28,"key":"FearPotion"},{"floor":31,"key":"Swift Potion"},{"floor":33,"key":"Weak Potion"},{"floor":35,"key":"SteroidPotion"},{"floor":42,"key":"SkillPotion"}],"is_trial":false,"path_per_floor":["M","?","$","?","M","E","$","R","T","R","E","?","M","E","R","B",null,"M","M","$","M","?","R","M","E","T","R","M","E","?","?","R","B",null,"M","M","$","?","M","E","?","E","T","R","M","R","T","M","R","B"],"character_chosen":"DEFECT","items_purchased":["Defragment","Cables","Bottled Tornado"],"campfire_rested":4,"item_purchase_floors":[7,20,37],"current_hp_per_floor":[68,68,68,61,61,61,61,61,61,61,46,39,39,38,38,24,68,51,45,45,39,39,63,47,40,40,64,49,18,18,45,69,60,77,44,51,51,51,53,62,84,61,61,61,70,91,91,91,91,0],"gold":110,"neow_bonus":"THREE_ENEMY_KILL","is_prod":false,"is_daily":false,"chose_seed":false,"campfire_upgraded":4,"win_rate":0,"timestamp":1547944738,"path_taken":["M","?","$","?","?","E","$","R","T","R","E","?","M","E","R","BOSS","M","M","$","M","?","R","M","E","T","R","M","E","?","?","R","BOSS","M","M","$","?","M","E","?","E","T","R","M","R","?","M","R","BOSS"],"build_version":"2019-01-17v2","purchased_purges":1,"victory":false,"max_hp_per_floor":[75,75,75,75,75,75,75,75,75,75,75,75,75,75,75,75,81,83,83,83,83,83,83,83,83,83,83,83,83,83,83,83,83,83,83,83,83,83,85,87,87,89,89,89,91,91,91,91,91,91],"card_choices":[{"not_picked":["Recycle","Tempest"],"picked":"Steam","floor":1},{"not_picked":["Loop","Gash"],"picked":"Go for the Eyes","floor":5},{"not_picked":["Genetic Algorithm","Tempest"],"picked":"Leap","floor":6},{"not_picked":["Turbo","Barrage"],"picked":"Leap","floor":11},{"not_picked":["Stack","Static Discharge"],"picked":"Chill","floor":13},{"not_picked":["Skim","Conserve Battery"],"picked":"Consume","floor":14},{"not_picked":["Meteor Strike","Multi-Cast"],"picked":"Machine Learning","floor":16},{"not_picked":["Gash","Go for the Eyes"],"picked":"Ball Lightning","floor":17},{"not_picked":["Reinforced Body","Gash","Stack"],"picked":"Singing Bowl","floor":17},{"not_picked":["Multi-Cast","Sweeping Beam","Compile Driver"],"picked":"Singing Bowl","floor":17},{"not_picked":["Streamline","Go for the Eyes","Conserve Battery"],"picked":"Singing Bowl","floor":17},{"not_picked":["Conserve Battery","Skim"],"picked":"Rebound","floor":17},{"not_picked":["Rebound","Beam Cell+1","Barrage"],"picked":"Singing Bowl","floor":18},{"not_picked":["Barrage","Scrape"],"picked":"Ball Lightning+1","floor":19},{"not_picked":["Streamline","Cold Snap"],"picked":"Self Repair","floor":21},{"not_picked":["Cold Snap","Genetic Algorithm"],"picked":"FTL+1","floor":24},{"not_picked":["Skim","Steam Power"],"picked":"Cold Snap+1","floor":25},{"not_picked":["Tempest","Gash+1"],"picked":"White Noise","floor":28},{"not_picked":["Loop","Cold Snap"],"picked":"Rip and Tear","floor":29},{"not_picked":["Stack","Hello World"],"picked":"Defragment+1","floor":31},{"not_picked":["Hyperbeam","Meteor Strike"],"picked":"Amplify","floor":33},{"not_picked":[],"picked":"Undo+1","floor":35},{"not_picked":[],"picked":"Hologram+1","floor":36},{"not_picked":["Streamline+1"],"picked":"Singing Bowl","floor":39},{"not_picked":["Reprogram+1"],"picked":"Singing Bowl","floor":40},{"not_picked":["Redo"],"picked":"Singing Bowl","floor":42},{"not_picked":["Ball Lightning"],"picked":"Singing Bowl","floor":45},{"not_picked":[],"picked":"Ball Lightning+1","floor":48}],"player_experience":537577,"relics_obtained":[{"floor":6,"key":"Bottled Lightning"},{"floor":9,"key":"Whetstone"},{"floor":11,"key":"Matryoshka"},{"floor":14,"key":"Singing Bowl"},{"floor":25,"key":"Ancient Tea Set"},{"floor":26,"key":"Orichalcum"},{"floor":26,"key":"Mummified Hand"},{"floor":29,"key":"Meat on the Bone"},{"floor":31,"key":"Unceasing Top"},{"floor":31,"key":"Ornamental Fan"},{"floor":40,"key":"Bag of Marbles"},{"floor":42,"key":"Omamori"},{"floor":43,"key":"Bottled Flame"},{"floor":47,"key":"Smiling Mask"}],"event_choices":[{"damage_healed":0,"gold_gain":0,"cards_transformed":["Strike_B"],"player_choice":"Change","damage_taken":0,"max_hp_gain":0,"max_hp_loss":0,"event_name":"Living Wall","floor":2,"gold_loss":0,"cards_obtained":["Barrage"]},{"damage_healed":0,"gold_gain":0,"player_choice":"Damaged","damage_taken":7,"max_hp_gain":0,"max_hp_loss":0,"event_name":"Wheel of Change","floor":4,"gold_loss":0},{"cards_removed":["Defend_B"],"damage_healed":0,"gold_gain":0,"player_choice":"Card Removal","damage_taken":7,"max_hp_gain":0,"max_hp_loss":0,"event_name":"Golden Wing","floor":12,"gold_loss":0},{"damage_healed":0,"gold_gain":0,"player_choice":"Ignored","damage_taken":0,"max_hp_gain":0,"max_hp_loss":0,"event_name":"Beggar","floor":22,"gold_loss":0},{"damage_healed":0,"gold_gain":0,"player_choice":"Obtained Relic","damage_taken":0,"relics_obtained":["Oddly Smooth Stone"],"max_hp_gain":0,"max_hp_loss":0,"event_name":"Addict","floor":30,"gold_loss":85},{"damage_healed":0,"gold_gain":0,"player_choice":"Fight","damage_taken":0,"max_hp_gain":0,"max_hp_loss":0,"event_name":"Colosseum","floor":31,"gold_loss":0},{"damage_healed":0,"gold_gain":0,"player_choice":"Fought Nobs","damage_taken":0,"max_hp_gain":0,"max_hp_loss":0,"event_name":"Colosseum","floor":31,"gold_loss":0},{"cards_removed":["Leap"],"damage_healed":0,"gold_gain":0,"player_choice":"Removed Skill","damage_taken":0,"max_hp_gain":0,"max_hp_loss":0,"event_name":"Falling","floor":38,"gold_loss":0},{"damage_healed":22,"gold_gain":0,"player_choice":"Writhe","damage_taken":0,"max_hp_gain":0,"max_hp_loss":0,"event_name":"Winding Halls","floor":41,"gold_loss":0,"cards_obtained":["Writhe"]}],"is_beta":false,"boss_relics":[{"not_picked":["Runic Dome","Empty Cage"],"picked":"Orrery"},{"not_picked":["Pandora\u0027s Box","White Beast Statue"],"picked":"Busted Crown"}],"items_purged_floors":[20],"is_endless":false,"potions_floor_spawned":[1,5,6,18,25,28,31,33,35,42],"killed_by":"Awakened One","ascension_level":10}