{"gold_per_floor":[114,39,53,53,53,53,80,2,2,32,48,48,78,98,98,193,193,203,203,203,113,127,160,180,180,205,205,62,62,62,87,87,192,192,208,218,151,170,19,19,19,45,45,45,75,94,94,94,94,94],"floor_reached":50,"playtime":10685,"items_purged":["Strike_B"],"score":919,"play_id":"177fbb98-c5e8-46e3-aa2c-2a1186cb82b3","local_time":"20181108230852","is_ascension_mode":true,"campfire_choices":[{"data":"Dualcast","floor":6,"key":"SMITH"},{"floor":12,"key":"REST"},{"data":"Hologram","floor":15,"key":"SMITH"},{"data":"Echo Form","floor":27,"key":"SMITH"},{"floor":29,"key":"REST"},{"floor":32,"key":"REST"},{"data":"Creative AI","floor":40,"key":"SMITH"},{"floor":44,"key":"REST"},{"floor":47,"key":"REST"},{"floor":49,"key":"REST"}],"neow_cost":"NONE","seed_source_timestamp":34940461480620,"circlet_count":0,"master_deck":["AscendersBane","Defend_B+1","Defend_B+1","Zap+1","Dualcast+1","Compile Driver+1","Auto Shields","Defragment","Coolheaded+1","Hologram+1","Cold Snap+1","Echo Form+1","Stack","White Noise","Streamline+1","Creative AI+1","Capacitor+1","Capacitor","Chaos+1","Chaos+1","Darkness+1","Parasite","Chaos+1","Madness","Madness","Mayhem"],"relics":["Cracked Core","NeowsBlessing","Singing Bowl","Bag of Marbles","Pen Nib","Art of War","Anchor","Empty Cage","DataDisk","Cables","PreservedInsect","War Paint","Ginger","Runic Pyramid","Bronze Scales","Ornamental Fan","Blood Vial","Whetstone"],"potions_floor_usage":[13,13,14,24,50,50],"damage_taken":[{"damage":0,"enemies":"2 Louse","floor":1,"turns":1},{"damage":0,"enemies":"Small Slimes","floor":3,"turns":1},{"damage":0,"enemies":"Lagavulin","floor":7,"turns":1},{"damage":24,"enemies":"3 Sentries","floor":10,"turns":7},{"damage":0,"enemies":"Jaw Worm","floor":11,"turns":2},{"damage":1,"enemies":"Lagavulin","floor":13,"turns":6},{"damage":0,"enemies":"Gremlin Gang","floor":14,"turns":4},{"damage":12,"enemies":"The Guardian","floor":16,"turns":14},{"damage":16,"enemies":"3 Byrds","floor":18,"turns":6},{"damage":11,"enemies":"Colosseum Slavers","floor":19,"turns":5},{"damage":7,"enemies":"Spheric Guardian","floor":22,"turns":4},{"damage":12,"enemies":"Book of Stabbing","floor":23,"turns":8},{"damage":10,"enemies":"Cultist and Chosen","floor":24,"turns":10},{"damage":39,"enemies":"Slavers","floor":31,"turns":5},{"damage":17,"enemies":"Champ","floor":33,"turns":10},{"damage":32,"enemies":"3 Darklings","floor":35,"turns":6},{"damage":0,"enemies":"Orb Walker","floor":36,"turns":4},{"damage":6,"enemies":"3 Darklings","floor":38,"turns":9},{"damage":16,"enemies":"Nemesis","floor":42,"turns":7},{"damage":17,"enemies":"Giant Head","floor":45,"turns":7},{"damage":20,"enemies":"Writhing Mass","floor":46,"turns":6},{"damage":63,"enemies":"Time Eater","floor":50,"turns":7}],"seed_played":"-8101642273792476942","potions_obtained":[{"floor":1,"key":"PowerPotion"},{"floor":10,"key":"GamblersBrew"},{"floor":13,"key":"SkillPotion"},{"floor":22,"key":"FearPotion"},{"floor":23,"key":"Block Potion"},{"floor":42,"key":"EssenceOfSteel"},{"floor":46,"key":"Ancient Potion"}],"is_trial":false,"path_per_floor":["M","$","M","?","?","R","E","$","T","E","M","R","E","M","R","B",null,"M","?","?","?","M","E","M","?","T","R","$","R","$","E","R","B",null,"M","M","$","M","$","R","?","E","T","R","E","M","R","?","R","B"],"character_chosen":"DEFECT","items_purchased":["Defragment","War Paint","Capacitor","Bronze Scales"],"campfire_rested":6,"item_purchase_floors":[8,28,37,39],"current_hp_per_floor":[68,68,68,53,50,50,52,52,52,28,28,51,52,52,52,40,69,55,44,44,44,39,29,21,21,21,21,21,47,47,8,34,17,70,40,40,40,34,34,34,34,18,18,44,31,13,40,30,57,0],"gold":94,"neow_bonus":"THREE_ENEMY_KILL","is_prod":false,"is_daily":false,"chose_seed":false,"campfire_upgraded":4,"win_rate":0,"timestamp":1541678932,"path_taken":["M","$","M","?","?","R","E","?","T","E","M","R","E","?","R","BOSS","M","?","?","?","M","E","?","?","T","R","$","R","$","E","R","BOSS","M","M","$","M","$","R","?","E","T","R","E","?","R","?","R","BOSS"],"build_version":"2018-11-06","purchased_purges":1,"victory":false,"max_hp_per_floor":[75,75,75,75,75,75,77,77,77,77,77,77,79,79,79,79,79,81,81,81,81,83,85,87,87,87,87,87,87,87,87,87,87,87,89,89,89,89,89,89,89,89,89,89,91,91,91,91,91,91],"card_choices":[{"not_picked":["Static Discharge","Barrage"],"picked":"Compile Driver","floor":1},{"not_picked":["Leap","Amplify"],"picked":"Auto Shields","floor":3},{"not_picked":["Beam Cell","Rebound","Turbo"],"picked":"Singing Bowl","floor":7},{"not_picked":["Leap","Heatsinks"],"picked":"Coolheaded","floor":10},{"not_picked":["Stack","Streamline"],"picked":"Hologram","floor":11},{"not_picked":["Hologram","Stack","Gash"],"picked":"Singing Bowl","floor":13},{"not_picked":["Rebound","Recycle"],"picked":"Cold Snap","floor":14},{"not_picked":["Biased Cognition","Machine Learning"],"picked":"Echo Form","floor":16},{"not_picked":["Tempest","Turbo+1","Rebound"],"picked":"Singing Bowl","floor":18},{"not_picked":["Coolheaded","Melter","Beam Cell"],"picked":"Singing Bowl","floor":22},{"not_picked":["Heatsinks","Force Field","Barrage"],"picked":"Singing Bowl","floor":23},{"not_picked":["Go for the Eyes","Genetic Algorithm+1","Conserve Battery"],"picked":"Singing Bowl","floor":24},{"not_picked":["Rebound","Capacitor+1"],"picked":"Streamline","floor":31},{"not_picked":["Amplify","All For One"],"picked":"Creative AI","floor":33},{"not_picked":["Compile Driver","Sweeping Beam+1","Go for the Eyes+1"],"picked":"Singing Bowl","floor":35},{"not_picked":["Reprogram","Lockon"],"picked":"Capacitor+1","floor":36},{"not_picked":["Redo","Lockon"],"picked":"Chaos+1","floor":38},{"not_picked":["Go for the Eyes+1","Tempest+1"],"picked":"Darkness+1","floor":42},{"not_picked":["Rebound+1","Lockon","Reprogram+1"],"picked":"Singing Bowl","floor":45},{"not_picked":["Leap+1","Heatsinks"],"picked":"Chaos+1","floor":46},{"not_picked":["Impatience","Sadistic Nature"],"picked":"Madness","floor":48},{"not_picked":["Forethought","Deep Breath"],"picked":"Madness","floor":48},{"not_picked":["Panacea","Secret Technique"],"picked":"Mayhem","floor":48}],"player_experience":740473,"relics_obtained":[{"floor":7,"key":"Bag of Marbles"},{"floor":9,"key":"Pen Nib"},{"floor":10,"key":"Art of War"},{"floor":13,"key":"Anchor"},{"floor":23,"key":"Cables"},{"floor":26,"key":"PreservedInsect"},{"floor":31,"key":"Ginger"},{"floor":42,"key":"Ornamental Fan"},{"floor":43,"key":"Blood Vial"},{"floor":45,"key":"Whetstone"}],"event_choices":[{"damage_healed":0,"gold_gain":0,"player_choice":"Entered Light","damage_taken":15,"max_hp_gain":0,"max_hp_loss":0,"event_name":"Shining Light","floor":4,"gold_loss":0,"cards_upgraded":["Compile Driver","Zap"]},{"damage_healed":0,"gold_gain":0,"player_choice":"Success","damage_taken":3,"relics_obtained":["Singing Bowl"],"max_hp_gain":0,"max_hp_loss":0,"event_name":"Scrap Ooze","floor":5,"gold_loss":0},{"damage_healed":0,"gold_gain":0,"player_choice":"Fight","damage_taken":0,"max_hp_gain":0,"max_hp_loss":0,"event_name":"Colosseum","floor":19,"gold_loss":0},{"damage_healed":0,"gold_gain":0,"player_choice":"Fled From Nobs","damage_taken":0,"max_hp_gain":0,"max_hp_loss":0,"event_name":"Colosseum","floor":19,"gold_loss":0},{"damage_healed":0,"gold_gain":0,"player_choice":"Opened","damage_taken":0,"relics_obtained":["DataDisk"],"max_hp_gain":0,"max_hp_loss":0,"event_name":"The Mausoleum","floor":20,"gold_loss":0},{"cards_removed":["Strike_B"],"damage_healed":0,"gold_gain":0,"player_choice":"Upgrade and Remove","damage_taken":0,"max_hp_gain":0,"max_hp_loss":0,"event_name":"Designer","floor":21,"gold_loss":90,"cards_upgraded":["Defend_B"]},{"damage_healed":0,"gold_gain":0,"cards_transformed":["Defend_B","Defend_B"],"player_choice":"Became Test Subject","damage_taken":0,"max_hp_gain":0,"max_hp_loss":0,"event_name":"Drug Dealer","floor":25,"gold_loss":0,"cards_obtained":["Stack","White Noise"]},{"damage_healed":0,"gold_gain":0,"player_choice":"Copied","damage_taken":0,"max_hp_gain":0,"max_hp_loss":0,"event_name":"Duplicator","floor":41,"gold_loss":0,"cards_obtained":["Chaos"]},{"damage_healed":0,"gold_gain":0,"player_choice":"Memory 3","damage_taken":10,"max_hp_gain":0,"max_hp_loss":0,"event_name":"SensoryStone","floor":48,"gold_loss":0}],"is_beta":true,"boss_relics":[{"not_picked":["Inserter","Velvet Choker"],"picked":"Empty Cage"},{"not_picked":["FrozenCore","Runic Dome"],"picked":"Runic Pyramid"}],"items_purged_floors":[2],"is_endless":false,"potions_floor_spawned":[1,10,13,22,23,42,46],"killed_by":"Time Eater","ascension_level":11}