{"gold_per_floor":[119,39,89,101,112,112,140,140,167,167,182,182,182,70,70,143,143,163,163,163,75,0,32,32,32,58,89,106,22,22,37,37,116,116,131,131,151,161,179,204,224,224,250,280,94,94,141,141,141,141],"floor_reached":51,"playtime":3006,"items_purged":["Strike_G","Parasite"],"score":1661,"play_id":"1833fff9-3c59-45ec-969c-43251bfa1c48","local_time":"20190126170409","is_ascension_mode":true,"campfire_choices":[{"data":"Noxious Fumes","floor":6.0,"key":"SMITH"},{"floor":8.0,"key":"REST"},{"data":"Neutralize","floor":10.0,"key":"SMITH"},{"data":"Noxious Fumes","floor":15.0,"key":"SMITH"},{"floor":25.0,"key":"REST"},{"data":"Sucker Punch","floor":30.0,"key":"SMITH"},{"floor":32.0,"key":"REST"},{"floor":46,"key":"REST"},{"floor":49,"key":"REST"}],"neow_cost":"NONE","seed_source_timestamp":0,"circlet_count":0,"master_deck":["AscendersBane","Defend_G+1","Defend_G+1","Defend_G+1","Defend_G+1","Defend_G+1","Strike_G+1","Strike_G+1","Survivor","Neutralize+1","Escape Plan","Noxious Fumes+1","Cloak And Dagger","Dodge and Roll","Footwork+1","Noxious Fumes+1","Malaise","Footwork+1","Well Laid Plans","Leg Sweep+1","Sucker Punch+1","Backflip","Burst","After Image","Cloak And Dagger","Backflip+1","Blur","Blur","Noxious Fumes","Cloak And Dagger+1"],"special_seed":0,"relics":["Ring of the Serpent","NeowsBlessing","Bag of Preparation","Strawberry","Dream Catcher","Pen Nib","Anchor","Fusion Hammer","Pantograph","Molten Egg 2","Happy Flower","The Courier","Smiling Mask"],"potions_floor_usage":[41,44,50,50],"damage_taken":[{"damage":0.0,"enemies":"Small Slimes","floor":1.0,"turns":1.0},{"damage":0.0,"enemies":"Cultist","floor":4.0,"turns":1.0},{"damage":0.0,"enemies":"2 Louse","floor":5.0,"turns":1.0},{"damage":49.0,"enemies":"3 Sentries","floor":7.0,"turns":10.0},{"damage":11.0,"enemies":"Exordium Wildlife","floor":11.0,"turns":7.0},{"damage":0.0,"enemies":"Hexaghost","floor":16.0,"turns":10.0},{"damage":10.0,"enemies":"3 Byrds","floor":18.0,"turns":4.0},{"damage":8.0,"enemies":"2 Thieves","floor":22.0,"turns":4.0},{"damage":26.0,"enemies":"Gremlin Leader","floor":23.0,"turns":8.0},{"damage":10.0,"enemies":"Book of Stabbing","floor":27.0,"turns":10.0},{"damage":3.0,"enemies":"Snake Plant","floor":28.0,"turns":6.0},{"damage":3.0,"enemies":"Cultist and Chosen","floor":31.0,"turns":7.0},{"damage":43.0,"enemies":"Automaton","floor":33.0,"turns":14.0},{"damage":0,"enemies":"3 Shapes","floor":35,"turns":7},{"damage":0,"enemies":"Orb Walker","floor":37,"turns":6},{"damage":18,"enemies":"Sphere and 2 Shapes","floor":38,"turns":7},{"damage":14,"enemies":"Writhing Mass","floor":39,"turns":10},{"damage":0,"enemies":"Giant Head","floor":40,"turns":14},{"damage":0,"enemies":"Jaw Worm Horde","floor":41,"turns":7},{"damage":0,"enemies":"Nemesis","floor":44,"turns":13},{"damage":0,"enemies":"Donu and Deca","floor":50,"turns":12}],"seed_played":"8949526268822708874","potions_obtained":[{"floor":1.0,"key":"FearPotion"},{"floor":4.0,"key":"GhostInAJar"},{"floor":18.0,"key":"SteroidPotion"},{"floor":27.0,"key":"FairyPotion"},{"floor":38,"key":"Weak Potion"},{"floor":39,"key":"Weak Potion"},{"floor":44,"key":"Swift Potion"}],"is_trial":false,"path_per_floor":["M","$","?","M","M","R","E","R","T","R","M","?","?","$","R","B",null,"M","?","?","$","M","E","?","R","T","E","M","$","R","M","R","B",null,"M","T","M","M","M","E","M","?","T","E","$","R","T","?","R","B",null],"character_chosen":"THE_SILENT","items_purchased":["Noxious Fumes","Noxious Fumes","Well Laid Plans","GhostInAJar","Noxious Fumes","AttackPotion"],"campfire_rested":5,"item_purchase_floors":[2,14,21,29,45,45],"current_hp_per_floor":[59,59,59,59,59,59,10,29,36,36,25,18,18,18,18,18,59,49,49,49,49,41,15,15,36,36,26,23,23,23,20,41,7,57,57,57,57,39,25,25,25,25,25,25,25,46,46,46,65,66],"gold":141,"neow_bonus":"THREE_ENEMY_KILL","is_prod":false,"is_daily":false,"chose_seed":false,"campfire_upgraded":4,"win_rate":0,"timestamp":1548551049,"path_taken":["M","$","?","?","M","R","E","R","T","R","M","?","?","?","R","BOSS","M","?","?","$","M","E","?","R","T","E","M","$","R","M","R","BOSS","M","?","M","M","M","E","M","?","T","E","$","R","?","?","R","BOSS"],"build_version":"2019-01-23","purchased_purges":2,"victory":true,"max_hp_per_floor":[66,66,66,66,66,66,66,66,73,73,73,73,73,73,73,73,73,73,73,73,73,73,73,73,73,73,73,73,73,73,73,73,73,73,73,73,73,73,73,73,73,73,73,73,70,70,70,66,66,66],"card_choices":[{"not_picked":["Dagger Throw","Backflip"],"picked":"Escape Plan","floor":1.0},{"not_picked":["Deflect","Blade Dance","Slice"],"picked":"SKIP","floor":4.0},{"not_picked":["Dagger Throw","Underhanded Strike"],"picked":"Cloak And Dagger","floor":5.0},{"not_picked":["Bouncing Flask","Phantasmal Killer"],"picked":"Dodge and Roll","floor":7.0},{"not_picked":["Slice","Heel Hook"],"picked":"Footwork","floor":11.0},{"not_picked":["Glass Knife","A Thousand Cuts"],"picked":"Malaise","floor":16.0},{"not_picked":["Endless Agony","Skewer","Dodge and Roll"],"picked":"SKIP","floor":18.0},{"not_picked":["Infinite Blades","Bane","Tactician"],"picked":"SKIP","floor":22.0},{"not_picked":["Envenom","Poisoned Stab","Deflect"],"picked":"SKIP","floor":23.0},{"not_picked":["Distraction+1","Prepared"],"picked":"Leg Sweep+1","floor":25.0},{"not_picked":["Dagger Spray+1","Well Laid Plans"],"picked":"Sucker Punch","floor":27.0},{"not_picked":["Outmaneuver","Reflex"],"picked":"Backflip","floor":28.0},{"not_picked":["Underhanded Strike","Dagger Spray","Deflect"],"picked":"SKIP","floor":31.0},{"not_picked":["Quick Slash","Backflip"],"picked":"Burst","floor":32.0},{"not_picked":["Envenom","Corpse Explosion"],"picked":"After Image","floor":33.0},{"not_picked":["Heel Hook","Sucker Punch","PiercingWail"],"picked":"SKIP","floor":35},{"not_picked":["Expertise","Sucker Punch"],"picked":"Cloak And Dagger","floor":37},{"not_picked":["Reflex","Caltrops"],"picked":"Backflip+1","floor":38},{"not_picked":["PiercingWail","Masterful Stab","Skewer"],"picked":"SKIP","floor":39},{"not_picked":["Flying Knee","Poisoned Stab"],"picked":"Blur","floor":40},{"not_picked":["Masterful Stab+1","Dagger Spray+1"],"picked":"Blur","floor":41},{"not_picked":["Sucker Punch+1","PiercingWail","Outmaneuver"],"picked":"SKIP","floor":44},{"not_picked":["Poisoned Stab+1","Backflip"],"picked":"Cloak And Dagger+1","floor":49}],"player_experience":991882,"relics_obtained":[{"floor":7.0,"key":"Bag of Preparation"},{"floor":9.0,"key":"Strawberry"},{"floor":23.0,"key":"Dream Catcher"},{"floor":26.0,"key":"Pen Nib"},{"floor":27.0,"key":"Anchor"},{"floor":36,"key":"Pantograph"},{"floor":40,"key":"Molten Egg 2"},{"floor":43,"key":"Happy Flower"},{"floor":44,"key":"The Courier"},{"floor":47,"key":"Smiling Mask"}],"event_choices":[{"damage_healed":0.0,"max_hp_gain":0.0,"max_hp_loss":0.0,"gold_gain":50.0,"event_name":"Golden Shrine","player_choice":"Pray","floor":3.0,"gold_loss":0.0,"damage_taken":0.0},{"cards_removed":["Strike_G"],"damage_healed":0.0,"max_hp_gain":0.0,"max_hp_loss":0.0,"gold_gain":0.0,"event_name":"Golden Wing","player_choice":"Card Removal","floor":12.0,"gold_loss":0.0,"damage_taken":7.0},{"damage_healed":0.0,"max_hp_gain":0.0,"max_hp_loss":0.0,"gold_gain":0.0,"event_name":"Living Wall","player_choice":"Grow","floor":13.0,"gold_loss":0.0,"damage_taken":0.0,"cards_upgraded":["Footwork"]},{"damage_healed":0.0,"max_hp_gain":0.0,"max_hp_loss":0.0,"gold_gain":0.0,"event_name":"The Library","player_choice":"Read","floor":19.0,"gold_loss":0.0,"damage_taken":0.0,"cards_obtained":["Footwork"]},{"damage_healed":0.0,"max_hp_gain":0.0,"max_hp_loss":0.0,"gold_gain":0.0,"event_name":"Back to Basics","player_choice":"Simplicity","floor":20.0,"gold_loss":0.0,"damage_taken":0.0,"cards_upgraded":["Defend_G","Defend_G","Defend_G","Defend_G","Defend_G","Strike_G","Strike_G","Strike_G"]},{"damage_healed":0.0,"max_hp_gain":0.0,"max_hp_loss":0.0,"gold_gain":0.0,"event_name":"Upgrade Shrine","player_choice":"Upgraded","floor":24.0,"gold_loss":0.0,"damage_taken":0.0,"cards_upgraded":["Footwork"]},{"cards_removed":["Strike_G"],"damage_healed":0,"gold_gain":0,"player_choice":"Removed Attack","damage_taken":0,"max_hp_gain":0,"max_hp_loss":0,"event_name":"Falling","floor":42,"gold_loss":0},{"damage_healed":0,"gold_gain":0,"player_choice":"Max HP","damage_taken":0,"max_hp_gain":0,"max_hp_loss":4,"event_name":"Winding Halls","floor":48,"gold_loss":0}],"is_beta":true,"boss_relics":[{"not_picked":["Calling Bell","Black Star"],"picked":"Ring of the Serpent"},{"not_picked":["White Beast Statue","WristBlade"],"picked":"Fusion Hammer"}],"items_purged_floors":[14,45],"is_endless":false,"potions_floor_spawned":[1,4,11,18,27,31,38,39,44],"ascension_level":19}