{"gold_per_floor":[113,113,132,82,103,139,139,182,182,182,207,282,282,207,207,330,393,377,377,377,390,181,219,219,219,245,245,345,397,417,428,428,531,531,547,602,602,615,1614,1614,1634,1634,1634,1634,1648,1660,1660,1660,1660,1660],"floor_reached":50,"playtime":2596,"items_purged":["Parasite"],"score":738,"play_id":"01c326d4-a324-483e-9b2e-c0ebe3bddec8","local_time":"20181216164542","is_ascension_mode":true,"campfire_choices":[{"floor":7,"key":"REST"},{"floor":13,"key":"REST"},{"data":"Whirlwind","floor":15,"key":"SMITH"},{"floor":24,"key":"REST"},{"data":"Demon Form","floor":27,"key":"SMITH"},{"floor":32,"key":"REST"},{"floor":40,"key":"REST"},{"data":"Pommel Strike","floor":42,"key":"SMITH"},{"data":"Mind Blast","floor":47,"key":"SMITH"},{"data":"Heavy Blade","floor":49,"key":"SMITH"}],"neow_cost":"NONE","seed_source_timestamp":2566076975542621,"circlet_count":0,"master_deck":["Strike_R+1","Strike_R+1","Strike_R+1","Strike_R+1","Defend_R+1","Defend_R+1","Defend_R+1","Defend_R+1","Bash","Disarm","Sword Boomerang","Whirlwind+1","Double Tap","Perfected Strike","Iron Wave","Demon Form+1","Spot Weakness","Infernal Blade+1","Perfected Strike","Battle Trance+1","Pommel Strike+1","Clash+1","Iron Wave+1","Anger+1","Whirlwind+1","Demon Form+1","Pommel Strike+1","Flame Barrier+1","Dropkick+1","Normality","Normality","Iron Wave","Mind Blast+1","Heavy Blade+1","Burning Pact"],"relics":["Burning Blood","NeowsBlessing","Bloody Idol","Bird Faced Urn","Self Forming Clay","Ornamental Fan","Tiny House","Blood Vial","Question Card","Boot","Incense Burner","Bottled Lightning","Pen Nib","Eternal Feather","WingedGreaves","Dodecahedron"],"potions_floor_usage":[16,21,23,28,33,36,50,50],"damage_taken":[{"damage":0,"enemies":"Cultist","floor":1,"turns":1},{"damage":0,"enemies":"Jaw Worm","floor":3,"turns":1},{"damage":0,"enemies":"Small Slimes","floor":5,"turns":1},{"damage":45,"enemies":"3 Sentries","floor":6,"turns":7},{"damage":32,"enemies":"Gremlin Nob","floor":8,"turns":4},{"damage":12,"enemies":"Looter","floor":11,"turns":4},{"damage":39,"enemies":"Slime Boss","floor":16,"turns":7},{"damage":22,"enemies":"2 Thieves","floor":18,"turns":4},{"damage":15,"enemies":"Spheric Guardian","floor":21,"turns":4},{"damage":38,"enemies":"Gremlin Leader","floor":23,"turns":7},{"damage":11,"enemies":"Colosseum Slavers","floor":28,"turns":5},{"damage":55,"enemies":"Colosseum Nobs","floor":28,"turns":5},{"damage":16,"enemies":"3 Cultists","floor":30,"turns":5},{"damage":5,"enemies":"Snecko","floor":31,"turns":4},{"damage":49,"enemies":"Champ","floor":33,"turns":8},{"damage":3,"enemies":"3 Shapes","floor":35,"turns":2},{"damage":76,"enemies":"2 Orb Walkers","floor":36,"turns":5},{"damage":16,"enemies":"Orb Walker","floor":38,"turns":3},{"damage":24,"enemies":"3 Darklings","floor":41,"turns":5},{"damage":30,"enemies":"Maw","floor":45,"turns":7},{"damage":2,"enemies":"Sphere and 2 Shapes","floor":46,"turns":4},{"damage":95,"enemies":"Awakened One","floor":50,"turns":9}],"seed_played":"8490027519756452735","potions_obtained":[{"floor":6,"key":"Weak Potion"},{"floor":16,"key":"AttackPotion"},{"floor":17,"key":"Regen Potion"},{"floor":21,"key":"Ancient Potion"},{"floor":28,"key":"FearPotion"},{"floor":30,"key":"Fire Potion"},{"floor":38,"key":"Energy Potion"},{"floor":45,"key":"GamblersBrew"}],"is_trial":false,"path_per_floor":["M","?","M","?","M","E","R","E","T","?","M","?","R","$","R","B",null,"M","?","?","M","$","E","R","?","T","R","?","T","M","M","R","B",null,"M","?","?","M","?","R","M","R","T","?","M","M","R","?","R","B"],"character_chosen":"IRONCLAD","items_purchased":["Blood Vial","Pommel Strike"],"campfire_rested":5,"item_purchase_floors":[22,22],"current_hp_per_floor":[78,58,64,64,70,31,55,29,29,49,43,32,56,56,56,23,69,53,53,53,58,58,30,54,54,59,59,18,23,20,30,54,20,67,77,16,16,15,20,62,51,69,69,69,54,65,82,82,82,0],"gold":1660,"neow_bonus":"THREE_ENEMY_KILL","is_prod":false,"is_daily":false,"chose_seed":false,"campfire_upgraded":5,"win_rate":0,"timestamp":1545000342,"path_taken":["M","?","M","?","M","E","R","E","T","?","M","?","R","?","R","BOSS","M","?","?","M","?","E","R","?","T","R","?","?","?","M","R","BOSS","M","?","?","?","?","R","M","R","T","?","M","M","R","?","R","BOSS"],"build_version":"2018-12-13","purchased_purges":1,"victory":false,"max_hp_per_floor":[80,80,80,80,80,80,80,80,80,80,80,80,80,77,77,77,82,82,82,82,82,82,82,82,82,82,82,82,82,82,82,82,82,82,82,82,82,82,82,82,82,82,82,82,82,82,82,82,82,82],"card_choices":[{"not_picked":["Iron Wave","Armaments"],"picked":"Disarm","floor":1},{"not_picked":["Corruption","Anger"],"picked":"Sword Boomerang","floor":3},{"not_picked":["Anger","True Grit"],"picked":"Whirlwind","floor":5},{"not_picked":["Intimidate","Havoc"],"picked":"Double Tap","floor":6},{"not_picked":["Sentinel","Clash"],"picked":"Perfected Strike","floor":8},{"not_picked":["Corruption","Body Slam"],"picked":"Iron Wave","floor":11},{"not_picked":["Limit Break","Exhume"],"picked":"Demon Form","floor":16},{"not_picked":["Hemokinesis","Headbutt"],"picked":"Spot Weakness","floor":17},{"not_picked":["Body Slam","Cleave"],"picked":"Infernal Blade+1","floor":18},{"not_picked":["Headbutt","Clothesline+1"],"picked":"Battle Trance+1","floor":21},{"not_picked":["Havoc","Dark Embrace"],"picked":"Clash+1","floor":23},{"not_picked":["Headbutt","Body Slam+1","Twin Strike"],"picked":"Iron Wave+1","floor":28},{"not_picked":["Berserk","Sever Soul","Fire Breathing"],"picked":"Anger+1","floor":30},{"not_picked":["True Grit+1","Feel No Pain","Rage"],"picked":"Whirlwind+1","floor":31},{"not_picked":["Bludgeon","Barricade","Offering"],"picked":"Demon Form","floor":33},{"not_picked":["Corruption+1","Clash","Clothesline+1"],"picked":"Pommel Strike+1","floor":35},{"not_picked":["Anger","Headbutt","Warcry+1"],"picked":"Flame Barrier+1","floor":36},{"not_picked":["Disarm","Evolve+1","Iron Wave"],"picked":"Dropkick+1","floor":38},{"not_picked":["True Grit","Body Slam","Battle Trance"],"picked":"Iron Wave","floor":41},{"not_picked":["Swift Strike","Chrysalis","Jack Of All Trades"],"picked":"Mind Blast","floor":44},{"not_picked":["Searing Blow+1","Shrug It Off+1","Wild Strike"],"picked":"Heavy Blade","floor":45},{"not_picked":["Anger+1","Warcry","Clothesline+1"],"picked":"Burning Pact","floor":46}],"player_experience":305039,"relics_obtained":[{"floor":6,"key":"Bird Faced Urn"},{"floor":8,"key":"Self Forming Clay"},{"floor":9,"key":"Ornamental Fan"},{"floor":23,"key":"Question Card"},{"floor":26,"key":"Boot"},{"floor":28,"key":"Incense Burner"},{"floor":28,"key":"Bottled Lightning"},{"floor":29,"key":"Pen Nib"},{"floor":36,"key":"WingedGreaves"},{"floor":43,"key":"Dodecahedron"}],"event_choices":[{"damage_healed":0,"gold_gain":0,"player_choice":"Take Damage","damage_taken":20,"relics_obtained":["Golden Idol"],"max_hp_gain":0,"max_hp_loss":0,"event_name":"Golden Idol","floor":2,"gold_loss":0},{"cards_removed":["Strike_R"],"damage_healed":0,"gold_gain":0,"player_choice":"Card Removal","damage_taken":0,"max_hp_gain":0,"max_hp_loss":0,"event_name":"The Cleric","floor":4,"gold_loss":50},{"damage_healed":20,"gold_gain":0,"player_choice":"Healed and dodged fight","damage_taken":0,"max_hp_gain":0,"max_hp_loss":0,"event_name":"Mushrooms","floor":10,"gold_loss":0,"cards_obtained":["Parasite"]},{"damage_healed":0,"gold_gain":75,"player_choice":"Gather Gold","damage_taken":11,"max_hp_gain":0,"max_hp_loss":0,"event_name":"World of Goop","floor":12,"gold_loss":0},{"damage_healed":0,"gold_gain":0,"player_choice":"Simplicity","damage_taken":0,"max_hp_gain":0,"max_hp_loss":0,"event_name":"Back to Basics","floor":19,"gold_loss":0,"cards_upgraded":["Strike_R","Strike_R","Strike_R","Strike_R","Defend_R","Defend_R","Defend_R"]},{"damage_healed":0,"gold_gain":0,"player_choice":"Read","damage_taken":0,"max_hp_gain":0,"max_hp_loss":0,"event_name":"The Library","floor":20,"gold_loss":0,"cards_obtained":["Perfected Strike"]},{"damage_healed":0,"gold_gain":0,"player_choice":"Gave Idol","damage_taken":0,"relics_obtained":["Bloody Idol"],"max_hp_gain":0,"max_hp_loss":0,"event_name":"Forgotten Altar","floor":25,"relics_lost":["Golden Idol"],"gold_loss":0},{"damage_healed":0,"gold_gain":0,"player_choice":"Fight","damage_taken":0,"max_hp_gain":0,"max_hp_loss":0,"event_name":"Colosseum","floor":28,"gold_loss":0},{"damage_healed":0,"gold_gain":0,"player_choice":"Fought Nobs","damage_taken":0,"max_hp_gain":0,"max_hp_loss":0,"event_name":"Colosseum","floor":28,"gold_loss":0},{"damage_healed":0,"gold_gain":0,"player_choice":"Fight","damage_taken":0,"max_hp_gain":0,"max_hp_loss":0,"event_name":"Mysterious Sphere","floor":36,"gold_loss":0},{"damage_healed":0,"gold_gain":0,"player_choice":"Forge","damage_taken":0,"max_hp_gain":0,"max_hp_loss":0,"event_name":"Accursed Blacksmith","floor":37,"gold_loss":0,"cards_upgraded":["Demon Form"]},{"damage_healed":0,"gold_gain":999,"player_choice":"Gold","damage_taken":0,"max_hp_gain":0,"max_hp_loss":0,"event_name":"MindBloom","floor":39,"gold_loss":0,"cards_obtained":["Normality","Normality"]},{"damage_healed":0,"gold_gain":0,"player_choice":"Memory 1","damage_taken":0,"max_hp_gain":0,"max_hp_loss":0,"event_name":"SensoryStone","floor":44,"gold_loss":0},{"damage_healed":0,"gold_gain":0,"player_choice":"Full Heal","damage_taken":0,"max_hp_gain":0,"max_hp_loss":0,"event_name":"Wheel of Change","floor":48,"gold_loss":0}],"is_beta":false,"boss_relics":[{"not_picked":["Coffee Dripper","Empty Cage"],"picked":"Tiny House"},{"not_picked":["Sozu","Astrolabe"],"picked":"Eternal Feather"}],"items_purged_floors":[14],"is_endless":false,"potions_floor_spawned":[6,16,21,28,28,30,38,45],"killed_by":"Awakened One","ascension_level":7}