{"path_per_floor":["M","M","?","$","M","R","?","R","T","M","M","E","$","M","R","B",null,"M","$","M","M","M","R","?","M","T","M","R","M","E","M","R","B",null,"M","M","M","?","$","R","E","M","T","M","$","M","R","M","R","B"],"character_chosen":"DEFECT","items_purchased":["Echo Form","Ancient Tea Set","Ginger"],"gold_per_floor":[117,137,137,137,153,153,213,213,213,225,235,262,105,125,125,230,230,250,96,110,127,144,144,144,154,180,193,193,207,234,249,249,350,350,363,377,396,396,90,90,122,140,140,159,84,100,100,114,114,114],"floor_reached":51,"campfire_rested":4,"playtime":7830,"item_purchase_floors":[],"current_hp_per_floor":[72,70,70,70,69,69,69,69,69,69,69,52,52,49,49,13,75,61,61,28,24,10,47,47,32,32,30,67,64,48,45,75,24,75,75,75,68,58,58,58,43,61,61,64,64,75,75,62,75,35],"items_purged":["Strike_B"],"gold":114,"score":716,"play_id":"e41681d7-a70f-4618-9ac8-a17457c8adc3","local_time":"20180604160758","is_prod":false,"is_daily":false,"chose_seed":false,"is_ascension_mode":true,"campfire_upgraded":5,"win_rate":0,"timestamp":1528153678,"campfire_choices":[{"data":"Zap","floor":6.0,"key":"SMITH"},{"data":"Dualcast","floor":8.0,"key":"SMITH"},{"data":"Echo Form","floor":15.0,"key":"SMITH"},{"floor":23.0,"key":"REST"},{"floor":28.0,"key":"REST"},{"floor":32.0,"key":"REST"},{"data":"Hologram","floor":40.0,"key":"SMITH"},{"data":"Loop","floor":47.0,"key":"SMITH"},{"floor":49,"key":"REST"}],"path_taken":["M","M","?","$","M","R","?","R","T","M","M","E","$","?","R","BOSS","M","$","M","M","M","R","?","M","T","?","R","M","E","M","R","BOSS","M","M","M","?","$","R","E","M","T","?","$","M","R","M","R","BOSS"],"build_version":"2018-05-31","seed_source_timestamp":0,"purchased_purges":1,"victory":true,"master_deck":["Strike_B","Strike_B","Defend_B","Defend_B","Defend_B","Defend_B","Zap+1","Dualcast+1","Leap","Compile Driver","Sweeping Beam","Darkness","Loop+1","Cold Snap","Echo Form+1","Steam","Reboot","Redo","Go for the Eyes+1","Conserve Battery+1","Hologram+1","Stack","Coolheaded+1","BootSequence","Rebound+1","Creative AI","Streamline+1","Barrage","Magnetism","Dramatic Entrance","Bandage Up","Self Repair","Barrage+1"],"max_hp_per_floor":[75,75,75,75,75,75,75,75,75,75,75,75,75,75,75,75,75,75,75,75,75,75,75,75,75,75,75,75,75,75,75,75,75,75,75,75,75,75,75,75,75,75,75,75,75,75,75,75,75,75],"relics":["Cracked Core","Omamori","Tiny Chest","Regal Pillow","Art of War","Cursed Key","Ancient Tea Set","Vajra","Thread and Needle","Sozu","Ginger","Dodecahedron","Mercury Hourglass"],"card_choices":[{"not_picked":["Stack","Gash"],"picked":"Leap","floor":1.0},{"not_picked":["Barrage","Tempest"],"picked":"Compile Driver","floor":2.0},{"not_picked":["Hello World","Redo"],"picked":"Sweeping Beam","floor":5.0},{"not_picked":["Compile Driver","Beam Cell"],"picked":"Darkness","floor":10.0},{"not_picked":["Ball Lightning","Doom and Gloom"],"picked":"Loop","floor":11.0},{"not_picked":["Beam Cell","Lockon"],"picked":"Cold Snap","floor":12.0},{"not_picked":["Leap","Turbo"],"picked":"Steam","floor":14.0},{"not_picked":["Echo Form","Thunder Strike"],"picked":"Reboot","floor":16.0},{"not_picked":["Sweeping Beam","Undo"],"picked":"Redo","floor":18.0},{"not_picked":["Leap","Rebound+1"],"picked":"Go for the Eyes+1","floor":20.0},{"not_picked":["Go for the Eyes","Compile Driver"],"picked":"Conserve Battery+1","floor":21.0},{"not_picked":["Creative AI","Sweeping Beam"],"picked":"Hologram","floor":22.0},{"not_picked":["Rip and Tear","Barrage"],"picked":"Stack","floor":25.0},{"not_picked":["Sweeping Beam","Storm","Doom and Gloom"],"picked":"SKIP","floor":27.0},{"not_picked":["Steam","Doom and Gloom+1"],"picked":"Coolheaded+1","floor":29.0},{"not_picked":["Steam Power+1","Steam"],"picked":"BootSequence","floor":30.0},{"not_picked":["Stack","Beam Cell"],"picked":"Rebound+1","floor":31.0},{"not_picked":["Rainbow","Reboot"],"picked":"Creative AI","floor":33.0},{"not_picked":["Turbo+1","Barrage+1"],"picked":"Streamline+1","floor":35.0},{"not_picked":["White Noise","Static Discharge+1","Go for the Eyes"],"picked":"SKIP","floor":36.0},{"not_picked":["Rebound+1","Steam Power+1"],"picked":"Barrage","floor":37.0},{"not_picked":["Madness","Transmutation"],"picked":"Magnetism","floor":38.0},{"not_picked":["Blind","Purity"],"picked":"Dramatic Entrance","floor":38.0},{"not_picked":["Blind","Good Instincts"],"picked":"Bandage Up","floor":38.0},{"not_picked":["Hologram+1","Cold Snap+1"],"picked":"Self Repair","floor":41.0},{"not_picked":["Compile Driver+1","Sweeping Beam","Barrage"],"picked":"SKIP","floor":42.0},{"not_picked":["White Noise+1","Turbo+1"],"picked":"Barrage+1","floor":44.0},{"not_picked":["Ball Lightning+1","Redo","Cold Snap+1"],"picked":"SKIP","floor":46.0},{"not_picked":["Rip and Tear+1","Melter+1","Hello World+1"],"picked":"SKIP","floor":48}],"player_experience":795994,"potions_floor_usage":[50,50],"damage_taken":[{"damage":3.0,"enemies":"2 Louse","floor":1.0,"turns":3.0},{"damage":2.0,"enemies":"Cultist","floor":2.0,"turns":5.0},{"damage":1.0,"enemies":"Jaw Worm","floor":5.0,"turns":4.0},{"damage":0.0,"enemies":"3 Louse","floor":10.0,"turns":2.0},{"damage":0.0,"enemies":"Exordium Wildlife","floor":11.0,"turns":4.0},{"damage":17.0,"enemies":"3 Sentries","floor":12.0,"turns":6.0},{"damage":3.0,"enemies":"Large Slime","floor":14.0,"turns":4.0},{"damage":36.0,"enemies":"Hexaghost","floor":16.0,"turns":10.0},{"damage":14.0,"enemies":"Shell Parasite","floor":18.0,"turns":4.0},{"damage":33.0,"enemies":"2 Thieves","floor":20.0,"turns":5.0},{"damage":4.0,"enemies":"3 Cultists","floor":21.0,"turns":6.0},{"damage":14.0,"enemies":"Sentry and Sphere","floor":22.0,"turns":4.0},{"damage":15.0,"enemies":"Snake Plant","floor":25.0,"turns":4.0},{"damage":2.0,"enemies":"Centurion and Healer","floor":27.0,"turns":7.0},{"damage":3.0,"enemies":"Chosen and Byrds","floor":29.0,"turns":7.0},{"damage":16.0,"enemies":"Book of Stabbing","floor":30.0,"turns":7.0},{"damage":3.0,"enemies":"Cultist and Chosen","floor":31.0,"turns":8.0},{"damage":51.0,"enemies":"Collector","floor":33.0,"turns":15.0},{"damage":0.0,"enemies":"3 Shapes","floor":35.0,"turns":5.0},{"damage":0.0,"enemies":"Orb Walker","floor":36.0,"turns":4.0},{"damage":7.0,"enemies":"4 Shapes","floor":37.0,"turns":5.0},{"damage":19.0,"enemies":"Nemesis","floor":41.0,"turns":5.0},{"damage":4.0,"enemies":"Sphere and 2 Shapes","floor":42.0,"turns":10.0},{"damage":11.0,"enemies":"3 Darklings","floor":44.0,"turns":4.0},{"damage":3.0,"enemies":"4 Shapes","floor":46.0,"turns":4.0},{"damage":13,"enemies":"Sphere and 2 Shapes","floor":48,"turns":5},{"damage":44,"enemies":"Awakened One","floor":50,"turns":18}],"relics_obtained":[{"floor":9.0,"key":"Regal Pillow"},{"floor":12.0,"key":"Art of War"},{"floor":26.0,"key":"Vajra"},{"floor":30.0,"key":"Thread and Needle"},{"floor":41.0,"key":"Dodecahedron"},{"floor":43.0,"key":"Mercury Hourglass"}],"event_choices":[{"event_name":"Bonfire Elementals","player_choice":"BASIC","floor":3.0,"damage_taken":0.0},{"event_name":"Dead Adventurer","player_choice":"Searched \u00272\u0027 times","floor":7.0,"damage_taken":0.0},{"event_name":"Ghosts","player_choice":"Ignored","floor":24.0,"damage_taken":0.0},{"event_name":"SensoryStone","player_choice":"Memory 3","floor":38.0,"damage_taken":0.0}],"boss_relics":[],"items_purged_floors":[],"potions_floor_spawned":[5,11,12,18,21,27,33,36,44,46,48],"seed_played":"-4896678755302967082","ascension_level":1,"potions_obtained":[{"floor":5.0,"key":"Strength Potion"},{"floor":11.0,"key":"SkillPotion"},{"floor":12.0,"key":"SteroidPotion"},{"floor":21.0,"key":"SteroidPotion"},{"floor":27.0,"key":"SpeedPotion"}],"is_trial":false}