{"gold_per_floor":[112,125,200,200,200,200,43,43,92,109,109,109,121,148,148,221,221,238,248,248,268,268,268,281,281,281,63,75,95,95,107,107,107],"floor_reached":33,"playtime":4647,"items_purged":[],"score":469,"play_id":"959a53e2-80ea-45fc-bcaf-e5cdd7d13217","local_time":"20181217141636","is_ascension_mode":true,"campfire_choices":[{"data":"Zap","floor":6.0,"key":"SMITH"},{"floor":8.0,"key":"REST"},{"data":"Sweeping Beam","floor":12.0,"key":"SMITH"},{"floor":15.0,"key":"REST"},{"floor":23,"key":"REST"},{"data":"Loop","floor":25,"key":"SMITH"},{"floor":30,"key":"REST"},{"floor":32,"key":"REST"}],"neow_cost":"NONE","seed_source_timestamp":456781393807754,"circlet_count":0,"master_deck":["AscendersBane","Strike_B","Strike_B","Strike_B","Defend_B","Defend_B","Defend_B+1","Defend_B+1","Zap+1","Dualcast","Sweeping Beam+1","Cold Snap","Conserve Battery","Electrodynamics","Coolheaded","Core Surge","Cold Snap+1","Lockon","Compile Driver","Loop+1","Hologram","Stack+1","Hologram","Conserve Battery"],"special_seed":0,"relics":["Cracked Core","Omamori","Happy Flower","DataDisk","Girya","Cursed Key","Ancient Tea Set"],"potions_floor_usage":[21],"damage_taken":[{"damage":8.0,"enemies":"2 Louse","floor":1.0,"turns":3.0},{"damage":10.0,"enemies":"Small Slimes","floor":2.0,"turns":3.0},{"damage":0.0,"enemies":"Cultist","floor":10.0,"turns":2.0},{"damage":5.0,"enemies":"Blue Slaver","floor":13.0,"turns":3.0},{"damage":10.0,"enemies":"Lagavulin","floor":14.0,"turns":5.0},{"damage":18,"enemies":"The Guardian","floor":16,"turns":14},{"damage":20,"enemies":"2 Thieves","floor":18,"turns":4},{"damage":0,"enemies":"3 Byrds","floor":19,"turns":3},{"damage":0,"enemies":"Centurion and Healer","floor":21,"turns":4},{"damage":0,"enemies":"3 Cultists","floor":24,"turns":2},{"damage":19,"enemies":"Shelled Parasite and Fungi","floor":28,"turns":4},{"damage":9,"enemies":"Snake Plant","floor":29,"turns":4},{"damage":16,"enemies":"Centurion and Healer","floor":31,"turns":4},{"damage":53,"enemies":"Collector","floor":33,"turns":10}],"seed_played":"2347863410448767557","potions_obtained":[{"floor":10.0,"key":"Poison Potion"},{"floor":13.0,"key":"SpeedPotion"},{"floor":16,"key":"SkillPotion"},{"floor":24,"key":"SkillPotion"}],"is_trial":false,"path_per_floor":["M","M","?","?","?","R","$","R","T","M","?","R","M","E","R","B",null,"M","M","?","M","?","R","M","R","T","$","M","M","R","M","R","B"],"character_chosen":"DEFECT","items_purchased":["Happy Flower","Ancient Tea Set","Hologram"],"campfire_rested":5,"item_purchase_floors":[7,27,27],"current_hp_per_floor":[63,53,42,19,19,19,19,42,42,42,42,42,37,27,50,32,67,47,47,25,25,25,49,49,49,49,49,30,21,45,29,53,0],"gold":107,"neow_bonus":"TEN_PERCENT_HP_BONUS","is_prod":false,"is_daily":false,"chose_seed":false,"campfire_upgraded":3,"win_rate":0,"timestamp":1545084996,"path_taken":["M","M","?","?","?","R","$","R","T","?","?","R","M","E","R","BOSS","M","?","?","M","?","R","M","R","T","$","M","M","R","M","R","BOSS"],"build_version":"2018-12-13","purchased_purges":0,"victory":false,"max_hp_per_floor":[78,78,78,78,78,78,78,78,78,78,78,78,78,78,78,78,78,78,78,83,83,83,83,83,83,83,83,83,83,83,83,83,83],"card_choices":[{"not_picked":["Go for the Eyes","Genetic Algorithm"],"picked":"Ball Lightning","floor":1.0},{"not_picked":["Rip and Tear","Redo"],"picked":"Sweeping Beam","floor":2.0},{"not_picked":["Conserve Battery","Stack"],"picked":"Cold Snap","floor":10.0},{"not_picked":["Rebound","Stack"],"picked":"Electrodynamics","floor":13.0},{"not_picked":["Thunder Strike","Leap"],"picked":"Coolheaded","floor":14.0},{"not_picked":["Creative AI","Rainbow"],"picked":"Core Surge","floor":16},{"not_picked":["Leap","Fusion"],"picked":"Cold Snap+1","floor":18},{"not_picked":["Rebound","Darkness"],"picked":"Lockon","floor":19},{"not_picked":["Gash","Barrage"],"picked":"Compile Driver","floor":21},{"not_picked":["Go for the Eyes","Rebound"],"picked":"Loop","floor":24},{"not_picked":["Compile Driver","Rebound"],"picked":"Stack+1","floor":28},{"not_picked":["Multi-Cast","Barrage"],"picked":"Hologram","floor":29},{"not_picked":["Compile Driver","Turbo"],"picked":"Conserve Battery","floor":31}],"player_experience":1580619,"relics_obtained":[{"floor":9.0,"key":"DataDisk"},{"floor":14.0,"key":"Girya"}],"event_choices":[{"damage_healed":0.0,"max_hp_gain":0.0,"max_hp_loss":0.0,"gold_gain":75.0,"event_name":"World of Goop","player_choice":"Gather Gold","floor":3.0,"gold_loss":0.0,"damage_taken":11.0},{"damage_healed":0.0,"max_hp_gain":0.0,"max_hp_loss":0.0,"gold_gain":0.0,"event_name":"Shining Light","player_choice":"Entered Light","floor":4.0,"gold_loss":0.0,"damage_taken":23.0,"cards_upgraded":["Defend_B","Defend_B"]},{"cards_removed":["Ball Lightning"],"damage_healed":0.0,"max_hp_gain":0.0,"max_hp_loss":0.0,"gold_gain":0.0,"event_name":"WeMeetAgain","player_choice":"Gave Card","floor":5.0,"gold_loss":0.0,"damage_taken":0.0,"relics_obtained":["Omamori"]},{"damage_healed":0.0,"max_hp_gain":0.0,"max_hp_loss":0.0,"gold_gain":0.0,"cards_transformed":["Strike_B"],"event_name":"Transmorgrifier","player_choice":"Transformed","floor":11.0,"gold_loss":0.0,"damage_taken":0.0,"cards_obtained":["Conserve Battery"]},{"damage_healed":0,"gold_gain":0,"player_choice":"Shed Blood","damage_taken":27,"max_hp_gain":5,"max_hp_loss":0,"event_name":"Forgotten Altar","floor":20,"gold_loss":0},{"damage_healed":0,"gold_gain":0,"player_choice":"Ignored","damage_taken":0,"max_hp_gain":0,"max_hp_loss":0,"event_name":"Vampires","floor":22,"gold_loss":0}],"is_beta":false,"boss_relics":[{"not_picked":["White Beast Statue","Black Star"],"picked":"Cursed Key"}],"items_purged_floors":[],"is_endless":false,"potions_floor_spawned":[10,13,16,24,29],"killed_by":"Collector","ascension_level":18}