{"gold_per_floor":[115,115,115,115,130,165,181,199,229,260],"floor_reached":10,"playtime":268,"items_purged":[],"score":196,"play_id":"0628e21d-1bf4-458d-9581-e5621440ddd7","local_time":"20190103133328","is_ascension_mode":true,"campfire_choices":[],"neow_cost":"NONE","seed_source_timestamp":1143390915604129,"circlet_count":0,"master_deck":["AscendersBane","Strike_R","Strike_R","Strike_R","Strike_R","Strike_R","Defend_R","Defend_R","Defend_R","Defend_R","Bash","Clothesline","Shrug It Off","Disarm","Twin Strike","Cleave"],"relics":["Burning Blood","NeowsBlessing","CultistMask","Red Skull","Tiny Chest","The Courier"],"potions_floor_usage":[],"damage_taken":[{"damage":0,"enemies":"2 Louse","floor":1,"turns":2},{"damage":0,"enemies":"Cultist","floor":5,"turns":1},{"damage":0,"enemies":"Gremlin Nob","floor":6,"turns":1},{"damage":5,"enemies":"Small Slimes","floor":7,"turns":4},{"damage":11,"enemies":"Blue Slaver","floor":8,"turns":6},{"damage":52,"enemies":"3 Sentries","floor":10,"turns":9}],"seed_played":"6007498334228809499","potions_obtained":[{"floor":5,"key":"LiquidBronze"},{"floor":6,"key":"PowerPotion"}],"is_trial":false,"path_per_floor":["M","?","$","$","M","E","M","M","T","E"],"character_chosen":"IRONCLAD","items_purchased":[],"campfire_rested":0,"item_purchase_floors":[],"current_hp_per_floor":[74,74,74,74,75,75,75,70,70,24],"gold":260,"neow_bonus":"THREE_ENEMY_KILL","is_prod":false,"is_daily":false,"chose_seed":false,"campfire_upgraded":0,"win_rate":0,"timestamp":1546551208,"path_taken":["M","?","?","$","M","E","M","M","T","E"],"build_version":"2018-12-20","purchased_purges":0,"victory":false,"max_hp_per_floor":[75,75,75,75,75,75,75,75,75,75],"card_choices":[{"not_picked":["Body Slam","Heavy Blade"],"picked":"Clothesline","floor":1},{"not_picked":["Body Slam","Entrench"],"picked":"Shrug It Off","floor":5},{"not_picked":["Heavy Blade","Anger"],"picked":"Disarm","floor":6},{"not_picked":["Anger","Sword Boomerang"],"picked":"Twin Strike","floor":7},{"not_picked":["Body Slam","Shrug It Off"],"picked":"Cleave","floor":8}],"player_experience":1645188,"relics_obtained":[{"floor":6,"key":"Red Skull"},{"floor":9,"key":"Tiny Chest"},{"floor":10,"key":"The Courier"}],"event_choices":[{"damage_healed":0,"gold_gain":0,"player_choice":"Trade","damage_taken":0,"relics_obtained":["CultistMask"],"max_hp_gain":0,"max_hp_loss":0,"event_name":"FaceTrader","floor":2,"gold_loss":0}],"is_beta":false,"boss_relics":[],"items_purged_floors":[],"is_endless":false,"potions_floor_spawned":[5,6,10],"killed_by":"3 Sentries","ascension_level":18}