{"path_per_floor":["M","?","?","?","M","R","E","M","T","$","M","M","M","$","R","B",null,"M","M","?"],"character_chosen":"DEFECT","items_purchased":["Membership Card"],"gold_per_floor":[116,116,116,116,129,129,156,171,171,171,191,206,222,27,27,131,131,149,166,166,166],"floor_reached":21,"campfire_rested":1,"playtime":784,"current_hp_per_floor":[75,75,75,75,70,70,65,65,65,65,52,34,25,25,47,47,75,42,17,3,0],"items_purged":[],"gold":166,"score":206,"play_id":"b2d307f3-e9fb-4fb7-aca2-8eedecb437f8","local_time":"20180428130113","is_prod":false,"is_daily":false,"chose_seed":false,"is_ascension_mode":false,"campfire_upgraded":1,"timestamp":1524884473,"path_taken":["M","?","?","?","M","R","E","M","T","?","M","M","M","?","R","BOSS","M","M","?","M"],"build_version":"2018-04-26v2","seed_source_timestamp":0,"purchased_purges":0,"victory":false,"master_deck":["Strike_B","Strike_B","Strike_B","Strike_B","Defend_B","Defend_B","Defend_B","Defend_B","Zap","Dualcast+1","Ball Lightning","Regret","Go for the Eyes+1","Auto Shields+1","Streamline","Allocate+1","Glacier+1","Static Discharge","Amplify+1","Pain","Injury","Parasite","Chaos+1","Impulse+1"],"max_hp_per_floor":[75,75,75,75,75,75,75,75,75,75,75,75,75,75,75,75,75,75,75,80,80],"relics":["Cracked Core","NeowsBlessing","Pantograph","Oddly Smooth Stone","Toxic Egg 2","Shuriken","Membership Card","Calling Bell","Ancient Tea Set","Toolbox","Torii"],"card_choices":[{"not_picked":["Skim","Reinforced Body"],"picked":"Ball Lightning","floor":1.0},{"not_picked":["Barrage","Glacier"],"picked":"Go for the Eyes","floor":5.0},{"not_picked":["Conserve Battery","Blaster"],"picked":"Auto Shields","floor":7.0},{"not_picked":["Coolheaded","Ball Lightning"],"picked":"Streamline","floor":8.0},{"not_picked":["Impulse","Sweeping Beam"],"picked":"Allocate","floor":11.0},{"not_picked":["Gash","FTL"],"picked":"Glacier","floor":12.0},{"not_picked":["Streamline","Ball Lightning"],"picked":"Static Discharge","floor":13},{"not_picked":["All For One","Seek"],"picked":"Amplify","floor":16},{"not_picked":["Cold Snap","Impulse"],"picked":"Chaos","floor":18},{"not_picked":["Skim","Reinforced Body"],"picked":"Impulse","floor":19}],"player_experience":133351,"potions_floor_usage":[13,21],"damage_taken":[{"damage":0.0,"enemies":"2 Louse","floor":1.0,"turns":1.0},{"damage":5.0,"enemies":"Cultist","floor":5.0,"turns":1.0},{"damage":5.0,"enemies":"Gremlin Nob","floor":7.0,"turns":1.0},{"damage":0.0,"enemies":"Small Slimes","floor":8.0,"turns":2.0},{"damage":13.0,"enemies":"3 Louse","floor":11.0,"turns":4.0},{"damage":18.0,"enemies":"Blue Slaver","floor":12.0,"turns":3.0},{"damage":9,"enemies":"Gremlin Gang","floor":13,"turns":4},{"damage":25,"enemies":"Hexaghost","floor":16,"turns":11},{"damage":33,"enemies":"Spheric Guardian","floor":18,"turns":5},{"damage":25,"enemies":"2 Thieves","floor":19,"turns":4},{"damage":8,"enemies":"Snake Plant","floor":21,"turns":1}],"event_choices":[{"event_name":"Upgrade Shrine","player_choice":"Upgraded","floor":2.0,"damage_taken":0.0},{"event_name":"Big Fish","player_choice":"Box","floor":3.0,"damage_taken":0.0},{"event_name":"Accursed Blacksmith","player_choice":"Rummage","floor":4.0,"damage_taken":0.0},{"event_name":"Forgotten Altar","player_choice":"Shed Blood","floor":20,"damage_taken":0}],"boss_relics":[{"not_picked":["Velvet Choker","Runic Dome"],"picked":"Calling Bell"}],"potions_floor_spawned":[7,11,12,13,19],"seed_played":"-680535775869064278","killed_by":"Snake Plant","ascension_level":0,"is_trial":false}