{"gold_per_floor":[115,115,115,128,53,87,99,116,142,171,3,31,43,81,93,105],"floor_reached":16,"playtime":410,"items_purged":["Strike_G"],"score":315,"play_id":"4cbe1e1a-a1ec-4d9f-a4e5-75cad53139df","local_time":"20181027150749","is_ascension_mode":true,"campfire_choices":[{"data":"Malaise","floor":13,"key":"SMITH"},{"data":"Neutralize","floor":15,"key":"SMITH"}],"neow_cost":"NONE","seed_source_timestamp":521714661801350,"circlet_count":0,"master_deck":["Defend_G","Defend_G","Defend_G","Defend_G","Defend_G","Strike_G","Strike_G","Strike_G","Survivor","Neutralize+1","AscendersBane","Cloak And Dagger","Calculated Gamble","All Out Attack","Venomology","Malaise+1","Cloak And Dagger"],"relics":["Ring of the Snake","NeowsBlessing","PreservedInsect","Vajra","Anchor","Lantern","MawBank","Omamori"],"potions_floor_usage":[8,10,10,14,16,16],"damage_taken":[{"damage":0,"enemies":"2 Louse","floor":1,"turns":1},{"damage":0,"enemies":"Small Slimes","floor":4,"turns":1},{"damage":0,"enemies":"3 Sentries","floor":6,"turns":1},{"damage":12,"enemies":"Jaw Worm","floor":7,"turns":4},{"damage":0,"enemies":"2 Fungi Beasts","floor":8,"turns":3},{"damage":0,"enemies":"Gremlin Nob","floor":10,"turns":2},{"damage":0,"enemies":"Red Slaver","floor":12,"turns":3},{"damage":10,"enemies":"3 Sentries","floor":14,"turns":6},{"damage":50,"enemies":"Slime Boss","floor":16,"turns":10}],"seed_played":"4465408271416216217","potions_obtained":[{"floor":4,"key":"FearPotion"},{"floor":14,"key":"Regen Potion"}],"is_trial":false,"path_per_floor":["M","?","?","M","$","E","M","M","T","E","$","M","R","E","R"],"character_chosen":"THE_SILENT","items_purchased":["MawBank"],"campfire_rested":0,"item_purchase_floors":[11],"current_hp_per_floor":[59,59,48,48,48,48,36,36,36,36,36,36,36,26,26,0],"gold":105,"neow_bonus":"THREE_ENEMY_KILL","is_prod":false,"is_daily":false,"chose_seed":false,"campfire_upgraded":2,"win_rate":0,"timestamp":1540678069,"path_taken":["M","?","?","?","$","E","M","M","T","E","$","M","R","E","R","BOSS"],"build_version":"2018-10-25v2","purchased_purges":1,"victory":false,"max_hp_per_floor":[66,66,66,66,66,66,66,66,66,66,66,66,66,66,66,66],"card_choices":[{"not_picked":["Deflect","Poisoned Stab"],"picked":"Cloak And Dagger","floor":1},{"not_picked":["Acrobatics","Poisoned Stab"],"picked":"All Out Attack","floor":4},{"not_picked":["Slice","Dagger Throw"],"picked":"Venomology","floor":6},{"not_picked":["Deadly Poison","PiercingWail","Bane"],"picked":"SKIP","floor":7},{"not_picked":["Deadly Poison","Flying Knee"],"picked":"Malaise","floor":8},{"not_picked":["Acrobatics","Concentrate"],"picked":"Cloak And Dagger","floor":10},{"not_picked":["Bane","Eviscerate","Blade Dance"],"picked":"SKIP","floor":12},{"not_picked":["Underhanded Strike","Expertise","Heel Hook"],"picked":"SKIP","floor":14}],"player_experience":895515,"relics_obtained":[{"floor":6,"key":"Vajra"},{"floor":9,"key":"Anchor"},{"floor":10,"key":"Lantern"},{"floor":14,"key":"Omamori"}],"event_choices":[{"damage_healed":0,"gold_gain":0,"cards_transformed":["Strike_G"],"player_choice":"Change","damage_taken":0,"max_hp_gain":0,"max_hp_loss":0,"event_name":"Living Wall","floor":2,"gold_loss":0,"cards_obtained":["Calculated Gamble"]},{"damage_healed":0,"gold_gain":0,"player_choice":"Success","damage_taken":11,"relics_obtained":["PreservedInsect"],"max_hp_gain":0,"max_hp_loss":0,"event_name":"Scrap Ooze","floor":3,"gold_loss":0}],"is_beta":true,"boss_relics":[],"items_purged_floors":[5],"is_endless":false,"potions_floor_spawned":[4,7,12,14],"killed_by":"Slime Boss","ascension_level":17}