{"gold_per_floor":[114,132,232,245,258,287,287,306,306,8,36,48,72,159,171,282,294,323,335,312,342,38,38,52,52,52,78,93,93,105,116,116,217,217,227,238,8,19,19,19,33,50,74,74,94,109,29,48,48,48],"floor_reached":51,"playtime":3538,"items_purged":["Strike_R","Strike_R","Parasite"],"score":687,"play_id":"c5253bdc-9e08-410e-971d-2f13704fa5da","local_time":"20190206131707","is_ascension_mode":false,"campfire_choices":[{"data":"Armaments","floor":7,"key":"SMITH"},{"data":"Whirlwind","floor":15,"key":"SMITH"},{"floor":23,"key":"REST"},{"floor":25,"key":"REST"},{"floor":32,"key":"REST"},{"data":"Demon Form","floor":40,"key":"SMITH"},{"floor":44,"key":"REST"},{"floor":49,"key":"REST"}],"neow_cost":"","seed_source_timestamp":465999976756020,"circlet_count":0,"master_deck":["Strike_R","Defend_R","Defend_R","Defend_R","Defend_R","Bash","Cleave","Armaments+1","Shockwave","Demon Form+1","Whirlwind+1","Ghostly Armor","Metallicize","Feed","True Grit","Disarm","Blood for Blood+1","Shrug It Off+1","Necronomicurse","Disarm","Flame Barrier","Juggernaut","Shockwave","Whirlwind+1","Barricade","Rampage"],"relics":["Burning Blood","Matryoshka","Strawberry","Gremlin Horn","Membership Card","MawBank","Empty Cage","Gambling Chip","Bronze Scales","Self Forming Clay","Pantograph","Magic Flower","Necronomicon","Sozu","Vajra","ClockworkSouvenir","Ancient Tea Set"],"potions_floor_usage":[6,11,11,13,16,20,21,24,28,28,31,31,42],"damage_taken":[{"damage":6,"enemies":"Jaw Worm","floor":1,"turns":4},{"damage":6,"enemies":"Cultist","floor":2,"turns":3},{"damage":0,"enemies":"Small Slimes","floor":4,"turns":2},{"damage":2,"enemies":"Looter","floor":5,"turns":4},{"damage":39,"enemies":"Lagavulin","floor":6,"turns":6},{"damage":6,"enemies":"3 Louse","floor":8,"turns":4},{"damage":26,"enemies":"Gremlin Nob","floor":11,"turns":5},{"damage":1,"enemies":"Exordium Wildlife","floor":13,"turns":3},{"damage":34,"enemies":"The Guardian","floor":16,"turns":10},{"damage":36,"enemies":"Spheric Guardian","floor":18,"turns":8},{"damage":30,"enemies":"2 Thieves","floor":20,"turns":5},{"damage":48,"enemies":"Cultist and Chosen","floor":21,"turns":11},{"damage":8,"enemies":"Snake Plant","floor":24,"turns":6},{"damage":37,"enemies":"Book of Stabbing","floor":27,"turns":6},{"damage":5,"enemies":"Snecko","floor":28,"turns":5},{"damage":6,"enemies":"3 Cultists","floor":30,"turns":6},{"damage":37,"enemies":"Cultist and Chosen","floor":31,"turns":9},{"damage":47,"enemies":"Champ","floor":33,"turns":12},{"damage":22,"enemies":"3 Shapes","floor":35,"turns":3},{"damage":7,"enemies":"3 Darklings","floor":36,"turns":3},{"damage":13,"enemies":"Writhing Mass","floor":38,"turns":5},{"damage":33,"enemies":"4 Shapes","floor":41,"turns":4},{"damage":16,"enemies":"Jaw Worm Horde","floor":42,"turns":3},{"damage":0,"enemies":"Sphere and 2 Shapes","floor":45,"turns":1},{"damage":37,"enemies":"Maw","floor":46,"turns":8},{"damage":37,"enemies":"Writhing Mass","floor":48,"turns":4},{"damage":59,"enemies":"Awakened One","floor":50,"turns":9}],"seed_played":"2262664686340989389","potions_obtained":[{"floor":2,"key":"Energy Potion"},{"floor":8,"key":"Weak Potion"},{"floor":11,"key":"Fire Potion"},{"floor":13,"key":"Weak Potion"},{"floor":16,"key":"BloodPotion"},{"floor":20,"key":"LiquidBronze"},{"floor":24,"key":"SpeedPotion"},{"floor":27,"key":"LiquidBronze"},{"floor":30,"key":"Regen Potion"},{"floor":33,"key":"Explosive Potion"}],"is_trial":false,"path_per_floor":["M","M","?","M","M","E","R","M","T","$","E","?","M","?","R","B",null,"M","?","M","M","$","R","M","R","T","E","M","?","M","M","R","B",null,"M","M","$","M","?","R","M","M","T","R","M","M","$","M","R","B",null],"character_chosen":"IRONCLAD","items_purchased":["Whirlwind","Membership Card","Block Potion","Gambling Chip","Bronze Scales","GamblersBrew","Energy Potion","Vajra","ClockworkSouvenir","Rampage"],"campfire_rested":5,"item_purchase_floors":[10,10,10,22,22,22,22,37,37,47],"current_hp_per_floor":[80,80,80,80,80,47,47,47,54,54,34,87,87,76,76,48,87,60,60,49,11,11,40,41,71,71,40,44,28,36,32,63,63,104,91,93,93,89,89,89,65,58,58,87,96,68,68,40,68,46],"gold":48,"neow_bonus":"","is_prod":false,"is_daily":false,"chose_seed":false,"campfire_upgraded":3,"win_rate":0.0,"timestamp":1549480627,"path_taken":["M","M","?","?","M","E","R","M","T","$","E","?","?","?","R","BOSS","M","?","M","?","$","R","M","R","T","E","M","?","M","M","R","BOSS","M","M","$","M","?","R","M","M","T","R","M","M","$","M","R","BOSS"],"build_version":"2019-01-23","purchased_purges":3,"victory":true,"max_hp_per_floor":[80,80,80,80,80,80,80,80,87,87,87,87,87,87,87,87,87,90,90,94,98,98,98,101,101,101,101,101,101,104,104,104,104,104,104,104,104,104,99,99,99,99,99,99,99,99,96,96,96,96],"card_choices":[{"not_picked":["Thunderclap","Infernal Blade"],"picked":"Cleave","floor":1},{"not_picked":["Headbutt","Clash"],"picked":"Armaments","floor":2},{"not_picked":["Sword Boomerang","Clothesline"],"picked":"Shockwave","floor":4},{"not_picked":["Flex","Sword Boomerang","Twin Strike"],"picked":"SKIP","floor":5},{"not_picked":["Searing Blow","Armaments"],"picked":"Demon Form","floor":6},{"not_picked":["Body Slam","Power Through","Anger"],"picked":"SKIP","floor":8},{"not_picked":["Pummel","Clothesline"],"picked":"Ghostly Armor","floor":11},{"not_picked":["Searing Blow","Armaments"],"picked":"Metallicize","floor":13},{"not_picked":["Dark Embrace","Demon Form"],"picked":"Feed","floor":16},{"not_picked":["Cleave+1","Shrug It Off"],"picked":"True Grit","floor":18},{"not_picked":["Body Slam","Perfected Strike+1","Armaments"],"picked":"SKIP","floor":20},{"not_picked":["Headbutt","Sever Soul+1"],"picked":"Disarm","floor":21},{"not_picked":["Clash+1","Headbutt","Power Through"],"picked":"SKIP","floor":24},{"not_picked":["Double Tap","Perfected Strike"],"picked":"Blood for Blood+1","floor":27},{"not_picked":["Seeing Red","Thunderclap"],"picked":"Shrug It Off+1","floor":28},{"not_picked":["True Grit","Warcry"],"picked":"Disarm","floor":30},{"not_picked":["Corruption+1","Clothesline"],"picked":"Flame Barrier","floor":31},{"not_picked":["Fiend Fire","Barricade"],"picked":"Juggernaut","floor":33},{"not_picked":["Warcry","Headbutt"],"picked":"Shockwave","floor":35},{"not_picked":["Shrug It Off","Infernal Blade+1","Armaments"],"picked":"SKIP","floor":36},{"not_picked":["Pommel Strike","Shrug It Off+1","Shockwave+1"],"picked":"SKIP","floor":38},{"not_picked":["Searing Blow","True Grit","Rupture"],"picked":"SKIP","floor":41},{"not_picked":["Pommel Strike+1","Flex+1"],"picked":"Whirlwind+1","floor":42},{"not_picked":["Rupture","Thunderclap+1","Pommel Strike"],"picked":"SKIP","floor":45},{"not_picked":["Cleave","Perfected Strike+1"],"picked":"Barricade","floor":46},{"not_picked":["Iron Wave","Metallicize+1","Twin Strike+1"],"picked":"SKIP","floor":48}],"player_experience":0,"relics_obtained":[{"floor":6,"key":"Matryoshka"},{"floor":9,"key":"Strawberry"},{"floor":9,"key":"Gremlin Horn"},{"floor":11,"key":"MawBank"},{"floor":26,"key":"Self Forming Clay"},{"floor":26,"key":"Pantograph"},{"floor":27,"key":"Magic Flower"},{"floor":29,"key":"Necronomicon"},{"floor":43,"key":"Ancient Tea Set"}],"event_choices":[{"damage_healed":0,"gold_gain":100,"player_choice":"Pray","damage_taken":0,"max_hp_gain":0,"max_hp_loss":0,"event_name":"Golden Shrine","floor":3,"gold_loss":0},{"damage_healed":53,"gold_gain":0,"player_choice":"Full Heal","damage_taken":0,"max_hp_gain":0,"max_hp_loss":0,"event_name":"Wheel of Change","floor":12,"gold_loss":0},{"damage_healed":0,"gold_gain":75,"player_choice":"Gather Gold","damage_taken":11,"max_hp_gain":0,"max_hp_loss":0,"event_name":"World of Goop","floor":14,"gold_loss":0},{"damage_healed":0,"gold_gain":0,"player_choice":"Ignored","damage_taken":0,"max_hp_gain":0,"max_hp_loss":0,"event_name":"Transmorgrifier","floor":19,"gold_loss":0},{"damage_healed":0,"gold_gain":0,"player_choice":"Obtained Book","damage_taken":16,"max_hp_gain":0,"max_hp_loss":0,"event_name":"Cursed Tome","floor":29,"gold_loss":0},{"damage_healed":0,"gold_gain":0,"player_choice":"Max HP","damage_taken":0,"max_hp_gain":0,"max_hp_loss":5,"event_name":"Winding Halls","floor":39,"gold_loss":0}],"is_beta":false,"boss_relics":[{"not_picked":["White Beast Statue","Busted Crown"],"picked":"Empty Cage"},{"not_picked":["Runic Cube","Runic Dome"],"picked":"Sozu"}],"items_purged_floors":[22,37,47],"is_endless":false,"potions_floor_spawned":[2,8,11,13,16,20,24,27,30,33,36,41,42,48],"ascension_level":0}