{"gold_per_floor":[109,125,140,140,153,153,178,188,258,258,291,307,320,348,348,451,451,464,479,491,44,56,87,87,87,87,122,47,47,47],"floor_reached":30,"playtime":1479,"items_purged":[],"score":350,"play_id":"0b6eee14-b018-49c9-80c0-759f7480daff","local_time":"20180724213657","is_ascension_mode":true,"campfire_choices":[{"data":"Zap","floor":6,"key":"SMITH"},{"floor":10,"key":"REST"},{"floor":15,"key":"REST"},{"floor":24,"key":"REST"}],"neow_cost":"","seed_source_timestamp":5656893555784,"circlet_count":0,"master_deck":["Strike_B","Strike_B","Strike_B+1","Defend_B","Defend_B","Defend_B","Defend_B","Zap+1","Dualcast","Coolheaded+1","Gash","Consume","Steam","Scrape","Blizzard","Hologram","FTL","Echo Form","Seek","Loop+1","Gash","Scrape","Impatience","Cold Snap","Cold Snap","FTL"],"relics":["Cracked Core","DataDisk","Blue Candle","Torii","Juzu Bracelet","Nuclear Battery","Ginger","Du-Vu Doll","Dodecahedron","Omamori"],"potions_floor_usage":[5,8,8,11,11,12,16,16,16,20,22,22,22],"damage_taken":[{"damage":1,"enemies":"Cultist","floor":1,"turns":3},{"damage":2,"enemies":"2 Louse","floor":2,"turns":3},{"damage":3,"enemies":"Small Slimes","floor":3,"turns":4},{"damage":0,"enemies":"2 Fungi Beasts","floor":5,"turns":3},{"damage":20,"enemies":"Gremlin Nob","floor":7,"turns":4},{"damage":0,"enemies":"Blue Slaver","floor":8,"turns":2},{"damage":5,"enemies":"3 Sentries","floor":11,"turns":7},{"damage":11,"enemies":"Red Slaver","floor":12,"turns":2},{"damage":0,"enemies":"Looter","floor":13,"turns":2},{"damage":33,"enemies":"Gremlin Nob","floor":14,"turns":4},{"damage":4,"enemies":"Hexaghost","floor":16,"turns":9},{"damage":12,"enemies":"3 Byrds","floor":18,"turns":4},{"damage":1,"enemies":"Spheric Guardian","floor":19,"turns":4},{"damage":0,"enemies":"Snecko","floor":20,"turns":6},{"damage":12,"enemies":"3 Cultists","floor":22,"turns":5},{"damage":21,"enemies":"Gremlin Leader","floor":23,"turns":6},{"damage":24,"enemies":"Book of Stabbing","floor":27,"turns":6},{"damage":68,"enemies":"Gremlin Leader","floor":30,"turns":8}],"seed_played":"-1575430814307999033","potions_obtained":[{"floor":3,"key":"Energy Potion"},{"floor":7,"key":"EntropicBrew"},{"floor":8,"key":"Poison Potion"},{"floor":11,"key":"PowerPotion"},{"floor":12,"key":"Strength Potion"},{"floor":14,"key":"Explosive Potion"},{"floor":18,"key":"SteroidPotion"},{"floor":19,"key":"Energy Potion"},{"floor":20,"key":"Block Potion"}],"is_trial":false,"path_per_floor":["M","M","M","?","M","R","E","M","T","R","E","M","M","E","R","B",null,"M","M","M","$","M","E","R","?","T","E","?","?"],"character_chosen":"DEFECT","items_purchased":["Impatience","Ginger","SteroidPotion"],"campfire_rested":3,"item_purchase_floors":[21,21,21],"current_hp_per_floor":[74,72,69,54,54,54,34,34,34,56,51,40,40,7,29,25,75,63,62,62,62,50,29,51,75,75,51,51,51,0],"gold":47,"neow_bonus":"","is_prod":false,"is_daily":false,"chose_seed":false,"campfire_upgraded":1,"win_rate":0,"timestamp":1532461017,"path_taken":["M","M","M","?","M","R","E","M","T","R","E","M","M","E","R","BOSS","M","M","M","$","M","E","R","?","T","E","?","?","E"],"build_version":"2018-07-23","purchased_purges":0,"victory":false,"max_hp_per_floor":[75,75,75,75,75,75,75,75,75,75,75,75,75,75,75,75,75,75,75,75,75,75,75,75,75,75,75,75,75,75],"card_choices":[{"not_picked":["Barrage","Hologram"],"picked":"Coolheaded","floor":1},{"not_picked":["Reinforced Body","Rebound"],"picked":"Gash","floor":2},{"not_picked":["Turbo","Compile Driver"],"picked":"Consume","floor":3},{"not_picked":["Heatsinks","Darkness"],"picked":"Steam","floor":5},{"not_picked":["Chill","Electrodynamics"],"picked":"Scrape","floor":7},{"not_picked":["Hologram","Barrage"],"picked":"Blizzard","floor":8},{"not_picked":["Auto Shields","Redo"],"picked":"Hologram","floor":11},{"not_picked":["Stack","Ball Lightning"],"picked":"FTL","floor":12},{"not_picked":["Sunder","Redo","Turbo"],"picked":"SKIP","floor":13},{"not_picked":["Hologram","Rip and Tear"],"picked":"Echo Form","floor":14},{"not_picked":["Rainbow","Echo Form"],"picked":"Seek","floor":16},{"not_picked":["Steam","Recycle"],"picked":"Loop+1","floor":18},{"not_picked":["Beam Cell","Blizzard"],"picked":"Gash","floor":19},{"not_picked":["Compile Driver","Genetic Algorithm"],"picked":"Scrape","floor":20},{"not_picked":["Stack+1","Barrage"],"picked":"Cold Snap","floor":22},{"not_picked":["Ball Lightning+1","Thunder Strike"],"picked":"Cold Snap","floor":23},{"not_picked":["Storm","Conserve Battery"],"picked":"FTL","floor":27}],"player_experience":344408,"relics_obtained":[{"floor":7,"key":"DataDisk"},{"floor":9,"key":"Blue Candle"},{"floor":11,"key":"Torii"},{"floor":14,"key":"Juzu Bracelet"},{"floor":23,"key":"Du-Vu Doll"},{"floor":26,"key":"Dodecahedron"},{"floor":27,"key":"Omamori"}],"event_choices":[{"event_name":"Shining Light","player_choice":"Entered Light","floor":4,"damage_taken":0},{"event_name":"The Library","player_choice":"Heal","floor":25,"damage_taken":0},{"event_name":"Beggar","player_choice":"Gave Gold","floor":28,"damage_taken":0},{"event_name":"Drug Dealer","player_choice":"Ignored","floor":29,"damage_taken":0}],"is_beta":true,"boss_relics":[{"not_picked":["Pandora\u0027s Box","Coffee Dripper"],"picked":"Nuclear Battery"}],"items_purged_floors":[],"is_endless":false,"potions_floor_spawned":[3,7,8,11,12,14,18,19,20],"killed_by":"Gremlin Leader","ascension_level":4}