{"gold_per_floor":[117,42,55,69,80,115,115,129,129,140,150,164,197,22,22,96,96,107,119,119,44,44,44],"floor_reached":23,"playtime":963,"items_purged":["Defend_R"],"score":485,"play_id":"6e7c8c90-2332-4b30-a286-f13612d3e65a","local_time":"20181211145752","is_ascension_mode":true,"campfire_choices":[{"data":"Armaments","floor":15.0,"key":"SMITH"}],"neow_cost":"NONE","seed_source_timestamp":68467195478067,"circlet_count":0,"master_deck":["AscendersBane","Defend_R","Defend_R","Bash","Pommel Strike","Twin Strike","Inflame","Armaments+1","Iron Wave","Feed","Flex","Heavy Blade","Demon Form","Limit Break","Limit Break","Headbutt+1","Bite","Bite","Bite","Bite","Bite"],"special_seed":0,"relics":["Burning Blood","Pear","FossilizedHelix","Champion Belt","Lizard Tail"],"potions_floor_usage":[23],"damage_taken":[{"damage":12.0,"enemies":"Jaw Worm","floor":1.0,"turns":3.0},{"damage":6.0,"enemies":"Cultist","floor":3.0,"turns":3.0},{"damage":8.0,"enemies":"Small Slimes","floor":4.0,"turns":2.0},{"damage":16.0,"enemies":"Blue Slaver","floor":5.0,"turns":3.0},{"damage":24.0,"enemies":"Gremlin Nob","floor":6.0,"turns":4.0},{"damage":7.0,"enemies":"2 Fungi Beasts","floor":8.0,"turns":3.0},{"damage":0.0,"enemies":"3 Louse","floor":10.0,"turns":1.0},{"damage":11.0,"enemies":"Exordium Wildlife","floor":11.0,"turns":3.0},{"damage":0.0,"enemies":"Blue Slaver","floor":12.0,"turns":3.0},{"damage":0.0,"enemies":"Lagavulin","floor":13.0,"turns":5.0},{"damage":13.0,"enemies":"The Guardian","floor":16.0,"turns":8.0},{"damage":30.0,"enemies":"Spheric Guardian","floor":18.0,"turns":5.0},{"damage":40.0,"enemies":"2 Thieves","floor":19.0,"turns":4.0},{"damage":82,"enemies":"Slavers","floor":23,"turns":4}],"seed_played":"5547383117190167491","potions_obtained":[{"floor":1.0,"key":"Weak Potion"},{"floor":4.0,"key":"Energy Potion"},{"floor":6.0,"key":"Explosive Potion"},{"floor":12.0,"key":"SpeedPotion"},{"floor":13.0,"key":"SkillPotion"},{"floor":18.0,"key":"Poison Potion"},{"floor":19.0,"key":"Poison Potion"}],"is_trial":false,"path_per_floor":["M","?","M","M","M","E","?","M","T","M","M","M","E","$","R","B",null,"M","M","?","$","?","E"],"character_chosen":"IRONCLAD","items_purchased":["Limit Break"],"campfire_rested":0,"item_purchase_floors":[14],"current_hp_per_floor":[62,62,62,60,50,42,85,84,84,85,80,85,85,85,85,78,83,59,28,28,28,28,0],"gold":44,"neow_bonus":"THREE_CARDS","is_prod":false,"is_daily":false,"chose_seed":false,"campfire_upgraded":1,"win_rate":0,"timestamp":1544565472,"path_taken":["M","?","M","M","M","E","?","?","T","M","M","M","E","$","R","BOSS","M","M","?","$","?","E"],"build_version":"2018-12-06","purchased_purges":1,"victory":false,"max_hp_per_floor":[75,75,75,75,75,85,85,85,85,85,85,85,85,85,85,85,85,85,88,61,61,61,61],"card_choices":[{"not_picked":["Headbutt","Shrug It Off"],"picked":"Pommel Strike","floor":0.0},{"not_picked":["Reckless Charge","Bloodletting"],"picked":"Twin Strike","floor":1.0},{"not_picked":["Entrench","Metallicize"],"picked":"Inflame","floor":3.0},{"not_picked":["Thunderclap","Burning Pact"],"picked":"Disarm","floor":4.0},{"not_picked":["Flex","Dropkick"],"picked":"Armaments","floor":5.0},{"not_picked":["Corruption","Metallicize"],"picked":"Iron Wave","floor":6.0},{"not_picked":["Rage","Headbutt"],"picked":"Feed","floor":8.0},{"not_picked":["Rampage","Sword Boomerang"],"picked":"Flex","floor":10.0},{"not_picked":["Power Through","Evolve","Second Wind"],"picked":"SKIP","floor":11.0},{"not_picked":["Clothesline","Body Slam"],"picked":"Heavy Blade","floor":12.0},{"not_picked":["Clash","Carnage"],"picked":"Demon Form","floor":13.0},{"not_picked":["Barricade","Impervious"],"picked":"Limit Break","floor":16.0},{"not_picked":["Perfected Strike+1","Thunderclap","Anger"],"picked":"SKIP","floor":18.0},{"not_picked":["Seeing Red","Heavy Blade"],"picked":"Headbutt+1","floor":19.0}],"player_experience":599281,"relics_obtained":[{"floor":6.0,"key":"Pear"},{"floor":9.0,"key":"FossilizedHelix"},{"floor":13.0,"key":"Champion Belt"}],"event_choices":[{"cards_removed":["Defend_R"],"damage_healed":0.0,"max_hp_gain":0.0,"max_hp_loss":0.0,"gold_gain":0.0,"event_name":"The Cleric","player_choice":"Card Removal","floor":2.0,"gold_loss":75.0,"damage_taken":0.0},{"cards_removed":["Disarm"],"damage_healed":43.0,"max_hp_gain":0.0,"max_hp_loss":0.0,"gold_gain":0.0,"event_name":"Bonfire Elementals","player_choice":"Offered Uncommon","floor":7.0,"gold_loss":0.0,"damage_taken":0.0},{"damage_healed":0.0,"max_hp_gain":0.0,"max_hp_loss":27.0,"gold_gain":0.0,"event_name":"Vampires","player_choice":"Became a vampire","floor":20.0,"gold_loss":0.0,"damage_taken":0.0,"cards_obtained":["Bite","Bite","Bite","Bite","Bite"]},{"damage_healed":0.0,"max_hp_gain":0.0,"max_hp_loss":0.0,"gold_gain":0.0,"event_name":"Beggar","player_choice":"Ignored","floor":22.0,"gold_loss":0.0,"damage_taken":0.0}],"is_beta":false,"boss_relics":[{"not_picked":["Empty Cage","Velvet Choker"],"picked":"Lizard Tail"}],"items_purged_floors":[21],"is_endless":false,"potions_floor_spawned":[1,4,5,6,12,13,18,19],"killed_by":"Slavers","ascension_level":20}