{"gold_per_floor":[110,128,128,140,157,157,12,12,12,12,12,29,29,44,44,147,147,158,177,28,28,28],"floor_reached":22,"playtime":1052,"items_purged":[],"score":214,"play_id":"e4f96fd7-9876-4d19-bb0b-5249f1901a11","local_time":"20190206125756","is_ascension_mode":true,"campfire_choices":[{"data":"Bash","floor":6,"key":"SMITH"},{"data":"True Grit","floor":8,"key":"SMITH"},{"data":"Armaments","floor":11,"key":"SMITH"},{"data":"Pommel Strike","floor":13,"key":"SMITH"},{"floor":15,"key":"REST"}],"neow_cost":"NONE","seed_source_timestamp":2239644917824121,"circlet_count":0,"master_deck":["Strike_R","Strike_R","Strike_R","Strike_R","Strike_R","Defend_R","Defend_R","Defend_R","Defend_R","Bash+1","Armaments+1","Cleave","True Grit+1","Pommel Strike+1","Clothesline","Juggernaut","Pommel Strike","Impervious","Flex","Perfected Strike"],"relics":["Burning Blood","Pen Nib","Du-Vu Doll","Orrery","Vajra"],"potions_floor_usage":[5,21,21,21],"damage_taken":[{"damage":10,"enemies":"2 Louse","floor":1,"turns":2},{"damage":6,"enemies":"Cultist","floor":2,"turns":4},{"damage":9,"enemies":"Jaw Worm","floor":4,"turns":4},{"damage":17,"enemies":"Large Slime","floor":5,"turns":9},{"damage":7,"enemies":"2 Fungi Beasts","floor":12,"turns":4},{"damage":19,"enemies":"Exordium Thugs","floor":14,"turns":4},{"damage":52,"enemies":"Slime Boss","floor":16,"turns":12},{"damage":26,"enemies":"3 Byrds","floor":18,"turns":6},{"damage":30,"enemies":"Shell Parasite","floor":19,"turns":6},{"damage":39,"enemies":"Centurion and Healer","floor":21,"turns":6},{"damage":18,"enemies":"Chosen and Byrds","floor":22,"turns":3}],"seed_played":"4146053108200051213","potions_obtained":[{"floor":0,"key":"Energy Potion"},{"floor":0,"key":"Regen Potion"},{"floor":0,"key":"SkillPotion"},{"floor":3,"key":"SmokeBomb"},{"floor":5,"key":"EssenceOfSteel"},{"floor":19,"key":"Energy Potion"}],"is_trial":false,"path_per_floor":["M","M","?","M","M","R","$","R","T","$","R","M","R","M","R","B",null,"M","M","$","M","M"],"character_chosen":"IRONCLAD","items_purchased":["Pen Nib","Vajra"],"campfire_rested":1,"item_purchase_floors":[7,20],"current_hp_per_floor":[76,76,76,73,62,62,62,62,62,62,62,61,61,48,72,26,80,60,36,36,18,0],"gold":28,"neow_bonus":"THREE_SMALL_POTIONS","is_prod":false,"is_daily":false,"chose_seed":false,"campfire_upgraded":4,"win_rate":0,"timestamp":1549418276,"path_taken":["M","M","?","M","M","R","$","R","T","?","R","M","R","M","R","BOSS","M","M","?","M","M"],"build_version":"2019-01-23","purchased_purges":0,"victory":false,"max_hp_per_floor":[80,80,80,80,80,80,80,80,80,80,80,80,80,80,80,80,80,80,80,80,80,80],"card_choices":[{"not_picked":["Combust","Flex"],"picked":"Armaments","floor":1},{"not_picked":["Havoc","Twin Strike","Wild Strike"],"picked":"SKIP","floor":2},{"not_picked":["Havoc","Power Through"],"picked":"Cleave","floor":4},{"not_picked":["Sword Boomerang","Metallicize"],"picked":"True Grit","floor":5},{"not_picked":["Hemokinesis","Rampage"],"picked":"Pommel Strike","floor":12},{"not_picked":["Dropkick","Clash"],"picked":"Clothesline","floor":14},{"not_picked":["Dark Embrace","Berserk"],"picked":"Juggernaut","floor":16},{"not_picked":["Pummel","Bloodletting"],"picked":"Pommel Strike","floor":17},{"not_picked":["Pommel Strike","Perfected Strike"],"picked":"Impervious","floor":17},{"not_picked":["Clothesline","Carnage"],"picked":"Flex","floor":17},{"not_picked":["Hemokinesis","Sever Soul"],"picked":"Perfected Strike","floor":18},{"not_picked":["Flex","Wild Strike","Havoc"],"picked":"SKIP","floor":19}],"player_experience":275069,"relics_obtained":[{"floor":9,"key":"Du-Vu Doll"}],"event_choices":[{"damage_healed":0,"gold_gain":0,"player_choice":"Got Potions","damage_taken":0,"max_hp_gain":0,"max_hp_loss":0,"event_name":"Lab","floor":3,"gold_loss":0}],"is_beta":false,"boss_relics":[{"not_picked":["Black Blood","Eternal Feather"],"picked":"Orrery"}],"items_purged_floors":[],"is_endless":false,"potions_floor_spawned":[4,5,16,19,21],"killed_by":"Chosen and Byrds","ascension_level":4}