{"path_per_floor":["M","?","?","M","$","E","?","E","T","R","E","M","E","M","R","B",null,"M","M","M","$","T","R","M","M","T"],"character_chosen":"DEFECT","items_purchased":["Frozen Egg 2"],"gold_per_floor":[117,117,67,85,85,110,110,140,193,193,220,231,265,277,277,377,407,418,438,455,126,126,126,139,152,176,176],"floor_reached":27,"campfire_rested":2,"playtime":1239,"current_hp_per_floor":[75,80,80,79,79,64,64,34,34,58,43,43,35,35,35,22,85,72,44,26,26,26,51,21,3,3,0],"items_purged":["Normality"],"gold":176,"score":243,"play_id":"0e86592e-71d3-48ef-b8a8-9cfd36b807bc","local_time":"20180429114607","is_prod":false,"is_daily":false,"chose_seed":false,"is_ascension_mode":false,"campfire_upgraded":1,"timestamp":1525020367,"path_taken":["M","?","?","?","?","E","?","E","T","R","E","M","E","M","R","BOSS","M","M","M","?","?","R","M","?","T","M"],"build_version":"2018-04-27v3","seed_source_timestamp":390866424355538,"purchased_purges":1,"victory":false,"master_deck":["Strike_B","Strike_B","Strike_B+1","Strike_B","Defend_B","Defend_B","Defend_B","Defend_B","Zap","Blaster","Ball Lightning","FTL","Melter","Rainbow","Impulse","Capacitor+1","Axe Kick","Amplify","Streamline","Static Discharge+1","Streamline+1","Capacitor","Gash+1","Turbo+1"],"max_hp_per_floor":[75,80,80,80,80,80,80,80,80,80,80,80,80,80,80,80,85,85,85,85,85,85,85,85,85,85,85],"relics":["Cracked Core","Orichalcum","Art of War","Toolbox","Tiny Chest","Mercury Hourglass","Question Card","Tiny House","Frozen Egg 2","Toxic Egg 2","Bronze Scales"],"card_choices":[{"not_picked":["Go for the Eyes","Aggregate"],"picked":"Blaster","floor":1},{"not_picked":["Barrage","Sunder"],"picked":"Ball Lightning","floor":4},{"not_picked":["Chaos","Steam Power"],"picked":"FTL","floor":6},{"not_picked":["Barrage","Coolheaded"],"picked":"Melter","floor":8},{"not_picked":["Coolheaded","Meteor Strike"],"picked":"Rainbow","floor":11},{"not_picked":["Coolheaded","Tempest"],"picked":"Impulse","floor":12},{"not_picked":["Heatsinks","Force Field"],"picked":"Capacitor","floor":13},{"not_picked":["Turbo","Leap","Cold Snap"],"picked":"Axe Kick","floor":14},{"not_picked":["Biased Cognition","Seek","Reboot"],"picked":"Amplify","floor":16},{"not_picked":["Leap","Steam Power","Go for the Eyes"],"picked":"Streamline","floor":17},{"not_picked":["Axe Kick","Force Field","Tempest"],"picked":"Static Discharge","floor":18},{"not_picked":["Beam Cell","Cold Snap","FTL"],"picked":"Streamline","floor":19},{"not_picked":["Leap","Go for the Eyes","Cold Snap"],"picked":"Capacitor","floor":20},{"not_picked":["Flux Capacitor","Chill","Rip and Tear"],"picked":"Gash","floor":24},{"not_picked":["Skim","Leap","Rainbow"],"picked":"Turbo","floor":25}],"player_experience":198443,"potions_floor_usage":[16,24,27,27],"damage_taken":[{"damage":0,"enemies":"Small Slimes","floor":1,"turns":2},{"damage":1,"enemies":"Jaw Worm","floor":4,"turns":3},{"damage":15,"enemies":"Gremlin Nob","floor":6,"turns":4},{"damage":30,"enemies":"Lagavulin","floor":8,"turns":8},{"damage":15,"enemies":"3 Sentries","floor":11,"turns":4},{"damage":0,"enemies":"2 Louse","floor":12,"turns":2},{"damage":8,"enemies":"Gremlin Nob","floor":13,"turns":3},{"damage":0,"enemies":"Large Slime","floor":14,"turns":3},{"damage":13,"enemies":"Hexaghost","floor":16,"turns":8},{"damage":13,"enemies":"Chosen","floor":18,"turns":4},{"damage":28,"enemies":"2 Thieves","floor":19,"turns":3},{"damage":18,"enemies":"Sentry and Sphere","floor":20,"turns":3},{"damage":30,"enemies":"Snake Plant","floor":24,"turns":4},{"damage":18,"enemies":"Chosen and Byrds","floor":25,"turns":4},{"damage":9,"enemies":"Snecko","floor":27,"turns":2}],"event_choices":[{"event_name":"Big Fish","player_choice":"Donut","floor":2,"damage_taken":0},{"event_name":"The Cleric","player_choice":"Card Removal","floor":3,"damage_taken":0},{"event_name":"Accursed Blacksmith","player_choice":"Rummage","floor":7,"damage_taken":0}],"boss_relics":[{"not_picked":["Philosopher\u0027s Stone","Orrery"],"picked":"Tiny House"}],"potions_floor_spawned":[4,11,13,19,25],"seed_played":"2096017009479863218","killed_by":"Snecko","ascension_level":0,"is_trial":false}