{"gold_per_floor":[115,130,141,66,341,341,371,385,385,385,385,412,412,17,17,17],"floor_reached":16,"playtime":471,"items_purged":["Strike_B","Regret"],"score":113,"play_id":"6902d6da-556e-4852-af9a-b229c0060fdc","local_time":"20190121190510","is_ascension_mode":true,"campfire_choices":[{"data":"Zap","floor":6,"key":"SMITH"},{"data":"Hologram","floor":11,"key":"SMITH"},{"floor":15,"key":"REST"}],"neow_cost":"NONE","seed_source_timestamp":206576639477486,"circlet_count":0,"master_deck":["Strike_B","Strike_B","Strike_B","Defend_B","Defend_B","Defend_B","Defend_B","Zap+1","Dualcast","Trip","BootSequence","Go for the Eyes","Hologram+1","Coolheaded","Self Repair","Beam Cell","Defragment"],"relics":["Cracked Core","Ancient Tea Set","Bronze Scales","Pear","Darkstone Periapt","MawBank"],"potions_floor_usage":[12],"damage_taken":[{"damage":4,"enemies":"Small Slimes","floor":1,"turns":3},{"damage":0,"enemies":"Cultist","floor":2,"turns":2},{"damage":0,"enemies":"Jaw Worm","floor":3,"turns":2},{"damage":23,"enemies":"Lagavulin","floor":7,"turns":7},{"damage":0,"enemies":"Red Slaver","floor":8,"turns":3},{"damage":55,"enemies":"Gremlin Nob","floor":12,"turns":5},{"damage":0,"enemies":"The Guardian","floor":16,"turns":1}],"seed_played":"1305997183676366675","potions_obtained":[{"floor":2,"key":"Weak Potion"},{"floor":7,"key":"SpeedPotion"},{"floor":8,"key":"Energy Potion"}],"is_trial":false,"path_per_floor":["M","M","M","$","?","R","E","M","T","T","R","E","?","$","R","B"],"character_chosen":"DEFECT","items_purchased":["MawBank","Defragment","FocusPotion"],"campfire_rested":1,"item_purchase_floors":[14,14,14],"current_hp_per_floor":[71,71,71,71,71,71,48,48,48,58,58,10,10,10,35,35],"gold":17,"neow_bonus":"RANDOM_COLORLESS","is_prod":false,"is_daily":false,"chose_seed":false,"campfire_upgraded":2,"win_rate":0,"timestamp":1548057910,"path_taken":["M","M","M","$","?","R","E","?","T","?","R","E","?","?","R","BOSS"],"build_version":"2018-11-15","purchased_purges":2,"victory":false,"max_hp_per_floor":[75,75,75,75,75,75,75,75,75,85,85,85,85,85,85,85],"card_choices":[{"not_picked":["Genetic Algorithm","Force Field"],"picked":"BootSequence","floor":1},{"not_picked":["Genetic Algorithm","Conserve Battery"],"picked":"Go for the Eyes","floor":2},{"not_picked":["Steam Power","Genetic Algorithm"],"picked":"Hologram","floor":3},{"not_picked":["Hello World","BootSequence"],"picked":"Coolheaded","floor":7},{"not_picked":["Static Discharge","Sweeping Beam"],"picked":"Self Repair","floor":8},{"not_picked":["Coolheaded","Go for the Eyes"],"picked":"Beam Cell","floor":12}],"player_experience":1144681,"relics_obtained":[{"floor":7,"key":"Ancient Tea Set"},{"floor":9,"key":"Bronze Scales"},{"floor":10,"key":"Pear"},{"floor":12,"key":"Darkstone Periapt"}],"event_choices":[{"damage_healed":0,"gold_gain":275,"player_choice":"Desecrate","damage_taken":0,"max_hp_gain":0,"max_hp_loss":0,"event_name":"Golden Shrine","floor":5,"gold_loss":0,"cards_obtained":["Regret"]},{"damage_healed":0,"gold_gain":0,"player_choice":"Ignored","damage_taken":0,"max_hp_gain":0,"max_hp_loss":0,"event_name":"Shining Light","floor":13,"gold_loss":0}],"is_beta":true,"boss_relics":[],"items_purged_floors":[4,14],"is_endless":false,"potions_floor_spawned":[2,7,8],"killed_by":"The Guardian","ascension_level":1}