{"gold_per_floor":[115,133,146,221,221,221,176,176,176,176,176,176,197,213,213,338,338,357,357,272,272,272,311,311,355,355,371,392,73,73,92,92,92],"floor_reached":33,"playtime":12906,"items_purged":[],"score":273,"play_id":"b0d9a286-eaac-48e6-8dd0-10921dbed410","local_time":"20190202195055","is_ascension_mode":false,"campfire_choices":[{"floor":6,"key":"REST"},{"data":"Shockwave","floor":8,"key":"SMITH"},{"floor":12,"key":"REST"},{"data":"Demon Form","floor":15,"key":"SMITH"},{"data":"Burning Pact","floor":24,"key":"SMITH"},{"data":"Magnetism","floor":30,"key":"SMITH"},{"data":"Fiend Fire","floor":32,"key":"SMITH"}],"neow_cost":"TEN_PERCENT_HP_LOSS","seed_source_timestamp":1240537226797998,"circlet_count":0,"master_deck":["Strike_R","Strike_R+1","Defend_R","Defend_R","Defend_R","Bash","Burning Pact+1","Flex","Rupture","Shrug It Off","Dual Wield","Demon Form+1","Shockwave+1","Sever Soul+1","Shrug It Off","Feel No Pain","Offering","Cleave","Heavy Blade","Metallicize+1","Heavy Blade","Fiend Fire+1","Fire Breathing+1","Magnetism+1","Metallicize","Dramatic Entrance","Heavy Blade"],"relics":["Burning Blood","Torii","Golden Idol","Coffee Dripper","Red Skull","Oddly Smooth Stone","Whetstone","Gambling Chip","Bottled Flame"],"potions_floor_usage":[33,33],"damage_taken":[{"damage":20,"enemies":"Jaw Worm","floor":1,"turns":6},{"damage":10,"enemies":"Cultist","floor":2,"turns":4},{"damage":2,"enemies":"2 Louse","floor":3,"turns":6},{"damage":7,"enemies":"Looter","floor":7,"turns":5},{"damage":18,"enemies":"Exordium Wildlife","floor":13,"turns":4},{"damage":2,"enemies":"2 Fungi Beasts","floor":14,"turns":7},{"damage":44,"enemies":"The Guardian","floor":16,"turns":10},{"damage":7,"enemies":"Shell Parasite","floor":18,"turns":6},{"damage":16,"enemies":"Book of Stabbing","floor":23,"turns":5},{"damage":33,"enemies":"Gremlin Leader","floor":25,"turns":6},{"damage":7,"enemies":"Spheric Guardian","floor":27,"turns":3},{"damage":1,"enemies":"3 Cultists","floor":28,"turns":5},{"damage":21,"enemies":"Centurion and Healer","floor":31,"turns":4},{"damage":24,"enemies":"Automaton","floor":33,"turns":4}],"seed_played":"-1204325129354464107","potions_obtained":[{"floor":1,"key":"SpeedPotion"},{"floor":3,"key":"AttackPotion"},{"floor":13,"key":"FearPotion"},{"floor":18,"key":"EssenceOfSteel"}],"is_trial":false,"path_per_floor":["M","M","M","?","?","R","M","R","T","?","?","R","M","M","R","B",null,"M","?","?","?","?","E","R","E","T","M","M","$","R","M","R","B"],"character_chosen":"IRONCLAD","items_purchased":["Magnetism","Metallicize","Dramatic Entrance"],"campfire_rested":2,"item_purchase_floors":[29,29,29],"current_hp_per_floor":[58,54,58,47,47,68,67,67,67,67,49,70,58,62,62,24,72,71,71,71,71,71,61,61,34,34,33,38,38,38,23,23,0],"gold":92,"neow_bonus":"TRANSFORM_TWO_CARDS","is_prod":false,"is_daily":false,"chose_seed":false,"campfire_upgraded":5,"win_rate":0.0,"timestamp":1549137055,"path_taken":["M","M","M","?","?","R","?","R","T","?","?","R","M","M","R","BOSS","M","?","?","?","?","E","R","E","T","M","M","$","R","M","R","BOSS"],"build_version":"2019-01-23","purchased_purges":0,"victory":false,"max_hp_per_floor":[72,72,72,72,72,72,72,72,72,72,72,72,72,72,72,72,72,72,72,72,72,72,72,72,72,72,72,72,72,72,72,72,72],"card_choices":[{"not_picked":["Intimidate","Perfected Strike"],"picked":"Rupture","floor":1},{"not_picked":["Carnage","True Grit"],"picked":"Shrug It Off","floor":2},{"not_picked":["Body Slam","Clash"],"picked":"Dual Wield","floor":3},{"not_picked":["Burning Pact","Twin Strike"],"picked":"Shockwave","floor":7},{"not_picked":["Juggernaut","Clothesline"],"picked":"Shrug It Off","floor":13},{"not_picked":["Second Wind","Sever Soul"],"picked":"Feel No Pain","floor":14},{"not_picked":["Dark Embrace","Impervious"],"picked":"Offering","floor":16},{"not_picked":["Perfected Strike","Iron Wave"],"picked":"Cleave","floor":18},{"not_picked":["Iron Wave","Power Through+1"],"picked":"Metallicize+1","floor":23},{"not_picked":["Twin Strike","Perfected Strike"],"picked":"Heavy Blade","floor":25},{"not_picked":["Pommel Strike","Warcry"],"picked":"Fiend Fire","floor":27},{"not_picked":["Bloodletting","Armaments"],"picked":"Fire Breathing+1","floor":28},{"not_picked":["Carnage","Headbutt"],"picked":"Heavy Blade","floor":31}],"player_experience":89318,"relics_obtained":[{"floor":9,"key":"Torii"},{"floor":23,"key":"Whetstone"},{"floor":25,"key":"Gambling Chip"},{"floor":26,"key":"Bottled Flame"}],"event_choices":[{"damage_healed":0,"gold_gain":75,"player_choice":"Gather Gold","damage_taken":11,"max_hp_gain":0,"max_hp_loss":0,"event_name":"World of Goop","floor":4,"gold_loss":0},{"damage_healed":0,"gold_gain":0,"cards_transformed":["Defend_R"],"player_choice":"Transformed","damage_taken":0,"max_hp_gain":0,"max_hp_loss":0,"event_name":"Transmorgrifier","floor":5,"gold_loss":0,"cards_obtained":["Demon Form"]},{"damage_healed":0,"gold_gain":0,"cards_transformed":["Strike_R"],"player_choice":"Change","damage_taken":0,"max_hp_gain":0,"max_hp_loss":0,"event_name":"Living Wall","floor":10,"gold_loss":0,"cards_obtained":["Sever Soul"]},{"damage_healed":0,"gold_gain":0,"player_choice":"Take Damage","damage_taken":18,"relics_obtained":["Golden Idol"],"max_hp_gain":0,"max_hp_loss":0,"event_name":"Golden Idol","floor":11,"gold_loss":0},{"damage_healed":0,"gold_gain":0,"player_choice":"Ignored","damage_taken":0,"max_hp_gain":0,"max_hp_loss":0,"event_name":"Vampires","floor":19,"gold_loss":0},{"damage_healed":0,"gold_gain":0,"player_choice":"Obtained Relic","damage_taken":0,"relics_obtained":["Red Skull"],"max_hp_gain":0,"max_hp_loss":0,"event_name":"Addict","floor":20,"gold_loss":85},{"damage_healed":0,"gold_gain":0,"player_choice":"Opened","damage_taken":0,"relics_obtained":["Oddly Smooth Stone"],"max_hp_gain":0,"max_hp_loss":0,"event_name":"The Mausoleum","floor":21,"gold_loss":0},{"damage_healed":0,"gold_gain":0,"player_choice":"Read","damage_taken":0,"max_hp_gain":0,"max_hp_loss":0,"event_name":"The Library","floor":22,"gold_loss":0,"cards_obtained":["Heavy Blade"]}],"is_beta":false,"boss_relics":[{"not_picked":["Astrolabe","Black Star"],"picked":"Coffee Dripper"}],"items_purged_floors":[],"is_endless":false,"potions_floor_spawned":[1,3,13,18,23,27],"killed_by":"Automaton","ascension_level":0}