{"path_per_floor":["M","?","$","?","$","R","E","R","T","E","R","M","M","$","R","B",null,"M","?","?","M","M","R","M","$","T","E","R","E","M","E","R","B",null,"M","?","?","M","M","E","?","E","T","E","T","$","M","E","R","B"],"character_chosen":"DEFECT","items_purchased":["Kunai","Apotheosis"],"gold_per_floor":[114,114,114,114,114,114,140,140,140,165,165,180,199,124,124,228,228,240,240,240,258,275,275,286,24,70,100,100,135,154,182,182,278,278,294,345,345,355,371,396,396,421,421,450,474,247,260,288,288,288],"floor_reached":51,"campfire_rested":3,"playtime":4344,"item_purchase_floors":[25,46],"current_hp_per_floor":[66,66,66,66,66,66,46,46,46,12,34,34,34,34,34,29,75,41,37,33,30,29,29,28,28,28,24,36,36,30,29,29,29,42,42,56,56,56,56,44,44,44,50,50,63,63,63,22,44,31],"items_purged":["Regret","Pain"],"gold":288,"score":1044,"play_id":"4ce1f042-9c87-440f-84b3-414b37295dfe","local_time":"20180609173547","is_prod":false,"is_daily":false,"chose_seed":false,"is_ascension_mode":true,"campfire_upgraded":5,"win_rate":0,"timestamp":1528583747,"campfire_choices":[{"data":"Streamline","floor":6,"key":"SMITH"},{"data":"Zap","floor":8,"key":"SMITH"},{"floor":11,"key":"REST"},{"data":"White Noise","floor":15,"key":"SMITH"},{"data":"Conserve Battery","floor":23,"key":"SMITH"},{"floor":28,"key":"REST"},{"data":"Echo Form","floor":32,"key":"SMITH"},{"floor":49,"key":"REST"}],"path_taken":["M","?","$","?","$","R","E","R","T","E","R","M","?","?","R","BOSS","M","?","?","?","M","R","M","$","T","E","R","E","M","E","R","BOSS","M","?","?","?","M","E","?","E","T","E","?","?","M","E","R","BOSS"],"build_version":"2018-06-07v3","seed_source_timestamp":36114202751004,"purchased_purges":2,"victory":true,"master_deck":["Strike_B","Strike_B","Strike_B","Strike_B","Defend_B","Defend_B","Defend_B","Defend_B","Zap+1","Streamline+1","Melter","Hologram","White Noise+1","Conserve Battery+1","Meteor Strike","Gash+1","Ghostly","Ghostly","Ghostly","Ghostly","Ghostly","Coolheaded+1","Conserve Battery+1","Barrage+1","BootSequence+1","Echo Form+1","Rebound+1","FTL+1","Creative AI","Hologram","Capacitor+1","Defragment","Compile Driver","Hologram+1","Chill","Conserve Battery","Normality","Compile Driver+1","Apotheosis","Rebound+1","Rebound+1","Stack+1"],"max_hp_per_floor":[75,75,75,75,75,75,75,75,75,75,75,75,75,75,75,75,75,75,37,42,42,42,42,42,42,42,42,42,42,42,42,42,42,42,42,56,56,56,56,56,56,56,62,62,75,75,75,75,75,75],"relics":["Cracked Core","Dead Branch","Bag of Preparation","Toolbox","Gambling Chip","Inserter","Kunai","Dream Catcher","Darkstone Periapt","Unceasing Top","Smiling Mask","Cursed Key","Mango","Symbiotic Virus","Thread and Needle","Pen Nib","Ancient Tea Set","Frozen Egg 2","Strawberry","Oddly Smooth Stone"],"card_choices":[{"not_picked":["Leap","Go for the Eyes"],"picked":"Streamline","floor":1},{"not_picked":["Steam Power","Capacitor"],"picked":"Melter","floor":7},{"not_picked":["Turbo","Buffer"],"picked":"Hologram","floor":10},{"not_picked":["Cold Snap","Stack"],"picked":"White Noise","floor":12},{"not_picked":["Barrage","Leap"],"picked":"Conserve Battery","floor":13},{"not_picked":["Hyperbeam","Multi-Cast"],"picked":"Meteor Strike","floor":16},{"not_picked":["Rip and Tear","Coolheaded"],"picked":"Gash+1","floor":18},{"not_picked":["Leap","Sweeping Beam"],"picked":"Coolheaded+1","floor":21},{"not_picked":["Steam","Rip and Tear"],"picked":"Conserve Battery+1","floor":22},{"not_picked":["Ball Lightning","Glacier"],"picked":"Barrage+1","floor":24},{"not_picked":["Undo","Hello World+1"],"picked":"BootSequence+1","floor":27},{"not_picked":["Static Discharge+1","Melter"],"picked":"Echo Form","floor":28},{"not_picked":["Steam","Cold Snap"],"picked":"Gash","floor":29},{"not_picked":["Undo","Ball Lightning"],"picked":"Rebound+1","floor":30},{"not_picked":["Compile Driver","Skim"],"picked":"FTL+1","floor":31},{"not_picked":["Reboot","Meteor Strike"],"picked":"Creative AI","floor":33},{"not_picked":["Coolheaded+1","Leap"],"picked":"Hologram","floor":35},{"not_picked":["Storm","Steam"],"picked":"Capacitor+1","floor":36},{"not_picked":["Redo","Cold Snap"],"picked":"Defragment","floor":38},{"not_picked":["Ball Lightning","Streamline"],"picked":"Compile Driver","floor":39},{"not_picked":["Steam","Doom and Gloom+1"],"picked":"Hologram+1","floor":40},{"not_picked":["Sweeping Beam","Cold Snap"],"picked":"Chill","floor":41},{"not_picked":["Fusion","Thunder Strike"],"picked":"Conserve Battery","floor":42},{"not_picked":["Reboot","Leap"],"picked":"Compile Driver+1","floor":44},{"not_picked":["Hologram+1","Cold Snap+1"],"picked":"Rebound+1","floor":47},{"not_picked":["Gash","Rip and Tear"],"picked":"Rebound+1","floor":48},{"not_picked":["Redo+1","Cold Snap+1"],"picked":"Stack+1","floor":49}],"player_experience":243646,"potions_floor_usage":[24,33,48,50,50],"damage_taken":[{"damage":9,"enemies":"Jaw Worm","floor":1,"turns":4},{"damage":20,"enemies":"Gremlin Nob","floor":7,"turns":4},{"damage":34,"enemies":"Lagavulin","floor":10,"turns":5},{"damage":0,"enemies":"Cultist","floor":12,"turns":2},{"damage":0,"enemies":"Small Slimes","floor":13,"turns":2},{"damage":5,"enemies":"Hexaghost","floor":16,"turns":8},{"damage":34,"enemies":"Shell Parasite","floor":18,"turns":6},{"damage":3,"enemies":"2 Thieves","floor":21,"turns":4},{"damage":1,"enemies":"Snake Plant","floor":22,"turns":5},{"damage":1,"enemies":"Snecko","floor":24,"turns":4},{"damage":4,"enemies":"Gremlin Leader","floor":27,"turns":4},{"damage":0,"enemies":"Slavers","floor":29,"turns":6},{"damage":6,"enemies":"Slaver and Parasite","floor":30,"turns":6},{"damage":1,"enemies":"Gremlin Leader","floor":31,"turns":7},{"damage":0,"enemies":"Champ","floor":33,"turns":9},{"damage":0,"enemies":"3 Shapes","floor":35,"turns":4},{"damage":0,"floor":36,"turns":3},{"damage":0,"enemies":"3 Darklings","floor":38,"turns":6},{"damage":0,"enemies":"Sphere and 2 Shapes","floor":39,"turns":6},{"damage":12,"enemies":"Nemesis","floor":40,"turns":7},{"damage":0,"floor":41,"turns":6},{"damage":0,"enemies":"Giant Head","floor":42,"turns":8},{"damage":0,"enemies":"Nemesis","floor":44,"turns":7},{"damage":0,"enemies":"4 Shapes","floor":47,"turns":6},{"damage":47,"enemies":"2 Orb Walkers","floor":48,"turns":7},{"damage":13,"enemies":"Time Eater","floor":50,"turns":11}],"relics_obtained":[{"floor":7,"key":"Bag of Preparation"},{"floor":9,"key":"Toolbox"},{"floor":10,"key":"Gambling Chip"},{"floor":26,"key":"Dream Catcher"},{"floor":27,"key":"Darkstone Periapt"},{"floor":29,"key":"Unceasing Top"},{"floor":31,"key":"Smiling Mask"},{"floor":36,"key":"Mango"},{"floor":40,"key":"Symbiotic Virus"},{"floor":41,"key":"Thread and Needle"},{"floor":42,"key":"Pen Nib"},{"floor":43,"key":"Ancient Tea Set"},{"floor":44,"key":"Frozen Egg 2"},{"floor":45,"key":"Strawberry"},{"floor":48,"key":"Oddly Smooth Stone"}],"event_choices":[{"event_name":"Purifier","player_choice":"One Purge","floor":2,"damage_taken":0},{"event_name":"Big Fish","player_choice":"Box","floor":4,"damage_taken":0},{"event_name":"Ghosts","player_choice":"Became a Ghost","floor":19,"damage_taken":0},{"event_name":"Forgotten Altar","player_choice":"Shed Blood","floor":20,"damage_taken":0},{"event_name":"Mysterious Sphere","player_choice":"Fight","floor":36,"damage_taken":0},{"event_name":"Falling","player_choice":"Removed Attack","floor":37,"damage_taken":0},{"event_name":"MindBloom","player_choice":"Fight","floor":41,"damage_taken":0}],"boss_relics":[{"not_picked":["Tiny House","Snecko Eye"],"picked":"Inserter"},{"not_picked":["Runic Pyramid","Orrery"],"picked":"Cursed Key"}],"items_purged_floors":[14,46],"potions_floor_spawned":[12,13,21,27,29,31,38,40,44,48],"seed_played":"-7279898306229060396","ascension_level":2,"potions_obtained":[{"floor":12,"key":"Block Potion"},{"floor":13,"key":"SteroidPotion"},{"floor":21,"key":"Fire Potion"},{"floor":27,"key":"Dexterity Potion"},{"floor":38,"key":"Strength Potion"},{"floor":40,"key":"Swift Potion"},{"floor":44,"key":"FearPotion"},{"floor":48,"key":"SteroidPotion"}],"is_trial":false}