{"gold_per_floor":[114,114,15,15,31,31,60,82,121,146,213,243,273,298,310,417,429,460,482,494,906,918],"floor_reached":22,"playtime":865,"items_purged":[],"score":222,"play_id":"50fe4026-0410-4862-87d7-5e8ee343ac06","local_time":"20180916140855","is_ascension_mode":true,"campfire_choices":[{"floor":6,"key":"REST"},{"floor":15,"key":"REST"}],"neow_cost":"PERCENT_DAMAGE","seed_source_timestamp":63092603347533,"circlet_count":0,"master_deck":["Strike_B","Strike_B","Strike_B","Defend_B+1","Defend_B","Defend_B+1","Defend_B","Zap","Dualcast","Loop","Beam Cell","Darkness","Go for the Eyes","Go for the Eyes","Go for the Eyes","Coolheaded","Doom and Gloom","Hologram","Core Surge","Loop+1","Beam Cell","Storm","Darkness","Coolheaded","Go for the Eyes+1"],"relics":["Cracked Core","FossilizedHelix","Anchor","MawBank","Bag of Marbles","Oddly Smooth Stone","Velvet Choker","Old Coin","Bottled Flame"],"potions_floor_usage":[10,11,14,16,21,21],"damage_taken":[{"damage":0,"enemies":"2 Louse","floor":1,"turns":2},{"damage":0,"enemies":"Small Slimes","floor":5,"turns":3},{"damage":18,"enemies":"Gremlin Nob","floor":7,"turns":4},{"damage":0,"enemies":"Jaw Worm","floor":8,"turns":3},{"damage":0,"enemies":"Exordium Wildlife","floor":10,"turns":2},{"damage":0,"enemies":"Gremlin Nob","floor":11,"turns":3},{"damage":0,"enemies":"2 Fungi Beasts","floor":12,"turns":2},{"damage":0,"enemies":"3 Louse","floor":13,"turns":3},{"damage":0,"enemies":"Large Slime","floor":14,"turns":4},{"damage":2,"enemies":"Slime Boss","floor":16,"turns":9},{"damage":0,"enemies":"Chosen","floor":18,"turns":4},{"damage":0,"enemies":"Shell Parasite","floor":19,"turns":4},{"damage":2,"enemies":"Colosseum Slavers","floor":21,"turns":5},{"damage":70,"enemies":"Colosseum Nobs","floor":21,"turns":6},{"damage":15,"enemies":"Centurion and Healer","floor":22,"turns":4}],"seed_played":"-3605410723756070723","potions_obtained":[{"floor":1,"key":"Explosive Potion"},{"floor":7,"key":"Fire Potion"},{"floor":11,"key":"SpeedPotion"},{"floor":13,"key":"Weak Potion"},{"floor":14,"key":"Fruit Juice"},{"floor":18,"key":"Fire Potion"}],"is_trial":false,"path_per_floor":["M","?","$","?","M","R","E","M","T","M","?","M","M","M","R","B",null,"M","M","?","?"],"character_chosen":"DEFECT","items_purchased":["Storm","Beam Cell"],"campfire_rested":2,"item_purchase_floors":[3,3],"current_hp_per_floor":[54,36,36,21,21,43,25,25,25,25,25,25,25,30,54,52,80,80,80,80,8,0],"gold":918,"neow_bonus":"ONE_RARE_RELIC","is_prod":false,"is_daily":false,"chose_seed":false,"campfire_upgraded":0,"win_rate":0,"timestamp":1537099735,"path_taken":["M","?","$","?","M","R","E","M","T","M","?","?","M","?","R","BOSS","M","M","?","?","M"],"build_version":"2018-09-12","purchased_purges":0,"victory":false,"max_hp_per_floor":[75,75,75,75,75,75,75,75,75,75,75,75,75,80,80,80,80,80,80,80,80,80],"card_choices":[{"not_picked":["Force Field","Fusion"],"picked":"Loop","floor":1},{"not_picked":["Redo","Turbo"],"picked":"Darkness","floor":5},{"not_picked":["Steam","Leap"],"picked":"Melter","floor":7},{"not_picked":["Gash","Conserve Battery"],"picked":"Go for the Eyes","floor":8},{"not_picked":["Force Field","Barrage"],"picked":"Go for the Eyes","floor":10},{"not_picked":["Compile Driver","Rebound"],"picked":"Go for the Eyes","floor":11},{"not_picked":["Gash","Double Energy"],"picked":"Coolheaded","floor":12},{"not_picked":["Redo","Gash"],"picked":"Doom and Gloom","floor":13},{"not_picked":["Coolheaded","Loop"],"picked":"Hologram","floor":14},{"not_picked":["Rainbow","Amplify"],"picked":"Core Surge","floor":16},{"not_picked":["Rebound","Redo"],"picked":"Loop+1","floor":18},{"not_picked":["Scrape","Static Discharge"],"picked":"Beam Cell","floor":19},{"not_picked":["Recycle","Meteor Strike"],"picked":"Go for the Eyes+1","floor":21}],"player_experience":132133,"relics_obtained":[{"floor":7,"key":"MawBank"},{"floor":9,"key":"Bag of Marbles"},{"floor":21,"key":"Old Coin"},{"floor":21,"key":"Bottled Flame"}],"event_choices":[{"event_name":"Scrap Ooze","player_choice":"success","floor":2,"damage_taken":18},{"event_name":"Shining Light","player_choice":"Entered Light","floor":4,"damage_taken":0},{"event_name":"Dead Adventurer","player_choice":"Searched \u00273\u0027 times","floor":11,"damage_taken":0},{"event_name":"Drug Dealer","player_choice":"Became Test Subject","floor":20,"damage_taken":0},{"event_name":"Colosseum","player_choice":"Fight","floor":21,"damage_taken":0},{"event_name":"Colosseum","player_choice":"Fought Nobs","floor":21,"damage_taken":0}],"is_beta":true,"boss_relics":[{"not_picked":["Eternal Feather","Runic Dome"],"picked":"Velvet Choker"}],"items_purged_floors":[],"is_endless":false,"potions_floor_spawned":[1,7,11,13,14,18],"killed_by":"Centurion and Healer","ascension_level":1}