{"gold_per_floor":[116,116,135,153,153,196,196,29,29,63,63,97,121,136,136,256,256,271,18,18,38,51,51,94,9,9,9,24,24,60,13,13,139,139,152,0,0,0,13,48,48,64,116,128,160,197,209,245,257,269],"floor_reached":50,"playtime":3295,"items_purged":["Pain","Strike_G"],"score":663,"play_id":"5cc6d0c0-dc3f-4346-a3ad-de7f76cbdeef","local_time":"20190204144145","is_ascension_mode":true,"campfire_choices":[{"data":"Envenom","floor":7,"key":"SMITH"},{"floor":11,"key":"REST"},{"data":"Neutralize","floor":15,"key":"SMITH"},{"floor":23,"key":"REST"},{"floor":27,"key":"REST"},{"floor":32,"key":"REST"},{"floor":41,"key":"REST"},{"floor":44,"key":"REST"},{"data":"After Image","floor":49,"key":"SMITH"}],"neow_cost":"NONE","seed_source_timestamp":12918261826018,"circlet_count":0,"master_deck":["Defend_G","Defend_G","Defend_G","Defend_G","Defend_G","Strike_G","Strike_G","Survivor","Neutralize+1","Choke","Cloak And Dagger","Skewer","Envenom+1","Noxious Fumes","Blade Dance","Cloak And Dagger","Footwork","Slice","Quick Slash+1","Quick Slash","After Image+1","Prepared+1","Slice+1","Footwork","Infinite Blades","Backflip","After Image","Deflect","Dagger Throw","Escape Plan","Cloak And Dagger","Escape Plan+1","Infinite Blades","Writhe"],"relics":["Ring of the Snake","NeowsBlessing","WarpedTongs","Golden Idol","Pear","Smiling Mask","Bag of Preparation","Centennial Puzzle","Black Star","TwistedFunnel","FossilizedHelix","Paper Crane","Bronze Scales","Question Card","Peace Pipe","Art of War","Tingsha","HoveringKite","Red Mask","Unceasing Top","Gremlin Horn","MawBank"],"potions_floor_usage":[6,13,22,22,30,40,40,42,46,50],"damage_taken":[{"damage":0,"enemies":"Small Slimes","floor":1,"turns":1},{"damage":1,"enemies":"Cultist","floor":3,"turns":1},{"damage":2,"enemies":"2 Louse","floor":4,"turns":1},{"damage":35,"enemies":"3 Sentries","floor":6,"turns":9},{"damage":30,"enemies":"Lagavulin","floor":10,"turns":7},{"damage":14,"enemies":"3 Sentries","floor":12,"turns":6},{"damage":0,"enemies":"Looter","floor":13,"turns":1},{"damage":0,"enemies":"Blue Slaver","floor":14,"turns":3},{"damage":5,"enemies":"Hexaghost","floor":16,"turns":9},{"damage":7,"enemies":"3 Byrds","floor":18,"turns":6},{"damage":11,"enemies":"Shell Parasite","floor":21,"turns":5},{"damage":26,"enemies":"Sentry and Sphere","floor":22,"turns":8},{"damage":17,"enemies":"Gremlin Leader","floor":24,"turns":7},{"damage":12,"enemies":"Snake Plant","floor":28,"turns":3},{"damage":7,"enemies":"Book of Stabbing","floor":30,"turns":5},{"damage":28,"enemies":"Champ","floor":33,"turns":12},{"damage":12,"enemies":"3 Shapes","floor":35,"turns":4},{"damage":21,"enemies":"3 Darklings","floor":39,"turns":7},{"damage":14,"enemies":"Nemesis","floor":40,"turns":7},{"damage":0,"enemies":"Sphere and 2 Shapes","floor":42,"turns":5},{"damage":0,"enemies":"Maw","floor":45,"turns":7},{"damage":10,"enemies":"Transient","floor":46,"turns":5},{"damage":0,"enemies":"4 Shapes","floor":48,"turns":4},{"damage":71,"enemies":"Time Eater","floor":50,"turns":12}],"seed_played":"-1423699084253255739","potions_obtained":[{"floor":3,"key":"Block Potion"},{"floor":4,"key":"Fire Potion"},{"floor":12,"key":"Ancient Potion"},{"floor":16,"key":"PowerPotion"},{"floor":18,"key":"Regen Potion"},{"floor":24,"key":"Strength Potion"},{"floor":33,"key":"FearPotion"},{"floor":40,"key":"Swift Potion"},{"floor":42,"key":"SpeedPotion"},{"floor":48,"key":"Weak Potion"}],"is_trial":false,"path_per_floor":["M","?","M","M","?","E","R","$","T","E","R","E","M","M","R","B",null,"M","$","?","M","M","R","E","?","T","R","M","?","E","$","R","B",null,"M","?","?","$","M","E","R","M","T","R","M","M","?","M","R","B"],"character_chosen":"THE_SILENT","items_purchased":["Noxious Fumes","Blade Dance","TwistedFunnel","Backflip"],"campfire_rested":6,"item_purchase_floors":[8,8,19,31],"current_hp_per_floor":[70,70,69,67,65,40,40,40,40,10,32,18,18,18,18,13,60,53,53,53,42,31,53,36,36,36,58,46,46,39,39,61,33,65,53,53,53,53,32,18,40,40,40,62,62,52,71,71,71,0],"gold":269,"neow_bonus":"THREE_ENEMY_KILL","is_prod":false,"is_daily":false,"chose_seed":false,"campfire_upgraded":3,"win_rate":0,"timestamp":1549269705,"path_taken":["M","?","?","?","?","E","R","$","T","E","R","E","M","M","R","BOSS","M","$","?","M","M","R","E","?","T","R","M","?","E","?","R","BOSS","M","?","?","$","M","E","R","?","T","R","M","M","?","M","R","BOSS"],"build_version":"2019-01-23","purchased_purges":2,"victory":false,"max_hp_per_floor":[70,70,70,70,65,75,75,75,75,75,75,75,75,75,75,75,75,75,75,75,75,75,75,75,75,75,75,75,75,75,75,75,75,75,75,75,75,75,75,75,75,75,75,75,75,75,75,75,75,75],"card_choices":[{"not_picked":["Bane","Flying Knee"],"picked":"Choke","floor":1},{"not_picked":["Dagger Spray","Deadly Poison"],"picked":"Cloak And Dagger","floor":3},{"not_picked":["Backflip","PiercingWail"],"picked":"Skewer","floor":4},{"not_picked":["Choke","Distraction"],"picked":"Envenom","floor":6},{"not_picked":["Bane","Sucker Punch"],"picked":"Cloak And Dagger","floor":10},{"not_picked":["Slice","Poisoned Stab"],"picked":"Footwork","floor":12},{"not_picked":["Dagger Throw","Crippling Poison"],"picked":"Slice","floor":13},{"not_picked":["Prepared","Sucker Punch","Dagger Throw"],"picked":"SKIP","floor":14},{"not_picked":["Bane+1","Slice"],"picked":"Quick Slash+1","floor":18},{"not_picked":["Outmaneuver","Prepared+1","Acrobatics"],"picked":"SKIP","floor":21},{"not_picked":["Outmaneuver","Acrobatics"],"picked":"Prepared+1","floor":21},{"not_picked":["Dagger Spray","Deadly Poison+1"],"picked":"Slice+1","floor":22},{"not_picked":["Flying Knee","Poisoned Stab","Tactician"],"picked":"SKIP","floor":24},{"not_picked":["Flying Knee+1","Riddle With Holes","Backflip"],"picked":"Footwork","floor":28},{"not_picked":["Crippling Poison","Predator+1","Riddle With Holes"],"picked":"Infinite Blades","floor":30},{"not_picked":["Wraith Form v2","A Thousand Cuts","Corpse Explosion"],"picked":"After Image","floor":33},{"not_picked":["Terror","Quick Slash","PiercingWail+1","Finisher"],"picked":"SKIP","floor":35},{"not_picked":["Deadly Poison+1","Riddle With Holes+1","PiercingWail+1"],"picked":"Dagger Throw","floor":39},{"not_picked":["Prepared+1","Acrobatics+1","Accuracy+1"],"picked":"Escape Plan","floor":40},{"not_picked":["Slice","Backstab","PiercingWail+1"],"picked":"Cloak And Dagger","floor":42},{"not_picked":["Deadly Poison+1","Crippling Poison+1","Underhanded Strike"],"picked":"Escape Plan+1","floor":45},{"not_picked":["Blade Dance+1","Riddle With Holes","Leg Sweep"],"picked":"Infinite Blades","floor":46},{"not_picked":["Quick Slash+1","Eviscerate","Phantasmal Killer","Setup+1"],"picked":"SKIP","floor":48}],"player_experience":721538,"relics_obtained":[{"floor":6,"key":"Pear"},{"floor":9,"key":"Smiling Mask"},{"floor":10,"key":"Bag of Preparation"},{"floor":12,"key":"Centennial Puzzle"},{"floor":24,"key":"FossilizedHelix"},{"floor":24,"key":"Paper Crane"},{"floor":26,"key":"Question Card"},{"floor":30,"key":"Art of War"},{"floor":30,"key":"Tingsha"},{"floor":40,"key":"Unceasing Top"},{"floor":40,"key":"Gremlin Horn"},{"floor":43,"key":"MawBank"}],"event_choices":[{"damage_healed":0,"gold_gain":0,"player_choice":"Rummage","damage_taken":0,"relics_obtained":["WarpedTongs"],"max_hp_gain":0,"max_hp_loss":0,"event_name":"Accursed Blacksmith","floor":2,"gold_loss":0,"cards_obtained":["Pain"]},{"damage_healed":0,"gold_gain":0,"player_choice":"Lose Max HP","damage_taken":0,"relics_obtained":["Golden Idol"],"max_hp_gain":0,"max_hp_loss":5,"event_name":"Golden Idol","floor":5,"gold_loss":0},{"damage_healed":0,"gold_gain":0,"cards_transformed":["Strike_G","Strike_G"],"player_choice":"Became Test Subject","damage_taken":0,"max_hp_gain":0,"max_hp_loss":0,"event_name":"Drug Dealer","floor":20,"gold_loss":0,"cards_obtained":["Quick Slash","After Image"]},{"damage_healed":0,"gold_gain":0,"player_choice":"Obtained Relic","damage_taken":0,"relics_obtained":["Bronze Scales"],"max_hp_gain":0,"max_hp_loss":0,"event_name":"Addict","floor":25,"gold_loss":85},{"damage_healed":0,"gold_gain":0,"player_choice":"Opened","damage_taken":0,"relics_obtained":["Peace Pipe"],"max_hp_gain":0,"max_hp_loss":0,"event_name":"The Mausoleum","floor":29,"gold_loss":0},{"damage_healed":0,"gold_gain":0,"player_choice":"Paid","damage_taken":0,"relics_obtained":["Red Mask"],"max_hp_gain":0,"max_hp_loss":0,"event_name":"Tomb of Lord Red Mask","floor":36,"gold_loss":152},{"damage_healed":0,"gold_gain":0,"player_choice":"1 cards matched","damage_taken":0,"max_hp_gain":0,"max_hp_loss":0,"event_name":"Match and Keep!","floor":37,"gold_loss":0,"cards_obtained":["Deflect"]},{"damage_healed":0,"gold_gain":0,"player_choice":"1 cards matched","damage_taken":0,"max_hp_gain":0,"max_hp_loss":0,"event_name":"Match and Keep!","floor":37,"gold_loss":0,"cards_obtained":["Deflect"]},{"damage_healed":19,"gold_gain":0,"player_choice":"Writhe","damage_taken":0,"max_hp_gain":0,"max_hp_loss":0,"event_name":"Winding Halls","floor":47,"gold_loss":0,"cards_obtained":["Writhe"]}],"is_beta":false,"boss_relics":[{"not_picked":["Lizard Tail","Calling Bell"],"picked":"Black Star"},{"not_picked":["Runic Dome","Tiny House"],"picked":"HoveringKite"}],"items_purged_floors":[8,19],"is_endless":false,"potions_floor_spawned":[3,4,12,16,18,24,33,40,42,48],"killed_by":"Time Eater","ascension_level":5}