{"gold_per_floor":[109,4,22,33,46,80,90,90,90,122,122,134,152,163,163,267,267,285,285],"floor_reached":19,"playtime":1072,"items_purged":[],"score":284,"play_id":"fbe5d308-3d60-43f2-846f-49ed3935bd6e","local_time":"20190126170721","is_ascension_mode":true,"campfire_choices":[{"data":"Infinite Blades","floor":8,"key":"SMITH"},{"floor":15,"key":"REST"}],"neow_cost":"NONE","seed_source_timestamp":1119728729306522,"circlet_count":0,"master_deck":["AscendersBane","Defend_G","Defend_G","Defend_G","Defend_G","Defend_G","Strike_G","Strike_G","Strike_G","Strike_G","Strike_G","Survivor","Neutralize","Infinite Blades+1","Poisoned Stab","Accuracy","Blade Dance","Cloak And Dagger","Poisoned Stab","Cloak And Dagger","Finisher","Backflip","Finisher","After Image","Sucker Punch"],"relics":["Ring of the Snake","Paper Crane","Singing Bowl","Dodecahedron","Eternal Feather"],"potions_floor_usage":[6,13,14],"damage_taken":[{"damage":1,"enemies":"Cultist","floor":1,"turns":4},{"damage":4,"enemies":"Small Slimes","floor":3,"turns":5},{"damage":6,"enemies":"2 Louse","floor":4,"turns":3},{"damage":2,"enemies":"Blue Slaver","floor":5,"turns":4},{"damage":18,"enemies":"3 Sentries","floor":6,"turns":9},{"damage":6,"enemies":"Exordium Thugs","floor":7,"turns":6},{"damage":20,"enemies":"Lagavulin","floor":10,"turns":7},{"damage":0,"enemies":"Exordium Wildlife","floor":12,"turns":3},{"damage":0,"enemies":"Looter","floor":13,"turns":3},{"damage":0,"enemies":"Large Slime","floor":14,"turns":5},{"damage":39,"enemies":"Hexaghost","floor":16,"turns":10},{"damage":20,"enemies":"Spheric Guardian","floor":18,"turns":5},{"damage":48,"enemies":"Colosseum Slavers","floor":19,"turns":4}],"seed_played":"-6170593653362557561","potions_obtained":[{"floor":1,"key":"Block Potion"},{"floor":4,"key":"Dexterity Potion"},{"floor":7,"key":"SmokeBomb"},{"floor":13,"key":"Fruit Juice"}],"is_trial":false,"path_per_floor":["M","$","M","M","M","E","M","R","T","E","?","M","M","M","R","B",null,"M","?"],"character_chosen":"THE_SILENT","items_purchased":["Accuracy","Blade Dance"],"campfire_rested":1,"item_purchase_floors":[2,2],"current_hp_per_floor":[62,62,58,52,50,32,26,26,26,8,8,10,15,17,41,2,61,41,0],"gold":285,"neow_bonus":"THREE_CARDS","is_prod":false,"is_daily":false,"chose_seed":false,"campfire_upgraded":1,"win_rate":0,"timestamp":1548544041,"path_taken":["M","$","?","M","M","E","M","R","T","E","?","M","M","M","R","BOSS","M","?"],"build_version":"2019-01-23","purchased_purges":0,"victory":false,"max_hp_per_floor":[70,70,70,70,70,70,70,70,70,72,72,74,79,81,81,81,81,81,81],"card_choices":[{"not_picked":["Blade Dance","Backflip"],"picked":"Infinite Blades","floor":0},{"not_picked":["Distraction","Sucker Punch"],"picked":"Poisoned Stab","floor":1},{"not_picked":["Dodge and Roll","Flechettes"],"picked":"Cloak And Dagger","floor":3},{"not_picked":["Dagger Throw","Acrobatics"],"picked":"Poisoned Stab","floor":4},{"not_picked":["Underhanded Strike","Dagger Spray"],"picked":"Cloak And Dagger","floor":5},{"not_picked":["Dash","Underhanded Strike"],"picked":"Finisher","floor":6},{"not_picked":["Eviscerate","PiercingWail"],"picked":"Backflip","floor":7},{"not_picked":["Setup","Poisoned Stab","Phantasmal Killer"],"picked":"Singing Bowl","floor":10},{"not_picked":["Flying Knee","Backflip","Setup"],"picked":"Singing Bowl","floor":12},{"not_picked":["Dagger Spray","Outmaneuver"],"picked":"Finisher","floor":13},{"not_picked":["Dodge and Roll","All Out Attack","Bane"],"picked":"Singing Bowl","floor":14},{"not_picked":["Wraith Form v2","Doppelganger"],"picked":"After Image","floor":16},{"not_picked":["Outmaneuver","Bane"],"picked":"Sucker Punch","floor":18}],"player_experience":472581,"relics_obtained":[{"floor":6,"key":"Paper Crane"},{"floor":9,"key":"Singing Bowl"},{"floor":10,"key":"Dodecahedron"}],"event_choices":[{"damage_healed":0,"gold_gain":0,"player_choice":"Bought 0 Potions","damage_taken":0,"max_hp_gain":0,"max_hp_loss":0,"event_name":"The Woman in Blue","floor":11,"gold_loss":0},{"damage_healed":0,"gold_gain":0,"player_choice":"Fight","damage_taken":0,"max_hp_gain":0,"max_hp_loss":0,"event_name":"Colosseum","floor":19,"gold_loss":0}],"is_beta":false,"boss_relics":[{"not_picked":["Lizard Tail","Calling Bell"],"picked":"Eternal Feather"}],"items_purged_floors":[],"is_endless":false,"potions_floor_spawned":[1,4,7,10,13],"killed_by":"Colosseum Slavers","ascension_level":11}