{"gold_per_floor":[110,126,3,3,14,40,55,55,55,73,0,12,12,29,29,133,133,143,43,43],"floor_reached":20,"playtime":1116,"items_purged":["Strike_G","Strike_G"],"score":176,"play_id":"66600e56-c384-453f-bba3-552dc3703e41","local_time":"20190205182258","is_ascension_mode":false,"campfire_choices":[{"data":"Skewer","floor":8,"key":"SMITH"},{"data":"Accuracy","floor":13,"key":"SMITH"},{"floor":15,"key":"REST"}],"neow_cost":"NONE","seed_source_timestamp":440859531659351,"circlet_count":0,"master_deck":["Defend_G","Defend_G","Defend_G","Defend_G","Defend_G","Strike_G","Strike_G","Strike_G","Survivor","Neutralize","Skewer+1","Dagger Spray","Cloak And Dagger","Flying Knee","Blade Dance","Terror","Accuracy+1","Cloak And Dagger","Blade Dance","Envenom","PiercingWail+1"],"relics":["Ring of the Snake","Singing Bowl","Dream Catcher","Question Card","Eternal Feather"],"potions_floor_usage":[6,7,14,16,20],"damage_taken":[{"damage":0,"enemies":"Cultist","floor":1,"turns":3},{"damage":0,"enemies":"Small Slimes","floor":2,"turns":3},{"damage":3,"enemies":"Jaw Worm","floor":5,"turns":4},{"damage":30,"enemies":"Lagavulin","floor":6,"turns":9},{"damage":2,"enemies":"Blue Slaver","floor":7,"turns":3},{"damage":2,"enemies":"Looter","floor":10,"turns":2},{"damage":0,"enemies":"Large Slime","floor":12,"turns":3},{"damage":6,"enemies":"2 Fungi Beasts","floor":14,"turns":3},{"damage":19,"enemies":"The Guardian","floor":16,"turns":11},{"damage":10,"enemies":"Chosen","floor":18,"turns":4},{"damage":25,"enemies":"Colosseum Slavers","floor":20,"turns":5},{"damage":41,"enemies":"Colosseum Nobs","floor":20,"turns":4}],"seed_played":"5079517288487983779","potions_obtained":[{"floor":2,"key":"SpeedPotion"},{"floor":5,"key":"Weak Potion"},{"floor":6,"key":"AttackPotion"},{"floor":10,"key":"SkillPotion"}],"is_trial":false,"path_per_floor":["M","M","$","?","M","E","M","R","T","M","$","M","R","M","R","B",null,"M","$","?"],"character_chosen":"THE_SILENT","items_purchased":["Swift Potion","Accuracy"],"campfire_rested":1,"item_purchase_floors":[3,11],"current_hp_per_floor":[70,70,70,67,64,36,34,34,34,32,32,34,34,28,50,31,74,64,64,0],"gold":43,"neow_bonus":"THREE_CARDS","is_prod":false,"is_daily":false,"chose_seed":false,"campfire_upgraded":2,"win_rate":0,"timestamp":1549412578,"path_taken":["M","?","$","?","M","E","M","R","T","M","$","M","R","M","R","BOSS","M","$","?"],"build_version":"2019-01-23","purchased_purges":2,"victory":false,"max_hp_per_floor":[70,70,70,70,70,72,72,72,72,72,72,74,74,74,74,74,74,74,74,74],"card_choices":[{"not_picked":["Cloak And Dagger","Flying Knee"],"picked":"Skewer","floor":0},{"not_picked":["Underhanded Strike","Caltrops"],"picked":"Dagger Spray","floor":1},{"not_picked":["Slice","Deflect"],"picked":"Cloak And Dagger","floor":2},{"not_picked":["Quick Slash","Bane"],"picked":"Flying Knee","floor":5},{"not_picked":["All Out Attack","Dagger Throw","Dagger Spray"],"picked":"Singing Bowl","floor":6},{"not_picked":["Quick Slash","Phantasmal Killer"],"picked":"Blade Dance","floor":7},{"not_picked":["Skewer","Deflect","Quick Slash"],"picked":"Terror","floor":10},{"not_picked":["Deadly Poison","Poisoned Stab","Sucker Punch","Riddle With Holes"],"picked":"Singing Bowl","floor":12},{"not_picked":["Concentrate","Outmaneuver","Deadly Poison"],"picked":"Cloak And Dagger","floor":14},{"not_picked":["Dagger Spray","Prepared","Poisoned Stab"],"picked":"Blade Dance","floor":15},{"not_picked":["Bullet Time","Malaise","Unload"],"picked":"Envenom","floor":16},{"not_picked":["Flying Knee","Footwork","Noxious Fumes"],"picked":"PiercingWail+1","floor":18}],"player_experience":114264,"relics_obtained":[{"floor":6,"key":"Dream Catcher"},{"floor":9,"key":"Question Card"}],"event_choices":[{"damage_healed":0,"gold_gain":0,"player_choice":"Success","damage_taken":3,"relics_obtained":["Singing Bowl"],"max_hp_gain":0,"max_hp_loss":0,"event_name":"Scrap Ooze","floor":4,"gold_loss":0},{"damage_healed":0,"gold_gain":0,"player_choice":"Fight","damage_taken":0,"max_hp_gain":0,"max_hp_loss":0,"event_name":"Colosseum","floor":20,"gold_loss":0},{"damage_healed":0,"gold_gain":0,"player_choice":"Fought Nobs","damage_taken":0,"max_hp_gain":0,"max_hp_loss":0,"event_name":"Colosseum","floor":20,"gold_loss":0}],"is_beta":false,"boss_relics":[{"not_picked":["Calling Bell","Snecko Eye"],"picked":"Eternal Feather"}],"items_purged_floors":[3,19],"is_endless":false,"potions_floor_spawned":[2,5,6,10],"killed_by":"Colosseum Nobs","ascension_level":0}