{"path_per_floor":["M","?","?","T","M","E","M","R","T","$","M","E","R","?","R","B",null,"M","?","?","?","$","E","R","E","T","M","E","M","M","M","R","B",null,"M","M","?","M","M","E","M","?","T","E","$","E","R","M","R","B"],"character_chosen":"DEFECT","items_purchased":["Gremlin Horn","Scrape","Blood Vial","Defragment","Swift Strike"],"gold_per_floor":[119,119,119,197,221,264,285,285,362,27,50,89,89,89,89,213,251,265,265,188,188,32,70,70,113,113,127,167,185,198,213,213,336,336,359,374,0,23,42,83,97,97,121,194,23,58,58,74,74,74],"floor_reached":51,"campfire_rested":4,"playtime":2888,"item_purchase_floors":[10,10,22,45,45],"current_hp_per_floor":[68,68,68,68,63,28,28,50,50,50,47,38,60,65,65,38,85,68,52,52,52,52,35,60,37,37,39,25,22,21,23,48,50,85,75,77,77,83,69,77,78,78,78,85,85,85,85,85,85,85],"items_purged":[],"gold":74,"score":1058,"play_id":"a19eae3a-cede-4d8d-80cd-682ee0884364","local_time":"20180606232745","is_prod":false,"is_daily":false,"chose_seed":false,"is_ascension_mode":true,"campfire_upgraded":3,"win_rate":0,"timestamp":1528320465,"campfire_choices":[{"floor":8,"key":"REST"},{"floor":13,"key":"REST"},{"data":"Zap","floor":15,"key":"SMITH"},{"floor":24,"key":"REST"},{"floor":32,"key":"REST"},{"data":"White Noise","floor":47,"key":"SMITH"},{"data":"Dualcast","floor":49,"key":"SMITH"}],"path_taken":["M","?","?","?","?","E","M","R","T","$","M","E","R","?","R","BOSS","M","?","?","?","$","E","R","E","T","M","E","M","?","M","R","BOSS","M","M","?","M","?","E","M","?","T","E","$","E","R","M","R","BOSS"],"build_version":"2018-06-05","seed_source_timestamp":2636479908751,"purchased_purges":0,"victory":true,"master_deck":["Zap+1","Dualcast+1","Coolheaded","Injury","Scrape","Leap","Genetic Algorithm","Scrape","Go for the Eyes","Loop","Echo Form","Leap","White Noise+1","J.A.X.","Redo","Defragment+1","Ball Lightning+1","Go for the Eyes","Chill","Reprogram+1","Gash+1","Creative AI","Conserve Battery","Blizzard","Glacier","Capacitor","Heatsinks","Rebound","White Noise+1","Melter+1","Chill","Steam+1","Self Repair+1","All For One","Stack","Reprogram","Echo Form","Thunder Strike","Defragment","Swift Strike","Steam Power","Gash"],"max_hp_per_floor":[75,75,75,75,75,75,75,75,75,75,75,75,75,80,80,80,85,85,85,85,85,85,85,85,85,85,85,85,85,85,85,85,85,85,85,85,85,85,85,85,85,85,85,85,85,85,85,85,85,85],"relics":["Cracked Core","Unceasing Top","Golden Idol","Cables","Ice Cream","Shuriken","Gremlin Horn","Mummified Hand","Tiny House","Enchiridion","Blood Vial","Thread and Needle","Ancient Tea Set","Pen Nib","Happy Flower","Pandora\u0027s Box","Red Mask","Vajra","Regal Pillow","Tiny Chest","DataDisk"],"card_choices":[{"not_picked":["Chaos","Turbo"],"picked":"Coolheaded","floor":1},{"not_picked":["Doom and Gloom","Blizzard"],"picked":"Scrape","floor":5},{"not_picked":["Rainbow","Conserve Battery"],"picked":"Leap","floor":6},{"not_picked":["Conserve Battery","Steam Power"],"picked":"Genetic Algorithm","floor":7},{"not_picked":["Reinforced Body","Barrage"],"picked":"Go for the Eyes","floor":11},{"not_picked":["Aggregate","Recycle"],"picked":"Loop","floor":12},{"not_picked":["Rainbow","Thunder Strike"],"picked":"Echo Form","floor":16},{"not_picked":["Rebound","Reinforced Body"],"picked":"Leap","floor":17},{"not_picked":["Cold Snap","Compile Driver"],"picked":"White Noise+1","floor":18},{"not_picked":["Sweeping Beam","Turbo"],"picked":"Redo","floor":23},{"not_picked":["Stack","Reprogram"],"picked":"Defragment+1","floor":25},{"not_picked":["Turbo","Cold Snap"],"picked":"Ball Lightning+1","floor":27},{"not_picked":["Machine Learning","Cold Snap+1"],"picked":"Go for the Eyes","floor":28},{"not_picked":["Conserve Battery+1","Doom and Gloom"],"picked":"Chill","floor":29},{"not_picked":["Leap+1","Compile Driver"],"picked":"Reprogram+1","floor":30},{"not_picked":["Turbo","Fusion"],"picked":"Gash+1","floor":31},{"not_picked":["Biased Cognition","Meteor Strike"],"picked":"Creative AI","floor":33},{"not_picked":["Rebound","Ball Lightning"],"picked":"Melter+1","floor":35},{"not_picked":["Force Field+1","Reinforced Body"],"picked":"Chill","floor":36},{"not_picked":["Undo+1","Barrage+1"],"picked":"Steam+1","floor":38},{"not_picked":["Sunder","Static Discharge+1"],"picked":"Self Repair+1","floor":39},{"not_picked":["Redo","Lockon"],"picked":"All For One","floor":40},{"not_picked":["Undo+1","Sweeping Beam+1"],"picked":"Stack","floor":41},{"not_picked":["Rainbow","Skim"],"picked":"Thunder Strike","floor":44},{"not_picked":["Skim+1","Rebound+1"],"picked":"Steam Power","floor":46},{"not_picked":["Steam+1","Conserve Battery+1"],"picked":"Gash","floor":48}],"player_experience":223654,"potions_floor_usage":[11,12,18,18,25,33,33,39,40,46,50,50,50,50,50,50],"damage_taken":[{"damage":7,"enemies":"Small Slimes","floor":1,"turns":3},{"damage":5,"enemies":"Jaw Worm","floor":5,"turns":4},{"damage":35,"enemies":"Gremlin Nob","floor":6,"turns":4},{"damage":0,"enemies":"2 Louse","floor":7,"turns":2},{"damage":3,"enemies":"Large Slime","floor":11,"turns":5},{"damage":9,"enemies":"Lagavulin","floor":12,"turns":8},{"damage":27,"enemies":"Hexaghost","floor":16,"turns":11},{"damage":17,"enemies":"2 Thieves","floor":18,"turns":4},{"damage":19,"enemies":"Book of Stabbing","floor":23,"turns":5},{"damage":25,"enemies":"Slavers","floor":25,"turns":5},{"damage":0,"enemies":"Chosen","floor":27,"turns":5},{"damage":16,"enemies":"Book of Stabbing","floor":28,"turns":4},{"damage":5,"enemies":"Snake Plant","floor":29,"turns":4},{"damage":3,"enemies":"Centurion and Healer","floor":30,"turns":4},{"damage":0,"enemies":"Sentry and Sphere","floor":31,"turns":4},{"damage":0,"enemies":"Champ","floor":33,"turns":7},{"damage":10,"enemies":"3 Darklings","floor":35,"turns":3},{"damage":0,"enemies":"Flame Bruiser 1 Orb","floor":36,"turns":3},{"damage":3,"enemies":"4 Shapes","floor":38,"turns":4},{"damage":16,"enemies":"Transient","floor":39,"turns":5},{"damage":4,"enemies":"2 Orb Walkers","floor":40,"turns":5},{"damage":11,"enemies":"Spire Growth","floor":41,"turns":4},{"damage":3,"enemies":"Giant Head","floor":44,"turns":6},{"damage":4,"enemies":"Nemesis","floor":46,"turns":5},{"damage":0,"enemies":"Flame Bruiser 2 Orb","floor":48,"turns":2},{"damage":4,"enemies":"Donu and Deca","floor":50,"turns":5}],"relics_obtained":[{"floor":4,"key":"Cables"},{"floor":6,"key":"Ice Cream"},{"floor":9,"key":"Shuriken"},{"floor":12,"key":"Mummified Hand"},{"floor":19,"key":"Enchiridion"},{"floor":23,"key":"Thread and Needle"},{"floor":25,"key":"Ancient Tea Set"},{"floor":26,"key":"Pen Nib"},{"floor":28,"key":"Happy Flower"},{"floor":40,"key":"Vajra"},{"floor":43,"key":"Regal Pillow"},{"floor":44,"key":"Tiny Chest"},{"floor":46,"key":"DataDisk"}],"event_choices":[{"event_name":"Living Wall","player_choice":"Forget","floor":2,"damage_taken":0},{"event_name":"Golden Idol","player_choice":"Take Wound","floor":3,"damage_taken":0},{"event_name":"Big Fish","player_choice":"Donut","floor":14,"damage_taken":0},{"event_name":"Cursed Tome","player_choice":"Obtained Book","floor":19,"damage_taken":0},{"event_name":"Drug Dealer","player_choice":"Got JAXXED","floor":20,"damage_taken":0},{"event_name":"Bonfire Elementals","player_choice":"BASIC","floor":21,"damage_taken":0},{"event_name":"Tomb of Lord Red Mask","player_choice":"Paid","floor":37,"damage_taken":0},{"event_name":"Match and Keep!","player_choice":"2 cards matched","floor":42,"damage_taken":0}],"boss_relics":[{"not_picked":["Runic Dome","Calling Bell"],"picked":"Tiny House"},{"not_picked":["Orrery","Inserter"],"picked":"Pandora\u0027s Box"}],"items_purged_floors":[],"potions_floor_spawned":[6,7,12,18,23,30,31,33,38,39,40,41,48],"seed_played":"-7345831779961093223","ascension_level":3,"potions_obtained":[{"floor":6,"key":"Block Potion"},{"floor":7,"key":"PowerPotion"},{"floor":12,"key":"FocusPotion"},{"floor":17,"key":"Explosive Potion"},{"floor":18,"key":"Strength Potion"},{"floor":23,"key":"Weak Potion"},{"floor":30,"key":"Explosive Potion"},{"floor":31,"key":"Poison Potion"},{"floor":33,"key":"Dexterity Potion"},{"floor":38,"key":"Energy Potion"},{"floor":39,"key":"Strength Potion"},{"floor":40,"key":"Block Potion"},{"floor":41,"key":"EntropicBrew"},{"floor":48,"key":"Fire Potion"}],"is_trial":false}