{"gold_per_floor":[119,132,144,162,162,162,8,39,62,87,87,122,178,198,198,269,269,285,285,302,11,11,11,11],"floor_reached":24,"playtime":2809,"items_purged":["Strike_B"],"score":442,"play_id":"58a54def-342e-4ffb-80bd-76ce98afdce0","local_time":"20181128150708","is_ascension_mode":true,"campfire_choices":[{"data":"Defragment","floor":6.0,"key":"SMITH"},{"floor":11.0,"key":"REST"},{"data":"Buffer","floor":15.0,"key":"SMITH"},{"floor":23,"key":"REST"}],"neow_cost":"NONE","seed_source_timestamp":0,"circlet_count":0,"master_deck":["AscendersBane","Strike_B","Strike_B","Defend_B","Defend_B","Defend_B","Defend_B","Zap","Dualcast","Chill","Streamline","Glacier","Defragment+1","Capacitor","Conserve Battery","Steam","Go for the Eyes","Coolheaded","Buffer+1","Gash","Fission","Loop","Hologram","Reinforced Body","Compile Driver","Rebound","Beam Cell","Cold Snap"],"special_seed":0,"relics":["Cracked Core","Potion Belt","Bag of Preparation","Strawberry","Orichalcum","Omamori","Orrery","Regal Pillow"],"potions_floor_usage":[],"damage_taken":[{"damage":3.0,"enemies":"Small Slimes","floor":1.0,"turns":3.0},{"damage":6.0,"enemies":"2 Louse","floor":2.0,"turns":3.0},{"damage":1.0,"enemies":"Cultist","floor":3.0,"turns":3.0},{"damage":14.0,"enemies":"Lots of Slimes","floor":4.0,"turns":5.0},{"damage":11.0,"enemies":"Gremlin Nob","floor":8.0,"turns":6.0},{"damage":0.0,"enemies":"Lagavulin","floor":10.0,"turns":7.0},{"damage":9.0,"enemies":"3 Sentries","floor":12.0,"turns":10.0},{"damage":0.0,"enemies":"Exordium Thugs","floor":14.0,"turns":5.0},{"damage":22.0,"enemies":"Slime Boss","floor":16.0,"turns":17.0},{"damage":2.0,"enemies":"Shell Parasite","floor":18.0,"turns":10.0},{"damage":36,"enemies":"3 Byrds","floor":20,"turns":10},{"damage":70,"enemies":"Book of Stabbing","floor":24,"turns":11}],"seed_played":"-6301078156245669221","potions_obtained":[{"floor":2.0,"key":"Dexterity Potion"},{"floor":4.0,"key":"Explosive Potion"},{"floor":8.0,"key":"Poison Potion"},{"floor":16.0,"key":"EssenceOfSteel"},{"floor":20,"key":"Poison Potion"}],"is_trial":false,"path_per_floor":["M","M","M","M","?","R","$","E","T","E","R","E","?","M","R","B",null,"M","?","M","$","$","R","E"],"character_chosen":"DEFECT","items_purchased":["Capacitor","Conserve Battery","Steam","Regal Pillow","Dexterity Potion"],"campfire_rested":2,"item_purchase_floors":[7,7,7,21,21],"current_hp_per_floor":[68,62,61,47,21,21,21,10,17,17,42,33,33,33,33,11,67,65,65,29,29,29,69,0],"gold":11,"neow_bonus":"TEN_PERCENT_HP_BONUS","is_prod":false,"is_daily":false,"chose_seed":false,"campfire_upgraded":2,"win_rate":0,"timestamp":1543446428,"path_taken":["M","M","M","M","?","R","$","E","T","E","R","E","?","M","R","BOSS","M","?","?","?","$","R","E"],"build_version":"2018-11-15","purchased_purges":1,"victory":false,"max_hp_per_floor":[78,78,78,78,78,78,78,78,85,85,85,85,85,85,85,85,85,85,85,85,85,85,85,85],"card_choices":[{"not_picked":["Gash","Conserve Battery"],"picked":"Chill","floor":1.0},{"not_picked":["Hello World","Reprogram"],"picked":"Streamline","floor":2.0},{"not_picked":["Melter","Reinforced Body"],"picked":"Glacier","floor":3.0},{"not_picked":["Conserve Battery","Rebound"],"picked":"Defragment","floor":4.0},{"not_picked":["Blizzard","Turbo"],"picked":"Go for the Eyes","floor":8.0},{"not_picked":["Steam","Turbo"],"picked":"Coolheaded","floor":10.0},{"not_picked":["Leap","Melter"],"picked":"Buffer","floor":12.0},{"not_picked":["Force Field","Redo"],"picked":"Gash","floor":14.0},{"not_picked":["Buffer","Biased Cognition"],"picked":"Fission","floor":16.0},{"not_picked":["Sweeping Beam","Leap"],"picked":"Loop","floor":17.0},{"not_picked":["Stack","Go for the Eyes"],"picked":"Hologram","floor":17.0},{"not_picked":["Redo","Heatsinks"],"picked":"Reinforced Body","floor":17.0},{"not_picked":["Leap","Cold Snap"],"picked":"Compile Driver","floor":17.0},{"not_picked":["Tempest","Storm"],"picked":"Rebound","floor":17.0},{"not_picked":["Compile Driver","Cold Snap"],"picked":"Beam Cell","floor":18.0},{"not_picked":["Steam","Turbo"],"picked":"Cold Snap","floor":20}],"player_experience":1516152,"relics_obtained":[{"floor":8.0,"key":"Bag of Preparation"},{"floor":9.0,"key":"Strawberry"},{"floor":10.0,"key":"Orichalcum"},{"floor":12.0,"key":"Omamori"}],"event_choices":[{"damage_healed":0.0,"max_hp_gain":0.0,"max_hp_loss":0.0,"gold_gain":0.0,"event_name":"Scrap Ooze","player_choice":"Success","floor":5.0,"gold_loss":0.0,"damage_taken":26.0,"relics_obtained":["Potion Belt"]},{"damage_healed":0.0,"max_hp_gain":0.0,"max_hp_loss":0.0,"gold_gain":56.0,"event_name":"Golden Wing","player_choice":"Gained Gold","floor":13.0,"gold_loss":0.0,"damage_taken":0.0},{"cards_removed":["Strike_B"],"damage_healed":0.0,"max_hp_gain":0.0,"max_hp_loss":0.0,"gold_gain":0.0,"event_name":"Purifier","player_choice":"Purged","floor":19.0,"gold_loss":0.0,"damage_taken":0.0}],"is_beta":false,"boss_relics":[{"not_picked":["Nuclear Battery","Coffee Dripper"],"picked":"Orrery"}],"items_purged_floors":[21],"is_endless":false,"potions_floor_spawned":[2,4,8,16,20],"killed_by":"Book of Stabbing","ascension_level":17}