{"gold_per_floor":[114,130,141,156,156,156,81,99,99,99,133,133,144,161,161,236,236,256,171,171,79,90,90,90],"floor_reached":24,"playtime":660,"items_purged":[],"score":396,"play_id":"f954a954-a286-4f49-acd0-2f9c4b9e9948","local_time":"20190116004538","is_ascension_mode":true,"campfire_choices":[{"data":"Sunder","floor":6,"key":"SMITH"},{"floor":10,"key":"REST"},{"data":"Zap","floor":12,"key":"SMITH"},{"data":"Capacitor","floor":15,"key":"SMITH"},{"floor":23,"key":"REST"}],"neow_cost":"TEN_PERCENT_HP_LOSS","seed_source_timestamp":1730749050866091,"circlet_count":0,"master_deck":["AscendersBane","Strike_B","Strike_B","Strike_B","Defend_B","Defend_B","Defend_B","Zap+1","Dualcast","Compile Driver","Glacier","Capacitor+1","Sunder+1","Beam Cell","Undo","Compile Driver","Auto Shields","Creative AI","Beam Cell","Ball Lightning"],"relics":["Cracked Core","StoneCalendar","Torii","Symbiotic Virus","Sozu","Turnip","Centennial Puzzle"],"potions_floor_usage":[11,24,24],"damage_taken":[{"damage":7,"enemies":"Jaw Worm","floor":1,"turns":3},{"damage":5,"enemies":"Small Slimes","floor":2,"turns":3},{"damage":0,"enemies":"Cultist","floor":3,"turns":4},{"damage":8,"enemies":"Blue Slaver","floor":4,"turns":4},{"damage":12,"enemies":"Lots of Slimes","floor":8,"turns":4},{"damage":16,"enemies":"Lagavulin","floor":11,"turns":5},{"damage":1,"enemies":"Red Slaver","floor":13,"turns":2},{"damage":1,"enemies":"Blue Slaver","floor":14,"turns":2},{"damage":9,"enemies":"Hexaghost","floor":16,"turns":10},{"damage":12,"enemies":"2 Thieves","floor":18,"turns":3},{"damage":16,"enemies":"3 Byrds","floor":22,"turns":3},{"damage":43,"enemies":"Book of Stabbing","floor":24,"turns":2}],"seed_played":"3937439952227911865","potions_obtained":[{"floor":4,"key":"FearPotion"},{"floor":11,"key":"Swift Potion"},{"floor":13,"key":"SteroidPotion"}],"is_trial":false,"path_per_floor":["M","M","M","M","?","R","?","M","T","R","E","R","M","M","R","B",null,"M","?","?","?","M","R","E"],"character_chosen":"DEFECT","items_purchased":[],"campfire_rested":2,"item_purchase_floors":[],"current_hp_per_floor":[57,52,52,44,37,37,37,25,25,44,28,28,27,26,26,17,52,40,40,40,40,24,43,0],"gold":90,"neow_bonus":"ONE_RARE_RELIC","is_prod":false,"is_daily":false,"chose_seed":false,"campfire_upgraded":3,"win_rate":0,"timestamp":1547628338,"path_taken":["M","M","M","M","?","R","?","M","T","R","E","R","M","M","R","BOSS","M","?","?","?","?","R","E"],"build_version":"2019-01-14v2","purchased_purges":0,"victory":false,"max_hp_per_floor":[64,64,64,64,64,64,64,64,64,64,64,64,64,64,64,64,64,64,64,64,64,64,64,64],"card_choices":[{"not_picked":["Stack","Hologram"],"picked":"Compile Driver","floor":1},{"not_picked":["Reprogram","Redo"],"picked":"Glacier","floor":2},{"not_picked":["Skim","Turbo"],"picked":"Capacitor","floor":3},{"not_picked":["Leap","Redo"],"picked":"Sunder","floor":4},{"not_picked":["Steam Power","Rebound"],"picked":"Beam Cell","floor":8},{"not_picked":["Lockon","Go for the Eyes"],"picked":"Undo","floor":11},{"not_picked":["Scrape","Turbo"],"picked":"Compile Driver","floor":13},{"not_picked":["Sweeping Beam","Melter"],"picked":"Auto Shields","floor":14},{"not_picked":["Meteor Strike","Seek"],"picked":"Creative AI","floor":16},{"not_picked":["Barrage","Rebound"],"picked":"Beam Cell","floor":18},{"not_picked":["Turbo","Compile Driver"],"picked":"Ball Lightning","floor":22}],"player_experience":980733,"relics_obtained":[{"floor":9,"key":"Torii"},{"floor":11,"key":"Symbiotic Virus"}],"event_choices":[{"cards_removed":["Strike_B"],"damage_healed":0,"gold_gain":0,"player_choice":"Card Removal","damage_taken":7,"max_hp_gain":0,"max_hp_loss":0,"event_name":"Golden Wing","floor":5,"gold_loss":0},{"cards_removed":["Defend_B"],"damage_healed":0,"gold_gain":0,"player_choice":"Card Removal","damage_taken":0,"max_hp_gain":0,"max_hp_loss":0,"event_name":"The Cleric","floor":7,"gold_loss":75},{"damage_healed":0,"gold_gain":0,"player_choice":"Obtained Relic","damage_taken":0,"relics_obtained":["Turnip"],"max_hp_gain":0,"max_hp_loss":0,"event_name":"Addict","floor":19,"gold_loss":85},{"damage_healed":0,"gold_gain":0,"player_choice":"Ignored","damage_taken":0,"max_hp_gain":0,"max_hp_loss":0,"event_name":"The Mausoleum","floor":20,"gold_loss":0},{"damage_healed":0,"gold_gain":0,"player_choice":"Paid Gold","damage_taken":0,"relics_obtained":["Centennial Puzzle"],"max_hp_gain":0,"max_hp_loss":0,"event_name":"WeMeetAgain","floor":21,"gold_loss":92}],"is_beta":true,"boss_relics":[{"not_picked":["Philosopher\u0027s Stone","Pandora\u0027s Box"],"picked":"Sozu"}],"items_purged_floors":[],"is_endless":false,"potions_floor_spawned":[4,11,13,14,16,18],"killed_by":"Book of Stabbing","ascension_level":20}