{"gold_per_floor":[116,91,91,68,79,79,108,108,131,147,166,166,179,204,204,307,307,326,251,351,367,63,73,107,107,107,107,134,23,36,56,56,151,151,164,164,175,188,204,204,236,254,254,254,289,42,42,42,42,42,42,42,42,76,76],"floor_reached":55,"playtime":3766,"items_purged":[],"score":1265,"play_id":"10ac19ac-13c5-4787-9eac-edc496bf09aa","local_time":"20190117005228","is_ascension_mode":true,"campfire_choices":[{"data":"Body Slam","floor":6.0,"key":"SMITH"},{"data":"Uppercut","floor":8.0,"key":"SMITH"},{"data":"Heavy Blade","floor":12.0,"key":"SMITH"},{"data":"Pummel","floor":15.0,"key":"SMITH"},{"floor":27.0,"key":"REST"},{"floor":32.0,"key":"REST"},{"floor":40.0,"key":"REST"},{"floor":44.0,"key":"RECALL"},{"floor":49.0,"key":"REST"},{"floor":52.0,"key":"REST"}],"neow_cost":"NONE","seed_source_timestamp":178212169224959,"circlet_count":0,"master_deck":["AscendersBane","Strike_R","Strike_R","Strike_R","Defend_R","Defend_R","Defend_R","Defend_R","Bash","Pommel Strike","Heavy Blade+1","Body Slam+1","Uppercut+1","Sword Boomerang+1","Rupture","Pummel+1","Spot Weakness","Spot Weakness","Feed+1","Headbutt","True Grit","Clothesline","PanicButton","Battle Trance","Spot Weakness","Feel No Pain","Corruption","Whirlwind+1","Limit Break","Body Slam+1","Fiend Fire","Shrug It Off","Juggernaut","Flex+1","Heavy Blade+1","Shrug It Off","Exhume","Magnetism","Dropkick+1","Iron Wave+1","Pommel Strike+1"],"special_seed":0,"relics":["Burning Blood","NeowsBlessing","Bronze Scales","Vajra","FossilizedHelix","Sozu","Incense Burner","Orichalcum","Turnip","Matryoshka","Snecko Eye","Whetstone","Dream Catcher","Dodecahedron","Paper Frog","Bag of Preparation"],"potions_floor_usage":[55],"damage_taken":[{"damage":0.0,"enemies":"Jaw Worm","floor":1.0,"turns":1.0},{"damage":0.0,"enemies":"2 Louse","floor":5.0,"turns":1.0},{"damage":0.0,"enemies":"Gremlin Nob","floor":7.0,"turns":1.0},{"damage":0.0,"enemies":"Cultist","floor":10.0,"turns":2.0},{"damage":4.0,"enemies":"Blue Slaver","floor":11.0,"turns":2.0},{"damage":9.0,"enemies":"Red Slaver","floor":13.0,"turns":2.0},{"damage":15.0,"enemies":"Lagavulin","floor":14.0,"turns":3.0},{"damage":22.0,"enemies":"The Guardian","floor":16.0,"turns":8.0},{"damage":16.0,"enemies":"Shell Parasite","floor":18.0,"turns":4.0},{"damage":6.0,"enemies":"Chosen","floor":21.0,"turns":3.0},{"damage":25.0,"enemies":"Shelled Parasite and Fungi","floor":23.0,"turns":4.0},{"damage":10.0,"enemies":"Book of Stabbing","floor":24.0,"turns":3.0},{"damage":10.0,"enemies":"Gremlin Leader","floor":28.0,"turns":3.0},{"damage":5.0,"enemies":"Snecko","floor":30.0,"turns":5.0},{"damage":13.0,"enemies":"Centurion and Healer","floor":31.0,"turns":5.0},{"damage":38.0,"enemies":"Champ","floor":33.0,"turns":7.0},{"damage":0.0,"enemies":"Orb Walker","floor":35.0,"turns":2.0},{"damage":12.0,"enemies":"3 Darklings","floor":37.0,"turns":3.0},{"damage":27.0,"enemies":"Jaw Worm Horde","floor":38.0,"turns":4.0},{"damage":17.0,"enemies":"Sphere and 2 Shapes","floor":39.0,"turns":3.0},{"damage":37.0,"enemies":"Reptomancer","floor":41.0,"turns":3.0},{"damage":0.0,"enemies":"Maw","floor":42.0,"turns":5.0},{"damage":10.0,"enemies":"Nemesis","floor":45.0,"turns":5.0},{"damage":64.0,"enemies":"Donu and Deca","floor":50.0,"turns":6.0},{"damage":0.0,"enemies":"Shield and Spear","floor":54.0,"turns":4.0},{"damage":98,"enemies":"The Heart","floor":55,"turns":5}],"seed_played":"-7612378145657230165","potions_obtained":[{"floor":5.0,"key":"AttackPotion"},{"floor":16.0,"key":"Ancient Potion"}],"is_trial":false,"path_per_floor":["M","$","?","$","M","R","E","R","T","M","M","R","M","E","R","B",null,"M","?","?","M","$","M","E","?","T","R","E","$","M","M","R","B",null,"M","?","M","M","M","R","E","M","T","R","E","$","?","?","R","B",null,"R","$","E","B"],"character_chosen":"IRONCLAD","items_purchased":["Heavy Blade","Body Slam","Incense Burner","Spot Weakness","Feel No Pain","Paper Frog"],"campfire_rested":5,"item_purchase_floors":[2,4,22,29,29,46],"current_hp_per_floor":[78,78,71,71,77,77,80,80,80,80,80,80,77,68,68,52,73,63,63,63,63,63,44,40,40,40,64,60,60,64,60,85,53,78,84,84,78,57,46,71,40,46,46,46,42,42,42,42,66,8,64,82,82,82,0],"gold":76,"neow_bonus":"THREE_ENEMY_KILL","is_prod":false,"is_daily":false,"chose_seed":false,"campfire_upgraded":4,"win_rate":0,"timestamp":1547704348,"path_taken":["M","$","?","$","M","R","E","R","T","M","M","R","M","E","R","BOSS","M","?","?","M","$","?","E","?","T","R","E","$","M","?","R","BOSS","M","?","?","M","?","R","E","M","T","R","E","$","?","?","R","BOSS","R","$","E","BOSS"],"build_version":"2019-01-10","purchased_purges":0,"victory":false,"max_hp_per_floor":[80,80,80,80,80,80,80,80,80,80,80,80,80,80,80,80,80,80,80,80,80,80,80,80,80,80,80,80,80,83,86,86,86,86,86,86,86,86,86,86,86,86,86,86,86,86,82,82,82,82,82,82,82,82,82],"card_choices":[{"not_picked":["Cleave","Whirlwind"],"picked":"Pommel Strike","floor":1.0},{"not_picked":["Headbutt","Warcry"],"picked":"Uppercut","floor":5.0},{"not_picked":["Wild Strike","Pommel Strike"],"picked":"Sword Boomerang","floor":7.0},{"not_picked":["Uppercut","Clash"],"picked":"Rupture","floor":10.0},{"not_picked":["Berserk","Heavy Blade"],"picked":"Pummel","floor":11.0},{"not_picked":["Heavy Blade","Pommel Strike"],"picked":"Spot Weakness","floor":13.0},{"not_picked":["Warcry","Heavy Blade"],"picked":"Spot Weakness","floor":14.0},{"not_picked":["Brutality","Double Tap"],"picked":"Feed","floor":16.0},{"not_picked":["Sword Boomerang","Warcry"],"picked":"Headbutt","floor":18.0},{"not_picked":["Blood for Blood+1","Anger+1"],"picked":"True Grit","floor":21.0},{"not_picked":["True Grit","Carnage"],"picked":"Clothesline","floor":23.0},{"not_picked":["Havoc","Heavy Blade","Sever Soul"],"picked":"SKIP","floor":24.0},{"not_picked":["Intimidate","Perfected Strike+1"],"picked":"Battle Trance","floor":28.0},{"not_picked":["Clash","Inflame+1"],"picked":"Corruption","floor":30.0},{"not_picked":["Warcry","Searing Blow"],"picked":"Whirlwind+1","floor":31.0},{"not_picked":["Impervious","Fiend Fire"],"picked":"Limit Break","floor":33.0},{"not_picked":["Fire Breathing","Pommel Strike"],"picked":"Body Slam+1","floor":35.0},{"not_picked":["Cleave+1","Clash"],"picked":"Shrug It Off","floor":37.0},{"not_picked":["Body Slam","Searing Blow+1"],"picked":"Juggernaut","floor":38.0},{"not_picked":["Spot Weakness","Feel No Pain"],"picked":"Flex+1","floor":39.0},{"not_picked":["Sever Soul+1","Thunderclap+1"],"picked":"Heavy Blade+1","floor":41.0},{"not_picked":["Corruption+1","Twin Strike"],"picked":"Shrug It Off","floor":42.0},{"not_picked":["Perfected Strike","Wild Strike"],"picked":"Exhume","floor":45.0},{"not_picked":["Purity","Metamorphosis"],"picked":"Magnetism","floor":48.0},{"not_picked":["Shrug It Off+1","Intimidate"],"picked":"Dropkick+1","floor":49.0},{"not_picked":["Wild Strike+1","Entrench"],"picked":"Iron Wave+1","floor":52.0},{"not_picked":["Berserk","Havoc+1"],"picked":"Pommel Strike+1","floor":54.0}],"player_experience":515887,"relics_obtained":[{"floor":7.0,"key":"Bronze Scales"},{"floor":9.0,"key":"Vajra"},{"floor":14.0,"key":"FossilizedHelix"},{"floor":24.0,"key":"Orichalcum"},{"floor":26.0,"key":"Turnip"},{"floor":28.0,"key":"Matryoshka"},{"floor":41.0,"key":"Whetstone"},{"floor":43.0,"key":"Dream Catcher"},{"floor":45.0,"key":"Dodecahedron"},{"floor":54.0,"key":"Bag of Preparation"}],"event_choices":[{"cards_removed":["Strike_R"],"damage_healed":0.0,"max_hp_gain":0.0,"max_hp_loss":0.0,"gold_gain":0.0,"event_name":"Golden Wing","player_choice":"Card Removal","floor":3.0,"gold_loss":0.0,"damage_taken":7.0},{"cards_removed":["Strike_R"],"damage_healed":0.0,"max_hp_gain":0.0,"max_hp_loss":0.0,"gold_gain":0.0,"event_name":"Beggar","player_choice":"Gave Gold","floor":19.0,"gold_loss":75.0,"damage_taken":0.0},{"damage_healed":0.0,"max_hp_gain":0.0,"max_hp_loss":0.0,"gold_gain":100.0,"event_name":"Golden Shrine","player_choice":"Pray","floor":20.0,"gold_loss":0.0,"damage_taken":0.0},{"damage_healed":0.0,"max_hp_gain":0.0,"max_hp_loss":0.0,"gold_gain":0.0,"event_name":"Match and Keep!","player_choice":"1 cards matched","floor":25.0,"gold_loss":0.0,"damage_taken":0.0,"cards_obtained":["PanicButton"]},{"damage_healed":0.0,"max_hp_gain":0.0,"max_hp_loss":0.0,"gold_gain":0.0,"event_name":"Match and Keep!","player_choice":"1 cards matched","floor":36.0,"gold_loss":0.0,"damage_taken":0.0,"cards_obtained":["Fiend Fire"]},{"damage_healed":0.0,"max_hp_gain":0.0,"max_hp_loss":4.0,"gold_gain":0.0,"event_name":"Winding Halls","player_choice":"Max HP","floor":47.0,"gold_loss":0.0,"damage_taken":0.0},{"damage_healed":0.0,"max_hp_gain":0.0,"max_hp_loss":0.0,"gold_gain":0.0,"event_name":"SensoryStone","player_choice":"Memory 1","floor":48.0,"gold_loss":0.0,"damage_taken":0.0}],"is_beta":false,"boss_relics":[{"not_picked":["Empty Cage","Orrery"],"picked":"Sozu"},{"not_picked":["Runic Pyramid","Eternal Feather"],"picked":"Snecko Eye"}],"items_purged_floors":[],"is_endless":false,"potions_floor_spawned":[5,16,18,21,28,31,33,38,41,42,45],"killed_by":"The Heart","ascension_level":11}