{"path_per_floor":["M","?","?","?","M","E","M","M","T","?","R","M","M","$","R","B",null,"M","?","?"],"character_chosen":"IRONCLAD","items_purchased":["Molten Egg 2","Body Slam","True Grit"],"gold_per_floor":[109,109,284,384,399,424,436,451,451,451,451,466,477,96,96,200,200,214,214,139,139],"floor_reached":21,"campfire_rested":1,"playtime":759,"item_purchase_floors":[14,14,14],"current_hp_per_floor":[76,60,60,60,56,17,23,23,23,23,47,50,55,55,55,41,70,28,28,28,0],"items_purged":["Doubt"],"gold":139,"score":267,"play_id":"8f42ba83-1eab-4f7f-82f4-0879536affde","local_time":"20180610230025","is_prod":false,"is_daily":false,"chose_seed":false,"is_ascension_mode":true,"campfire_upgraded":1,"win_rate":0,"timestamp":1528689625,"campfire_choices":[{"floor":11,"key":"REST"},{"data":"True Grit","floor":15,"key":"SMITH"}],"path_taken":["M","?","?","?","M","E","M","M","T","?","R","M","?","$","R","BOSS","M","?","?","M"],"build_version":"2018-06-07v3","seed_source_timestamp":45379188292087,"purchased_purges":1,"victory":false,"master_deck":["Strike_R","Strike_R","Strike_R","Strike_R","Strike_R","Defend_R","Defend_R+1","Defend_R","Defend_R","Bash","Body Slam+1","Body Slam+1","Body Slam","Demon Form","Iron Wave","Disarm","Warcry","Body Slam+1","True Grit+1","Demon Form","Writhe","Doubt","Seeing Red"],"max_hp_per_floor":[80,80,80,80,80,80,80,80,80,80,80,80,80,80,80,80,80,80,80,80,80],"relics":["Burning Blood","Smiling Mask","Centennial Puzzle","Molten Egg 2","Calling Bell","Lantern","Shuriken","Peace Pipe"],"card_choices":[{"not_picked":["Warcry","Burning Pact"],"picked":"Body Slam","floor":0},{"not_picked":["Havoc","Inflame"],"picked":"Body Slam","floor":1},{"not_picked":["Pommel Strike","Bloodletting"],"picked":"Body Slam","floor":5},{"not_picked":["Whirlwind","Uppercut"],"picked":"Demon Form","floor":6},{"not_picked":["Spot Weakness","Shockwave"],"picked":"Iron Wave","floor":7},{"not_picked":["Perfected Strike","Evolve","Flex"],"picked":"SKIP","floor":8},{"not_picked":["Burning Pact","Clash"],"picked":"Disarm","floor":12},{"not_picked":["Flex","Clothesline"],"picked":"Warcry","floor":13},{"not_picked":["Double Tap","Brutality"],"picked":"Demon Form","floor":16},{"not_picked":["Anger+1","Infernal Blade"],"picked":"Seeing Red","floor":18}],"player_experience":266227,"potions_floor_usage":[8,8,16],"damage_taken":[{"damage":2,"enemies":"2 Louse","floor":1,"turns":4},{"damage":10,"enemies":"Jaw Worm","floor":5,"turns":4},{"damage":45,"enemies":"Gremlin Nob","floor":6,"turns":5},{"damage":0,"enemies":"Cultist","floor":7,"turns":3},{"damage":6,"enemies":"Large Slime","floor":8,"turns":7},{"damage":3,"enemies":"3 Louse","floor":12,"turns":4},{"damage":1,"enemies":"Looter","floor":13,"turns":2},{"damage":20,"enemies":"Slime Boss","floor":16,"turns":7},{"damage":48,"enemies":"Chosen","floor":18,"turns":8},{"damage":32,"enemies":"Spheric Guardian","floor":21,"turns":4}],"relics_obtained":[{"floor":6,"key":"Smiling Mask"},{"floor":9,"key":"Centennial Puzzle"},{"floor":17,"key":"Lantern"},{"floor":17,"key":"Shuriken"},{"floor":17,"key":"Peace Pipe"}],"event_choices":[{"event_name":"Shining Light","player_choice":"Entered Light","floor":2,"damage_taken":0},{"event_name":"Liars Game","player_choice":"agreed","floor":3,"damage_taken":0},{"event_name":"Golden Shrine","player_choice":"Pray","floor":4,"damage_taken":0},{"event_name":"Living Wall","player_choice":"Grow","floor":10,"damage_taken":0},{"event_name":"Cursed Tome","player_choice":"Ignored","floor":19,"damage_taken":0},{"event_name":"Beggar","player_choice":"Gave Gold","floor":20,"damage_taken":0}],"boss_relics":[{"not_picked":["Snecko Eye","Orrery"],"picked":"Calling Bell"}],"items_purged_floors":[14],"potions_floor_spawned":[6,7,8,12],"seed_played":"7995999017913933159","killed_by":"Spheric Guardian","ascension_level":7,"potions_obtained":[{"floor":6,"key":"GamblersBrew"},{"floor":7,"key":"Block Potion"},{"floor":8,"key":"Weak Potion"},{"floor":12,"key":"Strength Potion"}],"is_trial":false}