{"gold_per_floor":[117,117,20,33,33,65,65,83,83,8,24,35,87,107,107,206,206,219,119,119,119,132,132,146,146,220,220,240,240,115,126,126,126],"floor_reached":33,"playtime":1531,"items_purged":["Armaments","Shame","Regret"],"score":272,"play_id":"939e4c71-67fd-4669-8423-bc00aafed486","local_time":"20180919085933","is_ascension_mode":false,"campfire_choices":[{"data":"Flex","floor":7,"key":"SMITH"},{"floor":15,"key":"REST"},{"data":"Heavy Blade","floor":23,"key":"SMITH"},{"floor":25,"key":"REST"},{"data":"Inflame","floor":29,"key":"SMITH"},{"floor":32,"key":"REST"}],"neow_cost":"TEN_PERCENT_HP_LOSS","seed_source_timestamp":354514010836810,"circlet_count":0,"master_deck":["Strike_R","Strike_R","Strike_R","Strike_R","Strike_R","Defend_R","Defend_R","Defend_R","Defend_R","Bash","Bludgeon","Flex+1","Heavy Blade+1","Flex+1","Headbutt","Inflame+1","Seeing Red+1","Parasite","Clash","Seeing Red+1","Burning Pact+1","Battle Trance+1","Shrug It Off+1"],"relics":["Burning Blood","Toxic Egg 2","Letter Opener","Potion Belt","Calling Bell","Orichalcum","Gremlin Horn","Mango","MutagenicStrength","Pear"],"potions_floor_usage":[16,16,16,31,33,33,33,33],"damage_taken":[{"damage":1,"enemies":"Jaw Worm","floor":1,"turns":3},{"damage":0,"enemies":"2 Louse","floor":4,"turns":3},{"damage":16,"enemies":"Lagavulin","floor":6,"turns":5},{"damage":0,"enemies":"Small Slimes","floor":8,"turns":2},{"damage":20,"enemies":"Exordium Thugs","floor":11,"turns":3},{"damage":14,"enemies":"Blue Slaver","floor":12,"turns":3},{"damage":0,"enemies":"2 Fungi Beasts","floor":14,"turns":2},{"damage":63,"enemies":"The Guardian","floor":16,"turns":8},{"damage":10,"enemies":"Chosen","floor":18,"turns":4},{"damage":25,"enemies":"3 Byrds","floor":22,"turns":7},{"damage":28,"enemies":"Centurion and Healer","floor":24,"turns":7},{"damage":18,"enemies":"Cultist and Chosen","floor":28,"turns":5},{"damage":12,"enemies":"Chosen and Byrds","floor":31,"turns":4},{"damage":98,"enemies":"Champ","floor":33,"turns":10}],"seed_played":"-3328846976463755364","potions_obtained":[{"floor":8,"key":"Explosive Potion"},{"floor":11,"key":"SkillPotion"},{"floor":12,"key":"Regen Potion"},{"floor":14,"key":"SteroidPotion"},{"floor":16,"key":"Strength Potion"},{"floor":24,"key":"AttackPotion"},{"floor":28,"key":"GamblersBrew"},{"floor":31,"key":"Energy Potion"}],"is_trial":false,"path_per_floor":["M","?","$","M","$","E","R","M","T","$","M","M","T","M","R","B",null,"M","$","?","?","M","R","M","R","T","?","M","R","$","M","R"],"character_chosen":"IRONCLAD","items_purchased":["Flex","Heavy Blade"],"campfire_rested":3,"item_purchase_floors":[3,3],"current_hp_per_floor":[72,72,72,72,72,62,62,68,68,68,54,46,46,52,72,30,86,82,82,82,82,63,63,41,66,76,76,64,64,64,58,86,0],"gold":126,"neow_bonus":"THREE_RARE_CARDS","is_prod":false,"is_daily":false,"chose_seed":false,"campfire_upgraded":3,"win_rate":0.0,"timestamp":1537365573,"path_taken":["M","?","?","M","$","E","R","M","T","$","M","M","?","M","R","BOSS","M","$","?","?","?","R","?","R","T","?","M","R","$","M","R","BOSS"],"build_version":"2018-09-06","purchased_purges":3,"victory":false,"max_hp_per_floor":[72,72,72,72,72,72,72,72,72,72,72,72,72,72,72,72,86,86,86,86,86,86,86,86,86,96,96,96,96,96,96,96,96],"card_choices":[{"not_picked":["Fiend Fire","Brutality"],"picked":"Bludgeon","floor":0},{"not_picked":["Anger","Clothesline"],"picked":"Armaments","floor":1},{"not_picked":["Thunderclap","Warcry","Iron Wave"],"picked":"SKIP","floor":4},{"not_picked":["Heavy Blade","Body Slam"],"picked":"Flex","floor":6},{"not_picked":["Reaper","Disarm+1"],"picked":"Headbutt","floor":8},{"not_picked":["Anger","Havoc+1"],"picked":"Inflame","floor":11},{"not_picked":["Havoc+1","Sword Boomerang"],"picked":"Seeing Red+1","floor":12},{"not_picked":["Reckless Charge","Headbutt","True Grit+1"],"picked":"SKIP","floor":14},{"not_picked":["Thunderclap","Spot Weakness+1"],"picked":"Clash","floor":18},{"not_picked":["Thunderclap","Twin Strike+1"],"picked":"Burning Pact+1","floor":22},{"not_picked":["Iron Wave","Sword Boomerang","Body Slam"],"picked":"SKIP","floor":24},{"not_picked":["Carnage","Perfected Strike"],"picked":"Battle Trance+1","floor":28},{"not_picked":["Twin Strike+1","Iron Wave+1"],"picked":"Shrug It Off+1","floor":31}],"player_experience":48409,"relics_obtained":[{"floor":6,"key":"Toxic Egg 2"},{"floor":9,"key":"Letter Opener"},{"floor":13,"key":"Potion Belt"},{"floor":17,"key":"Orichalcum"},{"floor":17,"key":"Gremlin Horn"},{"floor":17,"key":"Mango"},{"floor":26,"key":"Pear"}],"event_choices":[{"event_name":"The Cleric","player_choice":"Leave","floor":2,"damage_taken":0},{"event_name":"Duplicator","player_choice":"One dupe","floor":20,"damage_taken":0},{"event_name":"Drug Dealer","player_choice":"Inject Mutagens","floor":21,"damage_taken":0},{"event_name":"Ghosts","player_choice":"Ignored","floor":27,"damage_taken":0}],"is_beta":false,"boss_relics":[{"not_picked":["Runic Dome","Philosopher\u0027s Stone"],"picked":"Calling Bell"}],"items_purged_floors":[10,19,30],"is_endless":false,"potions_floor_spawned":[8,11,12,14,16,24,28,31],"killed_by":"Champ","ascension_level":0}