{"gold_per_floor":[114,114,114,27,47,73,73,84,107,138,138,103,103,25,25,103,103,117,117,30,41,55,55,85,85],"floor_reached":25,"playtime":958,"items_purged":[],"score":491,"play_id":"257d589e-0a1e-4c20-badf-2bc0f7c1463b","local_time":"20190122114134","is_ascension_mode":true,"campfire_choices":[{"data":"Noxious Fumes","floor":7,"key":"SMITH"},{"data":"Glass Knife","floor":11,"key":"SMITH"},{"data":"Bouncing Flask","floor":13,"key":"SMITH"},{"data":"Catalyst","floor":15,"key":"SMITH"},{"data":"Footwork","floor":23,"key":"SMITH"}],"neow_cost":"NONE","seed_source_timestamp":501635738991577,"circlet_count":0,"master_deck":["AscendersBane","Defend_G","Defend_G","Defend_G","Defend_G","Defend_G","Strike_G","Strike_G","Strike_G","Strike_G","Strike_G","Survivor","Neutralize","Backstab","Noxious Fumes+1","Bouncing Flask+1","Cloak And Dagger","Glass Knife+1","Catalyst+1","A Thousand Cuts","Leg Sweep","Footwork+1","Crippling Poison","Cloak And Dagger"],"relics":["Ring of the Snake","NeowsBlessing","Omamori","Pear","Strawberry","Letter Opener","Cursed Key","Bottled Flame"],"potions_floor_usage":[],"damage_taken":[{"damage":0,"enemies":"2 Louse","floor":1,"turns":1},{"damage":0,"enemies":"Jaw Worm","floor":5,"turns":1},{"damage":0,"enemies":"3 Sentries","floor":6,"turns":1},{"damage":9,"enemies":"Cultist","floor":8,"turns":4},{"damage":19,"enemies":"Gremlin Nob","floor":10,"turns":4},{"damage":40,"enemies":"Hexaghost","floor":16,"turns":7},{"damage":0,"enemies":"Chosen","floor":18,"turns":4},{"damage":20,"enemies":"3 Byrds","floor":21,"turns":5},{"damage":4,"enemies":"Snecko","floor":22,"turns":3},{"damage":31,"enemies":"Gremlin Leader","floor":24,"turns":6},{"damage":12,"enemies":"3 Cultists","floor":25,"turns":2}],"seed_played":"-3654399496925565497","potions_obtained":[{"floor":5,"key":"AttackPotion"},{"floor":6,"key":"GamblersBrew"},{"floor":8,"key":"Fire Potion"},{"floor":24,"key":"PowerPotion"}],"is_trial":false,"path_per_floor":["M","$","?","$","M","E","R","M","T","E","R","?","R","$","R","B",null,"M","?","$","M","M","R","E","M"],"character_chosen":"THE_SILENT","items_purchased":["Noxious Fumes","Catalyst","Footwork"],"campfire_rested":0,"item_purchase_floors":[4,14,20],"current_hp_per_floor":[59,59,41,41,41,51,51,42,49,30,30,50,50,50,50,10,65,65,65,65,45,41,41,10,0],"gold":85,"neow_bonus":"THREE_ENEMY_KILL","is_prod":false,"is_daily":false,"chose_seed":false,"campfire_upgraded":5,"win_rate":0,"timestamp":1548186094,"path_taken":["M","$","?","$","M","E","R","M","T","E","R","?","R","?","R","BOSS","M","?","$","M","M","R","E","?"],"build_version":"2019-01-17v2","purchased_purges":0,"victory":false,"max_hp_per_floor":[66,66,66,66,66,76,76,76,83,83,83,83,83,83,83,83,83,83,83,83,83,83,83,83,83],"card_choices":[{"not_picked":["PiercingWail","Choke"],"picked":"Backstab","floor":1},{"not_picked":["Bane","Predator"],"picked":"Bouncing Flask","floor":5},{"not_picked":["Storm of Steel","Blade Dance","Prepared"],"picked":"SKIP","floor":6},{"not_picked":["Infinite Blades","Backflip"],"picked":"Cloak And Dagger","floor":8},{"not_picked":["Wraith Form v2","Flying Knee"],"picked":"Glass Knife","floor":10},{"not_picked":["Venomology","Grand Finale"],"picked":"A Thousand Cuts","floor":16},{"not_picked":["Calculated Gamble","Escape Plan"],"picked":"Leg Sweep","floor":18},{"not_picked":["Underhanded Strike","Blade Dance+1","Deflect"],"picked":"SKIP","floor":21},{"not_picked":["Acrobatics","Heel Hook"],"picked":"Crippling Poison","floor":22},{"not_picked":["Outmaneuver+1","Backflip"],"picked":"Cloak And Dagger","floor":24}],"player_experience":1713870,"relics_obtained":[{"floor":6,"key":"Pear"},{"floor":9,"key":"Strawberry"},{"floor":10,"key":"Letter Opener"},{"floor":24,"key":"Bottled Flame"}],"event_choices":[{"damage_healed":0,"gold_gain":0,"player_choice":"Success","damage_taken":18,"relics_obtained":["Omamori"],"max_hp_gain":0,"max_hp_loss":0,"event_name":"Scrap Ooze","floor":3,"gold_loss":0},{"damage_healed":20,"gold_gain":0,"player_choice":"Healed","damage_taken":0,"max_hp_gain":0,"max_hp_loss":0,"event_name":"The Cleric","floor":12,"gold_loss":35},{"damage_healed":0,"gold_gain":0,"player_choice":"Cursed","damage_taken":0,"max_hp_gain":0,"max_hp_loss":0,"event_name":"Wheel of Change","floor":19,"gold_loss":0,"cards_obtained":["Decay"]}],"is_beta":false,"boss_relics":[{"not_picked":["White Beast Statue","Velvet Choker"],"picked":"Cursed Key"}],"items_purged_floors":[],"is_endless":false,"potions_floor_spawned":[5,6,8,16,18,24],"killed_by":"3 Cultists","ascension_level":19}