{"gold_per_floor":[113,113,213,227,68,97,112,123,193,193,203,233,233,251,251,350,350,370,390,409,426,107,107,33,53,125,125],"floor_reached":27,"playtime":1998,"items_purged":["Strike_R"],"score":252,"play_id":"35216d14-f81c-4f7c-abcd-57da17881176","local_time":"20180918125957","is_ascension_mode":false,"campfire_choices":[{"floor":10,"key":"DIG"},{"floor":13,"key":"REST"},{"data":"Armaments","floor":15,"key":"SMITH"},{"floor":23,"key":"REST"}],"neow_cost":"NONE","seed_source_timestamp":326289536542168,"circlet_count":0,"master_deck":["Strike_R","Strike_R","Strike_R","Defend_R","Defend_R","Defend_R","Defend_R","Bash","Infernal Blade","Bloodletting","Rupture","Hemokinesis","Dark Embrace","Armaments+1","Thunderclap","Shockwave","Blood for Blood","Dropkick","Brutality","Thunderclap+1","Ghostly Armor","Intimidate","Clash","Seeing Red","Headbutt+1"],"relics":["Black Blood","NeowsBlessing","Shovel","Mummified Hand","Regal Pillow","Dream Catcher","Pantograph","Dodecahedron"],"potions_floor_usage":[12,14,18,20],"damage_taken":[{"damage":0,"enemies":"Small Slimes","floor":1,"turns":1},{"damage":0,"enemies":"2 Louse","floor":4,"turns":1},{"damage":0,"enemies":"Gremlin Nob","floor":6,"turns":1},{"damage":3,"enemies":"Cultist","floor":7,"turns":3},{"damage":21,"enemies":"3 Louse","floor":8,"turns":5},{"damage":0,"enemies":"2 Fungi Beasts","floor":11,"turns":2},{"damage":28,"enemies":"3 Sentries","floor":12,"turns":5},{"damage":25,"enemies":"Lots of Slimes","floor":14,"turns":6},{"damage":46,"enemies":"Slime Boss","floor":16,"turns":8},{"damage":24,"enemies":"2 Thieves","floor":18,"turns":3},{"damage":32,"enemies":"Shell Parasite","floor":19,"turns":5},{"damage":32,"enemies":"Snecko","floor":20,"turns":6},{"damage":20,"enemies":"3 Cultists","floor":21,"turns":4},{"damage":44,"enemies":"Centurion and Healer","floor":25,"turns":6},{"damage":27,"enemies":"Colosseum Slavers","floor":27,"turns":4}],"seed_played":"-4819280049406334630","potions_obtained":[{"floor":1,"key":"Strength Potion"},{"floor":7,"key":"Fire Potion"},{"floor":14,"key":"Ancient Potion"},{"floor":16,"key":"Explosive Potion"},{"floor":18,"key":"Dexterity Potion"}],"is_trial":false,"path_per_floor":["M","?","?","M","$","E","M","M","T","R","M","E","R","M","R","B",null,"M","M","M","M","$","R","$","M","T"],"character_chosen":"IRONCLAD","items_purchased":["Rupture","Hemokinesis","Pantograph","Seeing Red"],"campfire_rested":2,"item_purchase_floors":[5,5,22,24],"current_hp_per_floor":[80,73,73,79,79,80,80,65,65,65,71,49,80,66,66,26,80,69,47,25,15,15,54,54,20,20,0],"gold":125,"neow_bonus":"THREE_ENEMY_KILL","is_prod":false,"is_daily":false,"chose_seed":false,"campfire_upgraded":1,"win_rate":0.0,"timestamp":1537293597,"path_taken":["M","?","?","M","$","E","M","M","T","R","M","E","R","M","R","BOSS","M","M","M","M","$","R","$","M","T","?"],"build_version":"2018-09-06","purchased_purges":1,"victory":false,"max_hp_per_floor":[80,80,80,80,80,80,80,80,80,80,80,80,80,80,80,80,80,83,83,83,83,83,83,83,83,83,83],"card_choices":[{"not_picked":["Dual Wield","Dropkick"],"picked":"Infernal Blade","floor":1},{"not_picked":["Feel No Pain","Cleave"],"picked":"Bloodletting","floor":4},{"not_picked":["Sword Boomerang","Clash"],"picked":"Dark Embrace","floor":6},{"not_picked":["Twin Strike","Rampage"],"picked":"Armaments","floor":7},{"not_picked":["Armaments","Power Through"],"picked":"Thunderclap","floor":8},{"not_picked":["Flex","Dropkick"],"picked":"Shockwave","floor":11},{"not_picked":["Headbutt","Reckless Charge","True Grit"],"picked":"SKIP","floor":12},{"not_picked":["Shockwave","Hemokinesis"],"picked":"Blood for Blood","floor":13},{"not_picked":["Perfected Strike","Armaments"],"picked":"Dropkick","floor":14},{"not_picked":["Immolate","Barricade"],"picked":"Brutality","floor":16},{"not_picked":["Infernal Blade","Metallicize+1","Wild Strike"],"picked":"SKIP","floor":18},{"not_picked":["Clash","Infernal Blade"],"picked":"Thunderclap+1","floor":19},{"not_picked":["Spot Weakness","Sever Soul"],"picked":"Ghostly Armor","floor":20},{"not_picked":["Bloodletting","Heavy Blade"],"picked":"Intimidate","floor":21},{"not_picked":["Clothesline","Fire Breathing"],"picked":"Clash","floor":23},{"not_picked":["Fire Breathing","Pummel+1"],"picked":"Headbutt+1","floor":25}],"player_experience":39203,"relics_obtained":[{"floor":6,"key":"Shovel"},{"floor":9,"key":"Mummified Hand"},{"floor":10,"key":"Regal Pillow"},{"floor":12,"key":"Dream Catcher"},{"floor":26,"key":"Dodecahedron"}],"event_choices":[{"event_name":"Golden Wing","player_choice":"Card Removal","floor":2,"damage_taken":0},{"event_name":"Golden Shrine","player_choice":"Pray","floor":3,"damage_taken":0},{"event_name":"Colosseum","player_choice":"Fight","floor":27,"damage_taken":0}],"is_beta":false,"boss_relics":[{"not_picked":["Eternal Feather","Runic Pyramid"],"picked":"Black Blood"}],"items_purged_floors":[22],"is_endless":false,"potions_floor_spawned":[1,7,14,16,18],"killed_by":"Colosseum Slavers","ascension_level":0}