{"gold_per_floor":[12,12,23,23,40,40,72,72,99,99,111,111,126,102,102,203,203,203],"floor_reached":18,"playtime":1883,"items_purged":[],"score":160,"play_id":"c6116ce0-1bd5-48f0-9b4c-07d116e65b2c","local_time":"20180917171810","is_ascension_mode":false,"campfire_choices":[{"data":"Rampage","floor":6,"key":"SMITH"},{"floor":10,"key":"REST"},{"data":"Intimidate","floor":15,"key":"SMITH"}],"neow_cost":"NO_GOLD","seed_source_timestamp":293781116742828,"circlet_count":0,"master_deck":["Strike_R","Strike_R","Strike_R","Strike_R","Defend_R","Defend_R","Defend_R","Defend_R","Bash","Rampage+1","Clothesline","Intimidate+1","Whirlwind","Shrug It Off","Juggernaut"],"relics":["Burning Blood","Nunchaku","Bronze Scales","Potion Belt","Runic Pyramid"],"potions_floor_usage":[7,16],"damage_taken":[{"damage":0,"enemies":"2 Louse","floor":1,"turns":4},{"damage":1,"enemies":"Cultist","floor":3,"turns":3},{"damage":1,"enemies":"Jaw Worm","floor":5,"turns":5},{"damage":51,"enemies":"Gremlin Nob","floor":7,"turns":5},{"damage":2,"enemies":"Large Slime","floor":11,"turns":5},{"damage":6,"enemies":"2 Fungi Beasts","floor":13,"turns":3},{"damage":42,"enemies":"Hexaghost","floor":16,"turns":9},{"damage":9,"enemies":"3 Byrds","floor":18,"turns":3}],"seed_played":"7632004215046795620","potions_obtained":[{"floor":3,"key":"Poison Potion"},{"floor":11,"key":"SkillPotion"},{"floor":13,"key":"EssenceOfSteel"}],"is_trial":false,"path_per_floor":["M","$","M","?","M","R","E","?","T","R","M","?","M","$","R","B",null],"character_chosen":"IRONCLAD","items_purchased":["Shrug It Off"],"campfire_rested":1,"item_purchase_floors":[14],"current_hp_per_floor":[80,80,80,80,80,80,35,32,32,56,60,60,60,60,60,24,80,71],"gold":203,"neow_bonus":"ONE_RARE_RELIC","is_prod":false,"is_daily":false,"chose_seed":false,"campfire_upgraded":2,"win_rate":0.0,"timestamp":1537222690,"path_taken":["M","$","M","?","M","R","E","?","T","R","M","?","M","$","R","BOSS","M"],"build_version":"2018-09-06","purchased_purges":0,"victory":false,"max_hp_per_floor":[80,80,80,80,80,80,80,80,80,80,80,80,80,80,80,80,80,80],"card_choices":[{"not_picked":["True Grit","Whirlwind"],"picked":"Rampage","floor":1},{"not_picked":["True Grit","Body Slam","Twin Strike"],"picked":"SKIP","floor":3},{"not_picked":["Heavy Blade","Dual Wield"],"picked":"Thunderclap","floor":5},{"not_picked":["Heavy Blade","Spot Weakness"],"picked":"Clothesline","floor":7},{"not_picked":["Armaments","Demon Form"],"picked":"Intimidate","floor":11},{"not_picked":["Combust","Flex"],"picked":"Whirlwind","floor":13},{"not_picked":["Fiend Fire","Barricade"],"picked":"Juggernaut","floor":16}],"player_experience":18784,"relics_obtained":[{"floor":7,"key":"Bronze Scales"},{"floor":9,"key":"Potion Belt"}],"event_choices":[{"event_name":"Bonfire Elementals","player_choice":"BASIC","floor":4,"damage_taken":0},{"event_name":"Scrap Ooze","player_choice":"unsuccessful","floor":8,"damage_taken":3},{"event_name":"Living Wall","player_choice":"Forget","floor":12,"damage_taken":0}],"is_beta":false,"boss_relics":[{"not_picked":["Fusion Hammer","Lizard Tail"],"picked":"Runic Pyramid"}],"items_purged_floors":[],"is_endless":false,"potions_floor_spawned":[3,11,13],"killed_by":"3 Byrds","ascension_level":0}