{"gold_per_floor":[114,114,133,197,522,522,536,547,547,547],"floor_reached":10,"playtime":223,"items_purged":[],"score":120,"play_id":"d0814da9-c20f-41a5-8565-05eca1325afc","local_time":"20181211163732","is_ascension_mode":true,"campfire_choices":[{"data":"Armaments","floor":6.0,"key":"SMITH"}],"neow_cost":"TEN_PERCENT_HP_LOSS","seed_source_timestamp":75162445888581,"circlet_count":0,"master_deck":["AscendersBane","Strike_R","Strike_R","Strike_R","Strike_R","Strike_R","Defend_R","Defend_R","Defend_R","Defend_R","Bash","Feed","Cleave","Iron Wave","Armaments+1","Regret","Juggernaut"],"special_seed":0,"relics":["Burning Blood","SsserpentHead","Meat on the Bone"],"potions_floor_usage":[],"damage_taken":[{"damage":14.0,"enemies":"2 Louse","floor":1.0,"turns":3.0},{"damage":12.0,"enemies":"Cultist","floor":3.0,"turns":4.0},{"damage":14.0,"enemies":"Jaw Worm","floor":4.0,"turns":4.0},{"damage":24.0,"enemies":"Exordium Wildlife","floor":7.0,"turns":5.0},{"damage":9.0,"enemies":"2 Fungi Beasts","floor":8.0,"turns":3.0},{"damage":36,"enemies":"Lagavulin","floor":10,"turns":6}],"seed_played":"6292058313964630915","potions_obtained":[],"is_trial":false,"path_per_floor":["M","?","M","M","?","R","M","M","T","E"],"character_chosen":"IRONCLAD","items_purchased":[],"campfire_rested":0,"item_purchase_floors":[],"current_hp_per_floor":[63,63,60,55,55,55,40,37,37,1],"gold":547,"neow_bonus":"THREE_RARE_CARDS","is_prod":false,"is_daily":false,"chose_seed":false,"campfire_upgraded":1,"win_rate":0,"timestamp":1544571452,"path_taken":["M","?","M","?","?","R","M","M","T","E"],"build_version":"2018-12-06","purchased_purges":0,"victory":false,"max_hp_per_floor":[71,71,74,77,77,77,80,80,80,80],"card_choices":[{"not_picked":["Bludgeon","Offering"],"picked":"Feed","floor":0.0},{"not_picked":["Thunderclap","Wild Strike"],"picked":"Cleave","floor":1.0},{"not_picked":["Anger","Warcry"],"picked":"Iron Wave","floor":3.0},{"not_picked":["Power Through","Thunderclap"],"picked":"Armaments","floor":4.0},{"not_picked":["Sentinel","Pommel Strike"],"picked":"Juggernaut","floor":7.0},{"not_picked":["Clash","Iron Wave","Bloodletting"],"picked":"SKIP","floor":8.0}],"player_experience":600933,"relics_obtained":[{"floor":9.0,"key":"Meat on the Bone"}],"event_choices":[{"damage_healed":0.0,"max_hp_gain":0.0,"max_hp_loss":0.0,"gold_gain":0.0,"event_name":"FaceTrader","player_choice":"Trade","floor":2.0,"gold_loss":0.0,"damage_taken":0.0,"relics_obtained":["SsserpentHead"]},{"damage_healed":0.0,"max_hp_gain":0.0,"max_hp_loss":0.0,"gold_gain":275.0,"event_name":"Golden Shrine","player_choice":"Desecrate","floor":5.0,"gold_loss":0.0,"damage_taken":0.0,"cards_obtained":["Regret"]}],"is_beta":false,"boss_relics":[],"items_purged_floors":[],"is_endless":false,"potions_floor_spawned":[],"killed_by":"Lagavulin","ascension_level":20}