{"gold_per_floor":[117,77,87,103,120,120,147,147,171,171,184,184,195,72,72,72],"floor_reached":16,"playtime":730,"items_purged":["Strike_B"],"score":148,"play_id":"e6434c13-297d-42dc-af9d-36de5fc2ee9f","local_time":"20190111172156","is_ascension_mode":true,"campfire_choices":[{"data":"Zap","floor":6,"key":"SMITH"},{"data":"Dualcast","floor":10,"key":"SMITH"},{"floor":15,"key":"REST"}],"neow_cost":"NONE","seed_source_timestamp":76445637201430,"circlet_count":0,"master_deck":["Strike_B+1","Strike_B","Defend_B","Defend_B","Defend_B","Defend_B","Zap+1","Dualcast+1","Coolheaded","Melter","Scrape+1","Conserve Battery","Seek","Leap","Coolheaded","Leap"],"relics":["Cracked Core","NeowsBlessing","Whetstone","Art of War","Ancient Tea Set"],"potions_floor_usage":[3,5,7,7,7],"damage_taken":[{"damage":0,"enemies":"Jaw Worm","floor":1,"turns":1},{"damage":0,"enemies":"Cultist","floor":3,"turns":1},{"damage":0,"enemies":"Small Slimes","floor":4,"turns":1},{"damage":20,"enemies":"Exordium Thugs","floor":5,"turns":5},{"damage":25,"enemies":"Lagavulin","floor":7,"turns":6},{"damage":0,"enemies":"Exordium Wildlife","floor":11,"turns":3},{"damage":2,"enemies":"Large Slime","floor":13,"turns":4},{"damage":56,"enemies":"Slime Boss","floor":16,"turns":10}],"seed_played":"-8251556015268495425","potions_obtained":[{"floor":2,"key":"EntropicBrew"},{"floor":2,"key":"PowerPotion"},{"floor":2,"key":"Fruit Juice"},{"floor":3,"key":"Energy Potion"},{"floor":5,"key":"AttackPotion"},{"floor":7,"key":"Energy Potion"}],"is_trial":false,"path_per_floor":["M","?","M","M","M","R","E","?","T","R","M","?","M","$","R","B"],"character_chosen":"DEFECT","items_purchased":["Leap"],"campfire_rested":1,"item_purchase_floors":[14],"current_hp_per_floor":[68,68,73,73,53,53,28,28,28,28,28,28,26,26,50,0],"gold":72,"neow_bonus":"THREE_ENEMY_KILL","is_prod":false,"is_daily":false,"chose_seed":false,"campfire_upgraded":2,"win_rate":0,"timestamp":1547248916,"path_taken":["M","?","?","M","M","R","E","?","T","R","M","?","?","?","R","BOSS"],"build_version":"2019-01-10","purchased_purges":1,"victory":false,"max_hp_per_floor":[75,75,80,80,80,80,80,80,80,80,80,80,80,80,80,80],"card_choices":[{"not_picked":["Heatsinks","Doom and Gloom"],"picked":"Coolheaded","floor":1},{"not_picked":["Consume","Steam"],"picked":"Melter","floor":3},{"not_picked":["Turbo","Compile Driver"],"picked":"Scrape","floor":4},{"not_picked":["Sweeping Beam","Loop"],"picked":"Conserve Battery","floor":5},{"not_picked":["Turbo","Barrage"],"picked":"Seek","floor":7},{"not_picked":["Static Discharge","Coolheaded"],"picked":"Leap","floor":11},{"not_picked":["Skim","Tempest"],"picked":"Coolheaded","floor":13}],"player_experience":434088,"relics_obtained":[{"floor":7,"key":"Whetstone"},{"floor":9,"key":"Ancient Tea Set"}],"event_choices":[{"damage_healed":0,"gold_gain":0,"player_choice":"Bought 3 Potions","damage_taken":0,"max_hp_gain":0,"max_hp_loss":0,"event_name":"The Woman in Blue","floor":2,"gold_loss":0},{"damage_healed":0,"gold_gain":0,"player_choice":"Searched \u00272\u0027 times","damage_taken":0,"relics_obtained":["Art of War"],"max_hp_gain":0,"max_hp_loss":0,"event_name":"Dead Adventurer","floor":8,"gold_loss":0},{"cards_removed":["Strike_B"],"damage_healed":0,"gold_gain":0,"player_choice":"Purged","damage_taken":0,"max_hp_gain":0,"max_hp_loss":0,"event_name":"Purifier","floor":12,"gold_loss":0}],"is_beta":false,"boss_relics":[],"items_purged_floors":[14],"is_endless":false,"potions_floor_spawned":[3,5,7,11],"killed_by":"Slime Boss","ascension_level":9}