{"gold_per_floor":[110,124,135,12,12,12,37,37,63,75,87,110,135,158,170,283,295,319,82,98,118,129,129,142,154,205,205,239,257,270,288,288,385,385,395,395,444,444,461,492,2,13,13,13,23,23,34,11,11,11,11,11,11,40,40],"floor_reached":55,"playtime":3762,"items_purged":["Strike_G","Strike_G","Strike_G"],"score":875,"play_id":"3028014c-4a64-4035-850e-f9d350460f9e","local_time":"20190127204032","is_ascension_mode":true,"campfire_choices":[{"data":"Crippling Poison","floor":6,"key":"SMITH"},{"data":"Poisoned Stab","floor":11,"key":"SMITH"},{"data":"Backflip","floor":15,"key":"SMITH"},{"data":"Flechettes","floor":23,"key":"SMITH"},{"floor":32,"key":"REST"},{"data":"Noxious Fumes","floor":46,"key":"SMITH"},{"floor":49,"key":"RECALL"},{"data":"1","floor":52,"key":"LIFT"}],"neow_cost":"NONE","seed_source_timestamp":39473018424223,"circlet_count":0,"master_deck":["Defend_G","Defend_G+1","Defend_G","Defend_G","Defend_G+1","Strike_G+1","Strike_G","Survivor+1","Neutralize","Flechettes+1","Backflip","Crippling Poison+1","Deadly Poison+1","Poisoned Stab+1","Neutralize","Prepared","Backflip+1","Backstab+1","Adrenaline","Deflect","Deflect","Malaise","Backflip","Noxious Fumes+1","Backflip+1","After Image","Backstab+1","Prepared+1","After Image","Slice+1","Caltrops+1","Concentrate","Leg Sweep+1","Noxious Fumes","Blur+1","After Image","PiercingWail"],"relics":["Velvet Choker","Bag of Marbles","MawBank","Runic Pyramid","Whetstone","War Paint","Orrery","Girya","Omamori","Membership Card","Shuriken","Unceasing Top","Strawberry"],"potions_floor_usage":[7,7,16,25,25,29,33,37,37,41,42,45,55,55],"damage_taken":[{"damage":0,"enemies":"Cultist","floor":1,"turns":5},{"damage":5,"enemies":"Jaw Worm","floor":2,"turns":5},{"damage":0,"enemies":"Small Slimes","floor":3,"turns":4},{"damage":0,"enemies":"Gremlin Nob","floor":7,"turns":4},{"damage":5,"enemies":"Red Slaver","floor":12,"turns":2},{"damage":0,"enemies":"Gremlin Gang","floor":13,"turns":3},{"damage":3,"enemies":"Large Slime","floor":14,"turns":4},{"damage":4,"enemies":"Hexaghost","floor":16,"turns":9},{"damage":0,"enemies":"Chosen","floor":18,"turns":4},{"damage":10,"enemies":"Shell Parasite","floor":20,"turns":4},{"damage":0,"enemies":"3 Cultists","floor":21,"turns":4},{"damage":6,"enemies":"Snake Plant","floor":22,"turns":4},{"damage":9,"enemies":"Shelled Parasite and Fungi","floor":24,"turns":4},{"damage":4,"enemies":"Cultist and Chosen","floor":25,"turns":5},{"damage":0,"enemies":"Book of Stabbing","floor":28,"turns":7},{"damage":8,"enemies":"Snake Plant","floor":29,"turns":4},{"damage":1,"enemies":"Sentry and Sphere","floor":30,"turns":7},{"damage":0,"enemies":"Centurion and Healer","floor":31,"turns":4},{"damage":11,"enemies":"Champ","floor":33,"turns":12},{"damage":5,"enemies":"3 Shapes","floor":35,"turns":3},{"damage":12,"enemies":"2 Orb Walkers","floor":37,"turns":4},{"damage":0,"enemies":"Orb Walker","floor":39,"turns":4},{"damage":0,"enemies":"Giant Head","floor":40,"turns":10},{"damage":0,"enemies":"3 Darklings","floor":42,"turns":5},{"damage":0,"enemies":"4 Shapes","floor":45,"turns":5},{"damage":0,"enemies":"Sphere and 2 Shapes","floor":47,"turns":7},{"damage":16,"enemies":"Awakened One","floor":50,"turns":17},{"damage":47,"enemies":"Shield and Spear","floor":54,"turns":8},{"damage":37,"enemies":"The Heart","floor":55,"turns":12}],"seed_played":"-770283231370458713","potions_obtained":[{"floor":1,"key":"Block Potion"},{"floor":2,"key":"Swift Potion"},{"floor":3,"key":"EssenceOfSteel"},{"floor":14,"key":"FearPotion"},{"floor":20,"key":"Explosive Potion"},{"floor":21,"key":"Poison Potion"},{"floor":28,"key":"EssenceOfSteel"},{"floor":29,"key":"Explosive Potion"},{"floor":33,"key":"SteroidPotion"},{"floor":35,"key":"Weak Potion"},{"floor":40,"key":"AttackPotion"},{"floor":45,"key":"GhostInAJar"},{"floor":54,"key":"Weak Potion"}],"is_trial":false,"path_per_floor":["M","M","M","$","?","R","E","?","T","?","R","M","M","M","R","B",null,"M","$","M","M","M","R","M","M","T","?","E","M","M","M","R","B",null,"M","?","?","?","M","E","$","M","T","?","M","R","M","$","R","B",null,"R","$","E","B"],"character_chosen":"THE_SILENT","items_purchased":["Deadly Poison","Whetstone","Membership Card","Shuriken","Noxious Fumes","Fruit Juice","PiercingWail"],"campfire_rested":1,"item_purchase_floors":[4,19,41,41,41,41,48],"current_hp_per_floor":[70,65,65,65,65,65,65,51,51,51,51,46,46,43,43,39,70,70,70,60,60,54,54,45,41,41,41,41,33,32,32,53,42,70,65,65,53,53,53,53,58,58,58,75,75,75,75,75,75,59,75,75,75,35,0],"gold":40,"neow_bonus":"BOSS_RELIC","is_prod":false,"is_daily":false,"chose_seed":false,"campfire_upgraded":5,"win_rate":0,"timestamp":1548618032,"path_taken":["M","M","?","$","?","R","E","?","T","?","R","M","?","M","R","BOSS","M","$","M","M","M","R","M","?","T","?","E","M","M","M","R","BOSS","M","?","?","?","M","E","$","M","T","?","M","R","M","$","R","BOSS","R","$","E","BOSS"],"build_version":"2019-01-23","purchased_purges":3,"victory":false,"max_hp_per_floor":[70,70,70,70,70,70,70,70,70,70,70,70,70,70,70,70,70,70,70,70,70,70,70,70,70,70,70,70,70,70,70,70,70,70,70,70,70,70,70,70,75,75,75,75,75,75,75,75,75,75,75,75,75,82,82],"card_choices":[{"not_picked":["Quick Slash","Eviscerate"],"picked":"Flechettes","floor":1},{"not_picked":["Bouncing Flask","Bane"],"picked":"Backflip","floor":2},{"not_picked":["Endless Agony","Sucker Punch"],"picked":"Crippling Poison","floor":3},{"not_picked":["Night Terror","Glass Knife","Dagger Throw"],"picked":"SKIP","floor":7},{"not_picked":["Sucker Punch","Quick Slash"],"picked":"Prepared","floor":12},{"not_picked":["Flying Knee","Riddle With Holes"],"picked":"Backflip","floor":13},{"not_picked":["Flechettes","Masterful Stab"],"picked":"Backstab","floor":14},{"not_picked":["Die Die Die","Doppelganger"],"picked":"Adrenaline","floor":16},{"not_picked":["Distraction","Deflect","Dash"],"picked":"SKIP","floor":18},{"not_picked":["Terror","Backflip"],"picked":"Deflect","floor":20},{"not_picked":["Poisoned Stab","Quick Slash+1","Tactician"],"picked":"SKIP","floor":21},{"not_picked":["Dash","All Out Attack"],"picked":"Deflect","floor":22},{"not_picked":["Predator","Distraction","Dagger Spray"],"picked":"SKIP","floor":24},{"not_picked":["Cloak And Dagger","Dodge and Roll","Deflect"],"picked":"SKIP","floor":25},{"not_picked":["Reflex","Dagger Throw"],"picked":"Malaise","floor":28},{"not_picked":["Flying Knee","Deflect"],"picked":"Backflip","floor":29},{"not_picked":["Acrobatics","Setup"],"picked":"Noxious Fumes","floor":30},{"not_picked":["Quick Slash","Bane"],"picked":"Backflip+1","floor":31},{"not_picked":["Doppelganger","Tools of the Trade"],"picked":"After Image","floor":33},{"not_picked":["Sucker Punch+1","Dagger Spray+1"],"picked":"Backstab","floor":34},{"not_picked":["Prepared","Deadly Poison+1"],"picked":"Backstab+1","floor":34},{"not_picked":["Dagger Throw","Masterful Stab"],"picked":"Prepared+1","floor":34},{"not_picked":["Finisher","Dagger Spray"],"picked":"After Image","floor":34},{"not_picked":["Dagger Throw","Bane+1"],"picked":"Slice+1","floor":34},{"not_picked":["Bane","Cloak And Dagger+1","Underhanded Strike"],"picked":"SKIP","floor":35},{"not_picked":["Skewer","Flechettes"],"picked":"Caltrops+1","floor":37},{"not_picked":["Blade Dance+1","Heel Hook+1"],"picked":"Concentrate","floor":39},{"not_picked":["Riddle With Holes+1","Sucker Punch+1"],"picked":"Leg Sweep+1","floor":40},{"not_picked":["Poisoned Stab+1","Bane+1"],"picked":"Blur+1","floor":42},{"not_picked":["Slice","Dagger Spray"],"picked":"After Image","floor":45},{"not_picked":["Concentrate","Prepared","Dodge and Roll+1"],"picked":"SKIP","floor":47},{"not_picked":["Infinite Blades+1","Dodge and Roll","Masterful Stab"],"picked":"SKIP","floor":54}],"player_experience":200873,"relics_obtained":[{"floor":7,"key":"Bag of Marbles"},{"floor":9,"key":"MawBank"},{"floor":28,"key":"War Paint"},{"floor":37,"key":"Girya"},{"floor":40,"key":"Omamori"},{"floor":43,"key":"Unceasing Top"},{"floor":54,"key":"Strawberry"}],"event_choices":[{"damage_healed":0,"gold_gain":0,"player_choice":"Leave","damage_taken":0,"max_hp_gain":0,"max_hp_loss":0,"event_name":"The Cleric","floor":5,"gold_loss":0},{"damage_healed":0,"gold_gain":0,"player_choice":"Entered Light","damage_taken":14,"max_hp_gain":0,"max_hp_loss":0,"event_name":"Shining Light","floor":8,"gold_loss":0,"cards_upgraded":["Defend_G","Deadly Poison"]},{"damage_healed":0,"gold_gain":0,"player_choice":"2 cards matched","damage_taken":0,"max_hp_gain":0,"max_hp_loss":0,"event_name":"Match and Keep!","floor":10,"gold_loss":0,"cards_obtained":["Poisoned Stab","Neutralize"]},{"damage_healed":0,"gold_gain":0,"player_choice":"Ignored","damage_taken":0,"max_hp_gain":0,"max_hp_loss":0,"event_name":"Ghosts","floor":27,"gold_loss":0},{"damage_healed":0,"gold_gain":0,"player_choice":"Ignored","damage_taken":0,"max_hp_gain":0,"max_hp_loss":0,"event_name":"Tomb of Lord Red Mask","floor":36,"gold_loss":0},{"damage_healed":0,"gold_gain":0,"player_choice":"Fight","damage_taken":0,"max_hp_gain":0,"max_hp_loss":0,"event_name":"Mysterious Sphere","floor":37,"gold_loss":0},{"cards_removed":["Backstab"],"damage_healed":0,"gold_gain":0,"player_choice":"Removed Attack","damage_taken":0,"max_hp_gain":0,"max_hp_loss":0,"event_name":"Falling","floor":38,"gold_loss":0},{"damage_healed":19,"gold_gain":0,"player_choice":"Writhe","damage_taken":0,"max_hp_gain":0,"max_hp_loss":0,"event_name":"Winding Halls","floor":44,"gold_loss":0,"cards_obtained":["Writhe"]}],"is_beta":true,"boss_relics":[{"not_picked":["Coffee Dripper","Lizard Tail"],"picked":"Runic Pyramid"},{"not_picked":["Fusion Hammer","Astrolabe"],"picked":"Orrery"}],"items_purged_floors":[4,19,41],"is_endless":false,"potions_floor_spawned":[1,2,3,14,20,21,28,29,33,35,40,45,54],"killed_by":"The Heart","ascension_level":2}