{"gold_per_floor":[111,43,43,43,63,95,95,126,152,152,178,198,198,198,198,296,296,306,316,231,231,27,54,54,70,70,81,81,81,111,111,111,111],"floor_reached":33,"playtime":1201,"items_purged":[],"score":511,"play_id":"46bfc4fd-9024-47aa-8432-e2d714b7fea5","local_time":"20190112003748","is_ascension_mode":true,"campfire_choices":[{"data":"Poisoned Stab","floor":7,"key":"SMITH"},{"data":"Neutralize","floor":10,"key":"SMITH"},{"data":"Catalyst","floor":15,"key":"SMITH"},{"floor":24,"key":"REST"},{"floor":28,"key":"REST"},{"floor":32,"key":"REST"}],"neow_cost":"NONE","seed_source_timestamp":102126040378769,"circlet_count":0,"master_deck":["AscendersBane","Defend_G+1","Defend_G","Defend_G+1","Defend_G","Defend_G","Survivor","Neutralize+1","Cloak And Dagger","Noxious Fumes+1","Poisoned Stab+1","Dash","Backflip","Deadly Poison","Catalyst+1","A Thousand Cuts","Cloak And Dagger+1","Noxious Fumes","Bane+1","Flying Knee+1","Infinite Blades","Bite","Bite","Bite","Bite","Bite","PiercingWail+1"],"relics":["Ring of the Snake","NeowsBlessing","Juzu Bracelet","War Paint","Potion Belt","Shuriken","WristBlade","Thread and Needle","PreservedInsect","Regal Pillow","The Specimen","Boot"],"potions_floor_usage":[11,16,19,23,30,30],"damage_taken":[{"damage":0,"enemies":"Cultist","floor":1,"turns":1},{"damage":0,"enemies":"Jaw Worm","floor":5,"turns":1},{"damage":0,"enemies":"Gremlin Nob","floor":6,"turns":1},{"damage":9,"enemies":"3 Sentries","floor":8,"turns":8},{"damage":2,"enemies":"Gremlin Nob","floor":11,"turns":4},{"damage":1,"enemies":"2 Louse","floor":12,"turns":3},{"damage":39,"enemies":"Slime Boss","floor":16,"turns":11},{"damage":19,"enemies":"Shell Parasite","floor":18,"turns":5},{"damage":4,"enemies":"3 Byrds","floor":19,"turns":3},{"damage":29,"enemies":"Gremlin Leader","floor":23,"turns":6},{"damage":35,"enemies":"Snake Plant","floor":25,"turns":5},{"damage":4,"enemies":"Snecko","floor":27,"turns":5},{"damage":25,"enemies":"Book of Stabbing","floor":30,"turns":4},{"damage":64,"enemies":"Collector","floor":33,"turns":6}],"seed_played":"-8704212525754269776","potions_obtained":[{"floor":5,"key":"AttackPotion"},{"floor":11,"key":"Explosive Potion"},{"floor":16,"key":"LiquidBronze"},{"floor":19,"key":"Explosive Potion"},{"floor":27,"key":"Fire Potion"}],"is_trial":false,"path_per_floor":["M","$","$","?","M","E","R","E","T","R","E","M","?","?","R","B",null,"M","M","?","?","$","E","R","M","T","M","R","?","E","?","R","B"],"character_chosen":"THE_SILENT","items_purchased":["Noxious Fumes","PreservedInsect","Poison Potion"],"campfire_rested":3,"item_purchase_floors":[2,22,22],"current_hp_per_floor":[63,63,63,63,63,63,63,54,54,54,52,51,51,51,51,12,56,37,33,33,33,33,4,40,5,5,1,37,37,12,28,49,0],"gold":111,"neow_bonus":"THREE_ENEMY_KILL","is_prod":false,"is_daily":false,"chose_seed":false,"campfire_upgraded":3,"win_rate":0,"timestamp":1547275068,"path_taken":["M","?","$","?","M","E","R","E","T","R","E","M","?","?","R","BOSS","M","M","?","?","$","E","R","M","T","M","R","?","E","?","R","BOSS"],"build_version":"2019-01-10","purchased_purges":0,"victory":false,"max_hp_per_floor":[70,70,70,70,70,70,70,70,70,70,70,70,70,70,70,70,70,70,70,70,70,70,70,70,70,70,70,70,49,49,49,49,49],"card_choices":[{"not_picked":["Prepared","Footwork"],"picked":"Cloak And Dagger","floor":1},{"not_picked":["Distraction","Poisoned Stab","Dagger Throw"],"picked":"SKIP","floor":5},{"not_picked":["Distraction","Dagger Throw"],"picked":"Poisoned Stab","floor":5},{"not_picked":["Slice","Underhanded Strike"],"picked":"Dash","floor":6},{"not_picked":["Setup","Die Die Die"],"picked":"Backflip","floor":8},{"not_picked":["Acrobatics","Blade Dance"],"picked":"Deadly Poison","floor":11},{"not_picked":["Backflip","Deadly Poison"],"picked":"Catalyst","floor":12},{"not_picked":["Die Die Die","Storm of Steel"],"picked":"A Thousand Cuts","floor":16},{"not_picked":["Leg Sweep+1","Dash"],"picked":"Cloak And Dagger+1","floor":18},{"not_picked":["Escape Plan","PiercingWail+1"],"picked":"Noxious Fumes","floor":19},{"not_picked":["Leg Sweep+1","Sucker Punch"],"picked":"Bane+1","floor":23},{"not_picked":["Blade Dance","Doppelganger"],"picked":"Flying Knee+1","floor":25},{"not_picked":["Skewer","Backflip"],"picked":"Infinite Blades","floor":27},{"not_picked":["Heel Hook","Eviscerate"],"picked":"PiercingWail+1","floor":30}],"player_experience":441720,"relics_obtained":[{"floor":6,"key":"Juzu Bracelet"},{"floor":8,"key":"War Paint"},{"floor":9,"key":"Potion Belt"},{"floor":11,"key":"Shuriken"},{"floor":23,"key":"Regal Pillow"},{"floor":26,"key":"The Specimen"},{"floor":30,"key":"Boot"}],"event_choices":[{"damage_healed":0,"gold_gain":0,"player_choice":"Forge","damage_taken":0,"max_hp_gain":0,"max_hp_loss":0,"event_name":"Accursed Blacksmith","floor":4,"gold_loss":0,"cards_upgraded":["Noxious Fumes"]},{"cards_removed":["Strike_G"],"damage_healed":0,"gold_gain":0,"player_choice":"Purged","damage_taken":0,"max_hp_gain":0,"max_hp_loss":0,"event_name":"Purifier","floor":13,"gold_loss":0},{"damage_healed":0,"gold_gain":0,"player_choice":"0 cards matched","damage_taken":0,"max_hp_gain":0,"max_hp_loss":0,"event_name":"Match and Keep!","floor":14,"gold_loss":0,"cards_obtained":[]},{"damage_healed":0,"gold_gain":0,"player_choice":"Obtained Relic","damage_taken":0,"relics_obtained":["Thread and Needle"],"max_hp_gain":0,"max_hp_loss":0,"event_name":"Addict","floor":20,"gold_loss":85},{"damage_healed":0,"gold_gain":0,"player_choice":"Ignored","damage_taken":0,"max_hp_gain":0,"max_hp_loss":0,"event_name":"Ghosts","floor":21,"gold_loss":0},{"damage_healed":0,"gold_gain":0,"player_choice":"Became a vampire","damage_taken":0,"max_hp_gain":0,"max_hp_loss":21,"event_name":"Vampires","floor":29,"gold_loss":0,"cards_obtained":["Bite","Bite","Bite","Bite","Bite"]},{"damage_healed":16,"gold_gain":0,"player_choice":"Heal","damage_taken":0,"max_hp_gain":0,"max_hp_loss":0,"event_name":"The Library","floor":31,"gold_loss":0}],"is_beta":false,"boss_relics":[{"not_picked":["Runic Dome","Orrery"],"picked":"WristBlade"}],"items_purged_floors":[],"is_endless":false,"potions_floor_spawned":[5,11,16,19,27],"killed_by":"Collector","ascension_level":10}