{"gold_per_floor":[113,67,87,100,50,50,77,77,77,109,122,142,161,187,187,283,283,298,317,334,334,350,350,350,225,249,249,150,165,80,97,97,193,193,205,223,223,30,40,40,59,59,111,144,144,159,59,0,0,0],"floor_reached":51,"playtime":4044,"items_purged":["Defend_B","Defend_B"],"score":1223,"play_id":"91b9ef4b-4616-4fc8-ae06-00fc27abf45d","local_time":"20181026075028","is_ascension_mode":true,"campfire_choices":[{"data":"Buffer","floor":6.0,"key":"SMITH"},{"data":"Streamline","floor":8.0,"key":"SMITH"},{"data":"Defragment","floor":15.0,"key":"SMITH"},{"data":"Zap","floor":23,"key":"SMITH"},{"data":"Defragment","floor":27,"key":"SMITH"},{"floor":32,"key":"REST"},{"data":"Biased Cognition","floor":40,"key":"SMITH"},{"data":"Stack","floor":42,"key":"SMITH"},{"data":"Chill","floor":45,"key":"SMITH"},{"data":"Stack","floor":49,"key":"SMITH"}],"neow_cost":"NONE","seed_source_timestamp":0,"circlet_count":0,"master_deck":["Defend_B","Defend_B","Zap+1","Dualcast","AscendersBane","Buffer+1","Defragment+1","Streamline+1","FTL","Go for the Eyes","Chill+1","Conserve Battery","Compile Driver","Compile Driver","Electrodynamics","Ball Lightning+1","Leap+1","Chaos+1","Stack+1","Biased Cognition+1","Conserve Battery","Defragment+1","Cold Snap","Stack+1","Core Surge","Beam Cell","Cold Snap+1"],"special_seed":0,"relics":["Cracked Core","Symbiotic Virus","Gremlin Horn","Singing Bowl","Blue Candle","Astrolabe","Anchor","Ancient Tea Set","Busted Crown","Runic Capacitor","Boot","Pear","Red Mask"],"potions_floor_usage":[39,50,50],"damage_taken":[{"damage":1.0,"enemies":"Cultist","floor":1.0,"turns":3.0},{"damage":0.0,"enemies":"Jaw Worm","floor":3.0,"turns":3.0},{"damage":0.0,"enemies":"Small Slimes","floor":4.0,"turns":3.0},{"damage":0.0,"enemies":"Gremlin Nob","floor":7.0,"turns":4.0},{"damage":1.0,"enemies":"3 Sentries","floor":10.0,"turns":6.0},{"damage":7.0,"enemies":"Exordium Wildlife","floor":11.0,"turns":5.0},{"damage":4.0,"enemies":"Red Slaver","floor":12.0,"turns":4.0},{"damage":5.0,"enemies":"3 Louse","floor":13.0,"turns":2.0},{"damage":0.0,"enemies":"Gremlin Nob","floor":14.0,"turns":5.0},{"damage":3.0,"enemies":"The Guardian","floor":16.0,"turns":8.0},{"damage":20.0,"enemies":"Spheric Guardian","floor":18.0,"turns":6.0},{"damage":0.0,"enemies":"Chosen","floor":19.0,"turns":5.0},{"damage":26.0,"enemies":"Snake Plant","floor":20.0,"turns":5.0},{"damage":0,"enemies":"Cultist and Chosen","floor":22,"turns":5},{"damage":0,"enemies":"Shelled Parasite and Fungi","floor":29,"turns":5},{"damage":0,"enemies":"Centurion and Healer","floor":31,"turns":4},{"damage":2,"enemies":"Collector","floor":33,"turns":11},{"damage":11,"enemies":"Orb Walker","floor":35,"turns":3},{"damage":0,"enemies":"3 Shapes","floor":36,"turns":3},{"damage":12,"enemies":"Sphere and 2 Shapes","floor":39,"turns":4},{"damage":0,"enemies":"Spire Growth","floor":41,"turns":5},{"damage":3,"enemies":"Nemesis","floor":44,"turns":5},{"damage":0,"enemies":"4 Shapes","floor":46,"turns":6},{"damage":0,"enemies":"Awakened One","floor":50,"turns":18}],"seed_played":"-9184172443266973374","potions_obtained":[{"floor":1.0,"key":"Poison Potion"},{"floor":3.0,"key":"Regen Potion"},{"floor":11.0,"key":"Regen Potion"},{"floor":14.0,"key":"AttackPotion"},{"floor":16.0,"key":"Regen Potion"},{"floor":22,"key":"AttackPotion"},{"floor":29,"key":"LiquidBronze"},{"floor":33,"key":"Dexterity Potion"},{"floor":41,"key":"LiquidBronze"}],"is_trial":false,"path_per_floor":["M","$","M","M","?","R","E","R","T","E","M","M","M","E","R","B",null,"M","M","M","?","M","R","?","$","T","R","$","M","?","M","R","B",null,"M","M","?","$","M","R","M","R","T","E","R","M","$","?","R","B"],"character_chosen":"DEFECT","items_purchased":["Streamline","Defragment","Cold Snap","Stack","Runic Capacitor"],"campfire_rested":1,"item_purchase_floors":[2,25,25,28,38],"current_hp_per_floor":[67,67,67,67,67,67,67,67,67,66,61,69,66,66,66,63,75,55,66,54,54,56,56,56,56,56,56,56,58,58,60,86,84,86,77,77,77,77,67,67,67,67,67,76,76,78,78,78,78,78],"gold":0,"neow_bonus":"ONE_RANDOM_RARE_CARD","is_prod":false,"is_daily":false,"chose_seed":false,"campfire_upgraded":9,"win_rate":0,"timestamp":1540565428,"path_taken":["M","?","?","M","?","R","E","R","T","E","M","M","M","E","R","BOSS","M","M","M","?","M","R","?","$","T","R","$","M","?","M","R","BOSS","M","M","?","?","?","R","M","R","T","E","R","M","$","?","R","BOSS"],"build_version":"2018-10-25v2","purchased_purges":2,"victory":true,"max_hp_per_floor":[75,75,75,75,75,75,75,75,75,75,77,77,79,79,79,79,79,79,81,81,81,83,83,83,83,83,83,83,85,85,87,87,87,87,89,89,85,85,87,87,87,87,87,99,99,101,101,101,101,101],"card_choices":[{"not_picked":["Conserve Battery","Go for the Eyes"],"picked":"Defragment","floor":1.0},{"not_picked":["Streamline","Conserve Battery"],"picked":"FTL","floor":3.0},{"not_picked":["Ball Lightning","Melter"],"picked":"Go for the Eyes","floor":4.0},{"not_picked":["Multi-Cast","Melter"],"picked":"Chill","floor":7.0},{"not_picked":["Go for the Eyes","Rebound"],"picked":"Conserve Battery","floor":10.0},{"not_picked":["Storm","Rebound","Sweeping Beam"],"picked":"Singing Bowl","floor":11.0},{"not_picked":["Streamline","Ball Lightning"],"picked":"Compile Driver","floor":12.0},{"not_picked":["Self Repair","Machine Learning","Double Energy"],"picked":"Singing Bowl","floor":13.0},{"not_picked":["Ball Lightning","Stack"],"picked":"Compile Driver","floor":14.0},{"not_picked":["All For One","Echo Form"],"picked":"Electrodynamics","floor":16.0},{"not_picked":["Compile Driver","Redo"],"picked":"Stack","floor":18.0},{"not_picked":["Go for the Eyes","Beam Cell","Recycle"],"picked":"Singing Bowl","floor":19.0},{"not_picked":["Compile Driver","Turbo"],"picked":"Biased Cognition","floor":20.0},{"not_picked":["Go for the Eyes","Steam","Beam Cell"],"picked":"Singing Bowl","floor":22},{"not_picked":["Barrage","Gash","Skim"],"picked":"Singing Bowl","floor":29},{"not_picked":["Loop","Redo","Barrage"],"picked":"Singing Bowl","floor":31},{"not_picked":["Electrodynamics","Fission"],"picked":"Core Surge","floor":33},{"not_picked":["Cold Snap"],"picked":"Singing Bowl","floor":35},{"not_picked":[],"picked":"Beam Cell","floor":36},{"not_picked":["Stack"],"picked":"Singing Bowl","floor":39},{"not_picked":[],"picked":"Cold Snap+1","floor":41},{"not_picked":["Steam"],"picked":"Singing Bowl","floor":44},{"not_picked":["Recycle"],"picked":"Singing Bowl","floor":46}],"player_experience":1207702,"relics_obtained":[{"floor":7.0,"key":"Symbiotic Virus"},{"floor":9.0,"key":"Gremlin Horn"},{"floor":10.0,"key":"Singing Bowl"},{"floor":14.0,"key":"Blue Candle"},{"floor":26,"key":"Anchor"},{"floor":43,"key":"Boot"},{"floor":44,"key":"Pear"}],"event_choices":[{"cards_removed":["Strike_B"],"damage_healed":0.0,"max_hp_gain":0.0,"max_hp_loss":0.0,"gold_gain":0.0,"event_name":"The Cleric","player_choice":"Card Removal","floor":5.0,"gold_loss":50.0,"damage_taken":0.0},{"damage_healed":0.0,"max_hp_gain":0.0,"max_hp_loss":0.0,"gold_gain":0.0,"event_name":"The Library","player_choice":"Read","floor":21.0,"gold_loss":0.0,"damage_taken":0.0,"cards_obtained":["Conserve Battery"]},{"damage_healed":0,"gold_gain":0,"player_choice":"0 cards matched","damage_taken":0,"max_hp_gain":0,"max_hp_loss":0,"event_name":"Match and Keep!","floor":24,"gold_loss":0,"cards_obtained":[]},{"damage_healed":0,"gold_gain":0,"player_choice":"Obtained Relic","damage_taken":0,"relics_obtained":["Ancient Tea Set"],"max_hp_gain":0,"max_hp_loss":0,"event_name":"Addict","floor":30,"gold_loss":85},{"damage_healed":0,"gold_gain":0,"player_choice":"Max HP","damage_taken":0,"max_hp_gain":0,"max_hp_loss":4,"event_name":"Winding Halls","floor":37,"gold_loss":0},{"damage_healed":0,"gold_gain":0,"player_choice":"Paid","damage_taken":0,"relics_obtained":["Red Mask"],"max_hp_gain":0,"max_hp_loss":0,"event_name":"Tomb of Lord Red Mask","floor":48,"gold_loss":59}],"is_beta":false,"boss_relics":[{"not_picked":["Fusion Hammer","Orrery"],"picked":"Astrolabe"},{"not_picked":["Inserter","Coffee Dripper"],"picked":"Busted Crown"}],"items_purged_floors":[28,47],"is_endless":false,"potions_floor_spawned":[1,3,11,14,16,22,29,33,36,41],"ascension_level":12}