{"gold_per_floor":[110,125,125,125,138,138,164,179,225,225],"floor_reached":10,"playtime":440,"items_purged":[],"score":136,"play_id":"4e4fd372-2e6b-4c48-aad6-9a93480b3aad","local_time":"20190206153147","is_ascension_mode":true,"campfire_choices":[{"data":"True Grit","floor":6,"key":"SMITH"}],"neow_cost":"NONE","seed_source_timestamp":596403006316000,"circlet_count":0,"master_deck":["AscendersBane","Strike_R","Strike_R","Strike_R","Strike_R","Strike_R","Defend_R","Defend_R","Defend_R","Defend_R","Bash","Cleave","True Grit+1","Feel No Pain","Corruption","Offering"],"relics":["Burning Blood","Bottled Tornado","Dream Catcher"],"potions_floor_usage":[7],"damage_taken":[{"damage":9,"enemies":"Jaw Worm","floor":1,"turns":5},{"damage":2,"enemies":"2 Louse","floor":2,"turns":4},{"damage":1,"enemies":"Cultist","floor":5,"turns":3},{"damage":52,"enemies":"Gremlin Nob","floor":7,"turns":5},{"damage":19,"enemies":"Lots of Slimes","floor":8,"turns":6},{"damage":23,"enemies":"Red Slaver","floor":10,"turns":4}],"seed_played":"-4097735527836828993","potions_obtained":[{"floor":5,"key":"Poison Potion"},{"floor":7,"key":"FearPotion"}],"is_trial":false,"path_per_floor":["M","M","$","?","M","R","E","M","T","M"],"character_chosen":"IRONCLAD","items_purchased":[],"campfire_rested":0,"item_purchase_floors":[],"current_hp_per_floor":[72,76,76,76,81,81,35,22,22,0],"gold":225,"neow_bonus":"TEN_PERCENT_HP_BONUS","is_prod":false,"is_daily":false,"chose_seed":false,"campfire_upgraded":1,"win_rate":0,"timestamp":1549495907,"path_taken":["M","M","$","?","M","R","E","M","T","M"],"build_version":"2019-01-23","purchased_purges":0,"victory":false,"max_hp_per_floor":[82,82,82,82,82,82,82,82,82,82],"card_choices":[{"not_picked":["Armaments","Body Slam"],"picked":"Cleave","floor":1},{"not_picked":["Body Slam","Infernal Blade"],"picked":"True Grit","floor":2},{"not_picked":["Combust","Hemokinesis"],"picked":"Feel No Pain","floor":5},{"not_picked":["Rupture","Sever Soul"],"picked":"Corruption","floor":7},{"not_picked":["Armaments","Flex"],"picked":"Offering","floor":8}],"player_experience":1832214,"relics_obtained":[{"floor":7,"key":"Bottled Tornado"},{"floor":9,"key":"Dream Catcher"}],"event_choices":[{"damage_healed":0,"gold_gain":0,"player_choice":"Ignored","damage_taken":0,"max_hp_gain":0,"max_hp_loss":0,"event_name":"Golden Wing","floor":4,"gold_loss":0}],"is_beta":false,"boss_relics":[],"items_purged_floors":[],"is_endless":false,"potions_floor_spawned":[5,7],"killed_by":"Red Slaver","ascension_level":20}