{"gold_per_floor":[110,110,185,197,31,31,65,65,65,85,105,135,135,160,160,256,256,274,290,290,15,26,26,37,37,37,37,37,53,113,26,26,129,129,147,161,208,208,6,6,31,31,331,342,355,78,93,93,93,93,93,93,20,52,52],"floor_reached":55,"playtime":3036,"items_purged":["Normality"],"score":973,"play_id":"6a9bd800-1d8f-4902-b9fe-b3a7c6ebdef7","local_time":"20181222200742","is_ascension_mode":true,"campfire_choices":[{"floor":6.0,"key":"RECALL"},{"data":"Metallicize","floor":8.0,"key":"SMITH"},{"floor":15.0,"key":"REST"},{"floor":23.0,"key":"REST"},{"floor":25.0,"key":"REST"},{"data":"Armaments","floor":28.0,"key":"SMITH"},{"floor":32.0,"key":"REST"},{"floor":40.0,"key":"REST"},{"floor":42.0,"key":"REST"},{"floor":49.0,"key":"DIG"},{"floor":52.0,"key":"REST"}],"neow_cost":"NONE","seed_source_timestamp":343674948440818,"circlet_count":0,"master_deck":["Strike_R","Defend_R","Defend_R","Defend_R","Defend_R","Bash","Cleave","Pommel Strike","Discovery","Metallicize+1","Armaments+1","Thunderclap+1","Flex+1","Seeing Red+1","Rage+1","Immolate+1","Brutality+1","Sentinel+1","Blood for Blood+1","Clothesline+1","Fire Breathing+1","Necronomicurse","Immolate+1","Immolate+1","Cleave+1","Pommel Strike+1","Burning Pact+1","Good Instincts+1","Bludgeon+1","Doubt","Clumsy","True Grit+1","Ghostly Armor+1","Shockwave+1","Double Tap+1","Burning Pact+1","Shrug It Off+1"],"special_seed":0,"relics":["Burning Blood","NeowsBlessing","Blue Candle","Molten Egg 2","Toxic Egg 2","Bag of Marbles","Ancient Tea Set","Mercury Hourglass","Astrolabe","Necronomicon","DollysMirror","Tiny Chest","Calling Bell","Potion Belt","Gremlin Horn","Shovel","Unceasing Top","Pen Nib","Singing Bowl","Old Coin","HandDrill","Shuriken","Red Skull"],"potions_floor_usage":[55],"damage_taken":[{"damage":0.0,"enemies":"Cultist","floor":1.0,"turns":1.0},{"damage":0.0,"enemies":"2 Louse","floor":4.0,"turns":1.0},{"damage":0.0,"enemies":"Lagavulin","floor":7.0,"turns":1.0},{"damage":10.0,"enemies":"Small Slimes","floor":10.0,"turns":3.0},{"damage":9.0,"enemies":"Exordium Wildlife","floor":11.0,"turns":5.0},{"damage":20.0,"enemies":"3 Sentries","floor":12.0,"turns":3.0},{"damage":19.0,"enemies":"Gremlin Nob","floor":14.0,"turns":3.0},{"damage":61.0,"enemies":"Hexaghost","floor":16.0,"turns":10.0},{"damage":12.0,"enemies":"Shell Parasite","floor":18.0,"turns":4.0},{"damage":17.0,"enemies":"3 Byrds","floor":19.0,"turns":3.0},{"damage":6.0,"enemies":"3 Cultists","floor":22.0,"turns":3.0},{"damage":2.0,"enemies":"Sentry and Sphere","floor":24.0,"turns":2.0},{"damage":0.0,"enemies":"Snake Plant","floor":29.0,"turns":1.0},{"damage":22.0,"enemies":"Book of Stabbing","floor":30.0,"turns":3.0},{"damage":43.0,"enemies":"Champ","floor":33.0,"turns":5.0},{"damage":31.0,"enemies":"3 Shapes","floor":35.0,"turns":2.0},{"damage":7.0,"enemies":"Orb Walker","floor":36.0,"turns":2.0},{"damage":0.0,"enemies":"2 Orb Walkers","floor":37.0,"turns":1.0},{"damage":31.0,"enemies":"Giant Head","floor":41.0,"turns":6.0},{"damage":0.0,"enemies":"Writhing Mass","floor":44.0,"turns":1.0},{"damage":0.0,"enemies":"Jaw Worm Horde","floor":45.0,"turns":1.0},{"damage":7.0,"enemies":"Transient","floor":47.0,"turns":5.0},{"damage":59.0,"enemies":"Donu and Deca","floor":50.0,"turns":5.0},{"damage":44,"enemies":"Shield and Spear","floor":54,"turns":4},{"damage":70,"enemies":"The Heart","floor":55,"turns":2}],"seed_played":"-6905711154272210410","potions_obtained":[{"floor":7.0,"key":"PowerPotion"},{"floor":10.0,"key":"Regen Potion"},{"floor":16.0,"key":"SteroidPotion"},{"floor":19.0,"key":"Regen Potion"},{"floor":22.0,"key":"Weak Potion"},{"floor":30.0,"key":"PowerPotion"},{"floor":36.0,"key":"Energy Potion"},{"floor":38.0,"key":"SteroidPotion"},{"floor":38.0,"key":"LiquidBronze"},{"floor":38.0,"key":"Dexterity Potion"},{"floor":41.0,"key":"Poison Potion"},{"floor":47.0,"key":"EssenceOfSteel"}],"is_trial":false,"path_per_floor":["M","?","?","M","$","R","E","R","T","M","M","E","?","E","R","B",null,"M","M","?","$","M","R","M","R","T","?","R","M","E","$","R","B",null,"M","M","?","?","$","R","E","R","T","M","M","$","M","?","R","B",null,"R","$","E","B"],"character_chosen":"IRONCLAD","items_purchased":["Discovery","Metallicize","DollysMirror","Immolate+1","Good Instincts+1","Pen Nib","PowerPotion","HandDrill","EssenceOfSteel"],"campfire_rested":7,"item_purchase_floors":[5,5,21,21,31,39,39,46,53],"current_hp_per_floor":[80,77,66,72,72,72,78,78,78,74,71,66,66,53,77,22,66,60,49,33,33,33,57,66,80,80,80,80,80,64,64,80,43,71,46,45,51,51,51,75,50,74,74,82,82,82,83,83,83,30,71,84,84,46,0],"gold":52,"neow_bonus":"THREE_ENEMY_KILL","is_prod":false,"is_daily":false,"chose_seed":false,"campfire_upgraded":2,"win_rate":0,"timestamp":1545527262,"path_taken":["M","?","?","M","$","R","E","R","T","M","M","E","?","E","R","BOSS","M","M","?","$","M","R","M","R","T","?","R","?","E","?","R","BOSS","M","?","?","?","$","R","E","R","T","?","M","$","M","?","R","BOSS","R","$","E","BOSS"],"build_version":"2018-12-20","purchased_purges":1,"victory":false,"max_hp_per_floor":[80,80,80,80,80,80,80,80,80,80,80,80,80,80,80,80,80,80,80,80,80,80,80,80,80,80,80,80,80,80,80,80,80,80,80,80,80,80,80,80,80,80,80,82,82,82,84,84,84,84,84,84,84,84,84],"card_choices":[{"not_picked":["Flex","Blood for Blood"],"picked":"Cleave","floor":1.0},{"not_picked":["Cleave","Flame Barrier"],"picked":"Pommel Strike","floor":4.0},{"not_picked":["Heavy Blade","Havoc"],"picked":"Armaments","floor":7.0},{"not_picked":["Warcry+1","Evolve"],"picked":"Thunderclap+1","floor":10.0},{"not_picked":["Shrug It Off+1","Fiend Fire+1"],"picked":"Flex+1","floor":11.0},{"not_picked":["Second Wind+1","Thunderclap+1"],"picked":"Seeing Red+1","floor":12.0},{"not_picked":["Combust","Sentinel+1"],"picked":"Rage+1","floor":14.0},{"not_picked":["Berserk","Limit Break+1"],"picked":"Immolate+1","floor":16.0},{"not_picked":["Heavy Blade+1","Thunderclap+1"],"picked":"Clothesline+1","floor":18.0},{"not_picked":["Havoc+1","Reckless Charge+1"],"picked":"Fire Breathing+1","floor":19.0},{"not_picked":["Clash+1","Twin Strike+1"],"picked":"Cleave+1","floor":22.0},{"not_picked":["Twin Strike+1","Body Slam+1"],"picked":"Pommel Strike+1","floor":24.0},{"not_picked":["Demon Form","Anger+1","Body Slam+1"],"picked":"SKIP","floor":29.0},{"not_picked":["Anger+1","Bloodletting+1"],"picked":"Burning Pact+1","floor":30.0},{"not_picked":["Double Tap+1","Juggernaut"],"picked":"Bludgeon+1","floor":33.0},{"not_picked":["Perfected Strike+1","Rage+1"],"picked":"True Grit+1","floor":35.0},{"not_picked":["Dropkick+1","Armaments+1"],"picked":"Ghostly Armor+1","floor":36.0},{"not_picked":["Armaments+1","Sever Soul+1"],"picked":"Shockwave+1","floor":37.0},{"not_picked":["Carnage+1","Reckless Charge+1"],"picked":"Double Tap+1","floor":41.0},{"not_picked":["Perfected Strike+1","Clothesline+1","Cleave+1"],"picked":"Singing Bowl","floor":44.0},{"not_picked":["Clothesline+1","Havoc+1"],"picked":"Burning Pact+1","floor":45.0},{"not_picked":["Iron Wave+1","Pommel Strike+1","Feel No Pain+1"],"picked":"Singing Bowl","floor":47.0},{"not_picked":["Sword Boomerang+1","Heavy Blade+1"],"picked":"Shrug It Off+1","floor":54}],"player_experience":232297,"relics_obtained":[{"floor":7.0,"key":"Molten Egg 2"},{"floor":9.0,"key":"Toxic Egg 2"},{"floor":12.0,"key":"Bag of Marbles"},{"floor":14.0,"key":"Mercury Hourglass"},{"floor":20.0,"key":"Necronomicon"},{"floor":30.0,"key":"Tiny Chest"},{"floor":34.0,"key":"Potion Belt"},{"floor":34.0,"key":"Gremlin Horn"},{"floor":34.0,"key":"Shovel"},{"floor":37.0,"key":"Unceasing Top"},{"floor":41.0,"key":"Singing Bowl"},{"floor":43.0,"key":"Old Coin"},{"floor":49.0,"key":"Shuriken"},{"floor":54,"key":"Red Skull"}],"event_choices":[{"damage_healed":0.0,"max_hp_gain":0.0,"max_hp_loss":0.0,"gold_gain":0.0,"event_name":"Scrap Ooze","player_choice":"Success","floor":2.0,"gold_loss":0.0,"damage_taken":3.0,"relics_obtained":["Blue Candle"]},{"damage_healed":0.0,"max_hp_gain":0.0,"max_hp_loss":0.0,"gold_gain":75.0,"event_name":"World of Goop","player_choice":"Gather Gold","floor":3.0,"gold_loss":0.0,"damage_taken":11.0},{"damage_healed":0.0,"max_hp_gain":0.0,"max_hp_loss":0.0,"gold_gain":0.0,"event_name":"Big Fish","player_choice":"Box","floor":13.0,"gold_loss":0.0,"damage_taken":0.0,"relics_obtained":["Ancient Tea Set"],"cards_obtained":["Regret"]},{"damage_healed":0.0,"max_hp_gain":0.0,"max_hp_loss":0.0,"gold_gain":0.0,"event_name":"Cursed Tome","player_choice":"Obtained Book","floor":20.0,"gold_loss":0.0,"damage_taken":16.0},{"cards_removed":["Regret"],"damage_healed":0.0,"max_hp_gain":0.0,"max_hp_loss":0.0,"gold_gain":0.0,"event_name":"Back to Basics","player_choice":"Elegance","floor":27.0,"gold_loss":0.0,"damage_taken":0.0},{"damage_healed":0.0,"max_hp_gain":0.0,"max_hp_loss":0.0,"gold_gain":0.0,"event_name":"Mysterious Sphere","player_choice":"Fight","floor":37.0,"gold_loss":0.0,"damage_taken":0.0},{"damage_healed":0.0,"max_hp_gain":0.0,"max_hp_loss":0.0,"gold_gain":0.0,"event_name":"Lab","player_choice":"Got Potions","floor":38.0,"gold_loss":0.0,"damage_taken":0.0},{"cards_removed":["Strike_R"],"damage_healed":0.0,"max_hp_gain":0.0,"max_hp_loss":0.0,"gold_gain":0.0,"event_name":"Falling","player_choice":"Removed Attack","floor":48.0,"gold_loss":0.0,"damage_taken":0.0}],"is_beta":false,"boss_relics":[{"not_picked":["Runic Dome","Snecko Eye"],"picked":"Astrolabe"},{"not_picked":["Eternal Feather","Lizard Tail"],"picked":"Calling Bell"}],"items_purged_floors":[46],"is_endless":false,"potions_floor_spawned":[7,10,16,19,22,30,36,41,47],"killed_by":"The Heart","ascension_level":5}