{"path_per_floor":["M","$","?","M","M","E","R","M","T","T","M","R","E","M","R","B",null,"M","?","M","?","?","R","E","?","T","R","$","M","$","M","R","B",null,"M","?","M","?","$","R","M","?","T","$","M","M","R","M","R"],"character_chosen":"DEFECT","items_purchased":["Melter","Defragment","Toxic Egg 2","Storm","Barrage","Meteor Strike","Loop"],"gold_per_floor":[213,25,25,37,48,73,73,93,93,170,182,182,208,218,218,320,320,337,337,354,354,354,354,381,381,381,381,61,72,47,64,64,161,161,175,175,188,188,30,30,44,44,123,85,99,117,117,137,137,137],"floor_reached":50,"campfire_rested":6,"playtime":1613,"item_purchase_floors":[2,2,28,28,30,39,44],"current_hp_per_floor":[72,72,72,66,63,42,42,42,42,42,41,41,38,28,50,16,75,68,54,54,54,54,78,48,48,48,72,72,57,57,49,49,24,80,77,77,21,21,21,45,44,44,54,54,26,30,57,27,54,0],"items_purged":["Strike_B"],"gold":137,"score":496,"play_id":"cff3ec23-d7bc-4ab9-bbb3-2f7ebb91c11e","local_time":"20180604013732","is_prod":false,"is_daily":false,"chose_seed":false,"is_ascension_mode":false,"campfire_upgraded":3,"win_rate":0.0,"timestamp":1528040252,"campfire_choices":[{"data":"Chill","floor":7,"key":"SMITH"},{"data":"Defragment","floor":12,"key":"SMITH"},{"floor":15,"key":"REST"},{"floor":23,"key":"REST"},{"floor":27,"key":"REST"},{"data":"Echo Form","floor":32,"key":"SMITH"},{"floor":40,"key":"REST"},{"floor":47,"key":"REST"},{"floor":49,"key":"REST"}],"path_taken":["M","$","?","M","M","E","R","M","T","?","M","R","E","M","R","BOSS","M","?","M","?","?","R","E","?","T","R","$","M","$","?","R","BOSS","M","?","M","?","$","R","M","?","T","$","M","?","R","M","R","BOSS"],"build_version":"2018-05-31","seed_source_timestamp":47867838774205,"purchased_purges":1,"victory":false,"master_deck":["Defend_B","Defend_B","Zap","Dualcast","Barrage","Melter","Defragment+1","Storm","Chill+1","Storm","Beam Cell","Amplify","Echo Form+1","Conserve Battery","BootSequence","FTL","Storm","Barrage","Static Discharge+1","Scrape+1","Consume+1","Loop+1","Meteor Strike","Jack Of All Trades+1","Loop","Self Repair+1","Amplify+1"],"max_hp_per_floor":[75,75,75,75,75,75,75,75,75,75,75,75,75,75,75,75,75,75,80,80,80,80,80,80,80,80,80,80,80,80,80,80,80,80,80,80,80,80,80,80,80,80,90,90,90,90,90,90,90,90],"relics":["Cracked Core","Turnip","Sundial","Ice Cream","Blue Candle","Ginger","Nuclear Battery","Vajra","Spirit Poop","Bottled Flame","Toxic Egg 2","Astrolabe","Pear"],"card_choices":[{"not_picked":["Leap","Undo"],"picked":"Barrage","floor":1},{"not_picked":["Loop","Compile Driver"],"picked":"Storm","floor":4},{"not_picked":["Streamline","Steam"],"picked":"Chill","floor":5},{"not_picked":["Recycle","Glacier"],"picked":"Storm","floor":6},{"not_picked":["Sweeping Beam","Redo"],"picked":"Beam Cell","floor":8},{"not_picked":["Hologram","Beam Cell","Leap"],"picked":"SKIP","floor":11},{"not_picked":["Cold Snap","Sunder"],"picked":"Amplify","floor":13},{"not_picked":["Sunder","Sweeping Beam","Lockon"],"picked":"SKIP","floor":14},{"not_picked":["Machine Learning","Meteor Strike"],"picked":"Echo Form","floor":16},{"not_picked":["Sweeping Beam","Hologram"],"picked":"Conserve Battery","floor":18},{"not_picked":["FTL","Leap+1"],"picked":"BootSequence","floor":20},{"not_picked":["Coolheaded","Stack","Glacier+1"],"picked":"SKIP","floor":24},{"not_picked":["Chaos+1","Turbo+1","Redo+1"],"picked":"SKIP","floor":29},{"not_picked":["Rip and Tear","Conserve Battery+1"],"picked":"Static Discharge+1","floor":31},{"not_picked":["Barrage","Ball Lightning+1","Coolheaded+1"],"picked":"SKIP","floor":35},{"not_picked":["Compile Driver","Coolheaded+1","Go for the Eyes+1"],"picked":"SKIP","floor":37},{"not_picked":["Melter","Rebound","Turbo+1"],"picked":"SKIP","floor":41},{"not_picked":["Panacea+1","Purity+1"],"picked":"Jack Of All Trades+1","floor":42},{"not_picked":["Compile Driver+1","Sweeping Beam+1"],"picked":"Self Repair+1","floor":45},{"not_picked":["Streamline+1","Leap+1","Stack+1"],"picked":"SKIP","floor":46},{"not_picked":["Beam Cell","Redo+1"],"picked":"Amplify+1","floor":48}],"player_experience":311685,"potions_floor_usage":[16,16,33,33,46,50,50,50],"damage_taken":[{"damage":3,"enemies":"Jaw Worm","floor":1,"turns":3},{"damage":6,"enemies":"Cultist","floor":4,"turns":4},{"damage":3,"enemies":"Small Slimes","floor":5,"turns":3},{"damage":21,"enemies":"Gremlin Nob","floor":6,"turns":4},{"damage":0,"enemies":"Exordium Wildlife","floor":8,"turns":3},{"damage":1,"enemies":"Large Slime","floor":11,"turns":3},{"damage":3,"enemies":"3 Sentries","floor":13,"turns":5},{"damage":10,"enemies":"Blue Slaver","floor":14,"turns":2},{"damage":49,"enemies":"The Guardian","floor":16,"turns":8},{"damage":7,"enemies":"Shell Parasite","floor":18,"turns":5},{"damage":0,"enemies":"Spheric Guardian","floor":20,"turns":1},{"damage":30,"enemies":"Book of Stabbing","floor":24,"turns":6},{"damage":15,"enemies":"Snake Plant","floor":29,"turns":4},{"damage":8,"enemies":"Chosen and Byrds","floor":31,"turns":5},{"damage":25,"enemies":"Collector","floor":33,"turns":5},{"damage":3,"enemies":"3 Shapes","floor":35,"turns":3},{"damage":56,"enemies":"3 Darklings","floor":37,"turns":4},{"damage":1,"enemies":"Sphere and 2 Shapes","floor":41,"turns":6},{"damage":28,"enemies":"Maw","floor":45,"turns":5},{"damage":6,"enemies":"4 Shapes","floor":46,"turns":4},{"damage":30,"enemies":"3 Darklings","floor":48,"turns":5},{"damage":63,"enemies":"Donu and Deca","floor":50,"turns":3}],"relics_obtained":[{"floor":6,"key":"Sundial"},{"floor":9,"key":"Ice Cream"},{"floor":10,"key":"Blue Candle"},{"floor":13,"key":"Ginger"},{"floor":24,"key":"Vajra"},{"floor":26,"key":"Bottled Flame"},{"floor":43,"key":"Pear"}],"event_choices":[{"event_name":"Accursed Blacksmith","player_choice":"Rummage","floor":3,"damage_taken":0},{"event_name":"Forgotten Altar","player_choice":"Shed Blood","floor":19,"damage_taken":0},{"event_name":"Transmorgrifier","player_choice":"Transform","floor":21,"damage_taken":0},{"event_name":"Purifier","player_choice":"One Purge","floor":22,"damage_taken":0},{"event_name":"Bonfire Elementals","player_choice":"CURSE","floor":25,"damage_taken":0},{"event_name":"Tomb of Lord Red Mask","player_choice":"Ignored","floor":36,"damage_taken":0},{"event_name":"Mysterious Sphere","player_choice":"Ignore","floor":38,"damage_taken":0},{"event_name":"SensoryStone","player_choice":"Memory 1","floor":42,"damage_taken":0}],"boss_relics":[{"not_picked":["Cursed Key","Calling Bell"],"picked":"Nuclear Battery"},{"not_picked":["Pandora\u0027s Box","Tiny House"],"picked":"Astrolabe"}],"items_purged_floors":[2],"potions_floor_spawned":[4,5,11,13,14,16,29,37,41,46],"seed_played":"-1255567161676401544","killed_by":"Donu and Deca","ascension_level":0,"potions_obtained":[{"floor":4,"key":"Weak Potion"},{"floor":5,"key":"GamblersBrew"},{"floor":11,"key":"SneckoOil"},{"floor":13,"key":"Regen Potion"},{"floor":16,"key":"PowerPotion"},{"floor":29,"key":"FocusPotion"},{"floor":37,"key":"AttackPotion"},{"floor":41,"key":"FearPotion"},{"floor":46,"key":"SpeedPotion"}],"is_trial":false}