{"path_per_floor":["M","M","M","M","?","E","M","E","T","?","R","M","?","?","R","B",null,"M","$","?","?","?"],"character_chosen":"IRONCLAD","items_purchased":["Meat on the Bone","Thinking Ahead"],"gold_per_floor":[210,230,240,257,257,285,301,328,353,411,411,423,373,548,548,646,646,660,135,135,135,135],"floor_reached":23,"campfire_rested":2,"playtime":3519,"current_hp_per_floor":[78,80,80,64,48,39,43,20,20,18,43,43,43,43,69,25,89,71,71,71,71,71],"items_purged":["Defend_R"],"gold":135,"score":199,"play_id":"9c919009-27ae-4eae-a8ff-9633ec36f2ce","is_prod":false,"is_daily":false,"is_ascension_mode":false,"campfire_upgraded":0,"path_taken":["M","M","M","M","?","E","M","E","T","?","R","M","?","?","R","BOSS","M","$","?","?","?","E"],"build_version":"2018-02-22-PROD2","purchased_purges":1,"victory":false,"master_deck":["Strike_R+1","Strike_R+1","Strike_R+1","Strike_R+1","Defend_R+1","Defend_R+1","Defend_R+1","Bash+1","Ghostly Armor","Disarm","Infernal Blade","Feed","Cleave","Warcry","Fiend Fire","Flex","Clothesline","Seeing Red","Headbutt","Flex","Perfected Strike+1","Thinking Ahead+1"],"max_hp_per_floor":[80,80,80,80,80,80,83,86,86,86,86,89,89,89,89,89,89,92,92,92,92,92],"relics":["Burning Blood","Omamori","Pen Nib","Orichalcum","Juzu Bracelet","Orrery","Meat on the Bone"],"card_choices":[{"not_picked":["Pommel Strike","Iron Wave"],"picked":"Ghostly Armor"},{"not_picked":["Feel No Pain","Blood for Blood"],"picked":"Disarm"},{"not_picked":["True Grit","Rupture"],"picked":"Infernal Blade"},{"not_picked":["Clash","Perfected Strike"],"picked":"Feed"},{"not_picked":["Headbutt","Body Slam"],"picked":"Cleave"},{"not_picked":["Metallicize","Intimidate"],"picked":"Warcry"},{"not_picked":["Barricade","Dark Embrace"],"picked":"Fiend Fire"},{"not_picked":["Metallicize","Wild Strike"],"picked":"Flex"},{"not_picked":["Heavy Blade","Thunderclap"],"picked":"Clothesline"},{"not_picked":["Metallicize","Anger"],"picked":"Seeing Red"},{"not_picked":["Perfected Strike","Clash"],"picked":"Headbutt"},{"not_picked":["Second Wind","Pommel Strike"],"picked":"Flex"},{"not_picked":["Double Tap","Fire Breathing"],"picked":"Perfected Strike"}],"player_experience":45027,"potions_floor_usage":[8,10,16,23,23],"damage_taken":[{"damage":8,"enemies":"2 Louse","floor":1,"turns":2},{"damage":2,"enemies":"Small Slimes","floor":2,"turns":4},{"damage":4,"enemies":"Cultist","floor":3,"turns":4},{"damage":22,"enemies":"Large Slime","floor":4,"turns":7},{"damage":15,"enemies":"Gremlin Nob","floor":6,"turns":4},{"damage":5,"enemies":"3 Louse","floor":7,"turns":4},{"damage":32,"enemies":"Lagavulin","floor":8,"turns":7},{"damage":8,"enemies":"Gremlin Nob","floor":10,"turns":3},{"damage":9,"enemies":"Lots of Slimes","floor":12,"turns":4},{"damage":50,"enemies":"Hexaghost","floor":16,"turns":16},{"damage":27,"enemies":"2 Thieves","floor":18,"turns":5},{"damage":72,"enemies":"Gremlin Leader","floor":23,"turns":4}],"event_choices":[{"event_name":"Shining Light","player_choice":"Entered Light","floor":5,"damage_taken":0},{"event_name":"Dead Adventurer","player_choice":"Searched \u00271\u0027 times","floor":10,"damage_taken":0},{"event_name":"The Cleric","player_choice":"Card Removal","floor":13,"damage_taken":0},{"event_name":"Liars Game","player_choice":"agreed","floor":14,"damage_taken":0},{"event_name":"Upgrade Shrine","player_choice":"Upgraded","floor":20,"damage_taken":0},{"event_name":"Vampires","player_choice":"Ignored","floor":21,"damage_taken":0},{"event_name":"Back to Basics","player_choice":"Simplicity","floor":22,"damage_taken":0}],"boss_relics":[{"not_picked":["Calling Bell","Philosopher\u0027s Stone"],"picked":"Orrery"}],"potions_floor_spawned":[1,6,7,10,16],"seed_played":"-7792869694027800084","killed_by":"Gremlin Leader","ascension_level":0,"is_trial":false}