{"gold_per_floor":[115,135,60,235,135,166,166,193,217,282,299,299,313,278,278,375,375,391,405,417,417],"floor_reached":21,"playtime":861,"items_purged":["Pain","Doubt"],"score":217,"play_id":"059d8f9c-8fb1-4c9a-b405-5b9202b3f281","local_time":"20180909182621","is_ascension_mode":true,"campfire_choices":[{"floor":7,"key":"REST"},{"floor":12,"key":"REST"},{"data":"Streamline","floor":15,"key":"SMITH"}],"neow_cost":"CURSE","seed_source_timestamp":27860989134150,"circlet_count":0,"master_deck":["Strike_B","Strike_B","Strike_B","Strike_B","Defend_B","Defend_B","Defend_B","Defend_B","Zap","Dualcast","Ball Lightning","Ball Lightning","Static Discharge","Streamline+1","Barrage","Go for the Eyes","Capacitor","Seek","Steam+1","Barrage","Aggregate+1"],"relics":["Cracked Core","Turnip","Bronze Scales","Odd Mushroom","PreservedInsect","Tiny Chest","Nuclear Battery"],"potions_floor_usage":[21],"damage_taken":[{"damage":18,"enemies":"Cultist","floor":1,"turns":4},{"damage":8,"enemies":"2 Louse","floor":2,"turns":3},{"damage":30,"enemies":"Lagavulin","floor":6,"turns":5},{"damage":16,"enemies":"The Mushroom Lair","floor":8,"turns":3},{"damage":10,"enemies":"3 Sentries","floor":10,"turns":4},{"damage":0,"enemies":"Small Slimes","floor":11,"turns":2},{"damage":3,"enemies":"Blue Slaver","floor":13,"turns":2},{"damage":32,"enemies":"Hexaghost","floor":16,"turns":7},{"damage":7,"enemies":"Chosen","floor":18,"turns":3},{"damage":25,"enemies":"Shell Parasite","floor":19,"turns":4},{"damage":18,"enemies":"Sentry and Sphere","floor":20,"turns":4},{"damage":39,"enemies":"Snecko","floor":21,"turns":4}],"seed_played":"-2368377169464048812","potions_obtained":[{"floor":1,"key":"Strength Potion"},{"floor":6,"key":"SteroidPotion"},{"floor":16,"key":"EssenceOfSteel"}],"is_trial":false,"path_per_floor":["M","M","$","?","$","E","R","?","T","E","M","R","M","?","R","B",null,"M","M","M"],"character_chosen":"DEFECT","items_purchased":[],"campfire_rested":2,"item_purchase_floors":[],"current_hp_per_floor":[57,49,49,49,49,19,41,25,25,15,15,37,34,52,52,20,75,68,43,25,0],"gold":417,"neow_bonus":"ONE_RARE_RELIC","is_prod":false,"is_daily":false,"chose_seed":false,"campfire_upgraded":1,"win_rate":0,"timestamp":1536535581,"path_taken":["M","M","?","?","$","E","R","?","T","E","?","R","M","?","R","BOSS","M","?","M","M"],"build_version":"2018-09-06","purchased_purges":2,"victory":false,"max_hp_per_floor":[75,75,75,75,75,75,75,75,75,75,75,75,75,75,75,75,75,75,75,75,75],"card_choices":[{"not_picked":["Beam Cell","Steam Power"],"picked":"Ball Lightning","floor":1},{"not_picked":["Turbo","Sweeping Beam"],"picked":"Ball Lightning","floor":2},{"not_picked":["Auto Shields","Seek"],"picked":"Static Discharge","floor":6},{"not_picked":["Beam Cell","Hello World"],"picked":"Streamline","floor":8},{"not_picked":["Leap","Redo"],"picked":"Barrage","floor":10},{"not_picked":["Leap","Steam"],"picked":"Go for the Eyes","floor":11},{"not_picked":["Gash","Aggregate"],"picked":"Capacitor","floor":13},{"not_picked":["Meteor Strike","Multi-Cast"],"picked":"Seek","floor":16},{"not_picked":["Leap","Streamline"],"picked":"Steam+1","floor":18},{"not_picked":["Ball Lightning","Coolheaded+1"],"picked":"Barrage","floor":19},{"not_picked":["Hologram","Compile Driver"],"picked":"Aggregate+1","floor":20}],"player_experience":283160,"relics_obtained":[{"floor":6,"key":"Bronze Scales"},{"floor":8,"key":"Odd Mushroom"},{"floor":9,"key":"PreservedInsect"},{"floor":10,"key":"Tiny Chest"}],"event_choices":[{"event_name":"Liars Game","player_choice":"agreed","floor":4,"damage_taken":0},{"event_name":"Mushrooms","player_choice":"Fought Mushrooms","floor":8,"damage_taken":0},{"event_name":"The Cleric","player_choice":"Healed","floor":14,"damage_taken":0}],"is_beta":false,"boss_relics":[{"not_picked":["Busted Crown","Ectoplasm"],"picked":"Nuclear Battery"}],"items_purged_floors":[3,5],"is_endless":false,"potions_floor_spawned":[1,6,16],"killed_by":"Snecko","ascension_level":3}