{"gold_per_floor":[112,132,132,82,82,107,107,122,172,172,213,225,252,264,276,392,404,430,442,469,493,505,542,554,566,628,640],"floor_reached":27,"playtime":1060,"items_purged":[],"score":323,"play_id":"90ace2d7-c804-46a7-92a8-fa962b8fd381","local_time":"20181230100059","is_ascension_mode":true,"campfire_choices":[{"data":"Zap","floor":7,"key":"SMITH"},{"floor":12,"key":"REST"},{"data":"Go for the Eyes","floor":15,"key":"SMITH"},{"floor":25,"key":"REST"}],"neow_cost":"NONE","seed_source_timestamp":790233290924918,"circlet_count":0,"master_deck":["Strike_B+1","Strike_B+1","Strike_B+1","Defend_B+1","Defend_B+1","Defend_B+1","Defend_B+1","Zap+1","Gash","Go for the Eyes+1","Conserve Battery+1","Capacitor","Gash","Ball Lightning","Seek","Barrage+1","Hologram","Go for the Eyes","Writhe","Conserve Battery+1","Decay","Clumsy"],"relics":["Cracked Core","Art of War","War Paint","MawBank","Dodecahedron","Cursed Key","Potion Belt","Pantograph","Boot"],"potions_floor_usage":[6,23],"damage_taken":[{"damage":11,"enemies":"2 Louse","floor":1,"turns":3},{"damage":7,"enemies":"Small Slimes","floor":2,"turns":3},{"damage":50,"enemies":"3 Sentries","floor":6,"turns":8},{"damage":4,"enemies":"Jaw Worm","floor":8,"turns":3},{"damage":15,"enemies":"Lagavulin","floor":11,"turns":8},{"damage":0,"enemies":"Blue Slaver","floor":13,"turns":4},{"damage":27,"enemies":"Slime Boss","floor":16,"turns":8},{"damage":14,"enemies":"Shell Parasite","floor":18,"turns":7},{"damage":0,"enemies":"3 Byrds","floor":20,"turns":5},{"damage":16,"enemies":"Snake Plant","floor":21,"turns":6},{"damage":33,"enemies":"Slavers","floor":23,"turns":6},{"damage":31,"enemies":"Shelled Parasite and Fungi","floor":27,"turns":3}],"seed_played":"6117276045758671169","potions_obtained":[{"floor":2,"key":"Regen Potion"},{"floor":6,"key":"Energy Potion"},{"floor":16,"key":"FairyPotion"},{"floor":21,"key":"Weak Potion"}],"is_trial":false,"path_per_floor":["M","M","?","?","$","E","R","M","T","T","E","R","M","$","R","B",null,"M","?","M","M","?","E","?","R","T","M"],"character_chosen":"DEFECT","items_purchased":[],"campfire_rested":2,"item_purchase_floors":[],"current_hp_per_floor":[57,50,75,75,75,37,37,33,33,33,18,40,40,40,40,13,60,46,46,46,30,30,7,7,29,29,0],"gold":640,"neow_bonus":"REMOVE_CARD","is_prod":false,"is_daily":false,"chose_seed":false,"campfire_upgraded":2,"win_rate":0,"timestamp":1546185659,"path_taken":["M","M","?","?","?","E","R","M","T","?","E","R","?","?","R","BOSS","M","?","M","M","?","E","?","R","T","?"],"build_version":"2018-12-20","purchased_purges":0,"victory":false,"max_hp_per_floor":[75,75,75,75,75,75,75,75,75,75,75,75,75,75,75,75,75,75,75,75,75,75,75,75,75,75,75],"card_choices":[{"not_picked":["Streamline","Auto Shields"],"picked":"Gash","floor":1},{"not_picked":["Chill","Redo"],"picked":"Go for the Eyes","floor":2},{"not_picked":["Steam","Compile Driver"],"picked":"Conserve Battery","floor":6},{"not_picked":["Fusion","Reprogram"],"picked":"Capacitor","floor":8},{"not_picked":["Biased Cognition","Glacier"],"picked":"Gash","floor":11},{"not_picked":["Melter","FTL"],"picked":"Ball Lightning","floor":13},{"not_picked":["Fission","Meteor Strike"],"picked":"Seek","floor":16},{"not_picked":["Tempest","Compile Driver"],"picked":"Barrage+1","floor":18},{"not_picked":["Turbo","FTL"],"picked":"Hologram","floor":20},{"not_picked":["Compile Driver","Leap"],"picked":"Go for the Eyes","floor":21},{"not_picked":["Doom and Gloom","Capacitor"],"picked":"Conserve Battery+1","floor":23}],"player_experience":349134,"relics_obtained":[{"floor":6,"key":"Art of War"},{"floor":9,"key":"War Paint"},{"floor":10,"key":"MawBank"},{"floor":11,"key":"Dodecahedron"},{"floor":23,"key":"Pantograph"},{"floor":26,"key":"Boot"}],"event_choices":[{"damage_healed":25,"gold_gain":0,"player_choice":"Banana","damage_taken":0,"max_hp_gain":0,"max_hp_loss":0,"event_name":"Big Fish","floor":3,"gold_loss":0},{"cards_removed":["Strike_B"],"damage_healed":0,"gold_gain":0,"player_choice":"Card Removal","damage_taken":0,"max_hp_gain":0,"max_hp_loss":0,"event_name":"The Cleric","floor":4,"gold_loss":50},{"damage_healed":0,"gold_gain":0,"player_choice":"Simplicity","damage_taken":0,"max_hp_gain":0,"max_hp_loss":0,"event_name":"Back to Basics","floor":19,"gold_loss":0,"cards_upgraded":["Strike_B","Strike_B","Strike_B","Defend_B","Defend_B","Defend_B"]},{"damage_healed":0,"gold_gain":0,"player_choice":"Opened","damage_taken":0,"relics_obtained":["Potion Belt"],"max_hp_gain":0,"max_hp_loss":0,"event_name":"The Mausoleum","floor":22,"gold_loss":0,"cards_obtained":["Writhe"]},{"damage_healed":0,"gold_gain":0,"player_choice":"Smashed Altar","damage_taken":0,"max_hp_gain":0,"max_hp_loss":0,"event_name":"Forgotten Altar","floor":24,"gold_loss":0,"cards_obtained":["Decay"]}],"is_beta":false,"boss_relics":[{"not_picked":["Philosopher\u0027s Stone","Ectoplasm"],"picked":"Cursed Key"}],"items_purged_floors":[],"is_endless":false,"potions_floor_spawned":[2,6,16,21],"killed_by":"Shelled Parasite and Fungi","ascension_level":7}