{"gold_per_floor":[109,127,127,52,67,67,100,100,100,127,138,150,160,160,160,234,234,247,172,222,239,259,259],"floor_reached":23,"playtime":2462,"items_purged":["Pain"],"score":386,"play_id":"16f20821-e89e-4f1c-b841-4536f1ab89af","local_time":"20190103104417","is_ascension_mode":true,"campfire_choices":[{"data":"Uppercut","floor":6.0,"key":"SMITH"},{"floor":15,"key":"REST"}],"neow_cost":"NONE","seed_source_timestamp":0,"circlet_count":0,"master_deck":["AscendersBane","Strike_R","Strike_R","Strike_R","Strike_R","Defend_R","Defend_R","Defend_R","Defend_R","Bash","Headbutt","Pommel Strike","Uppercut+1","Juggernaut","Infernal Blade","Power Through","Headbutt","Immolate","Thunderclap"],"special_seed":0,"relics":["Burning Blood","NeowsBlessing","WarpedTongs","Dream Catcher","Frozen Egg 2","Sundial","Kunai","Pocketwatch","Fusion Hammer"],"potions_floor_usage":[16,16],"damage_taken":[{"damage":0.0,"enemies":"Jaw Worm","floor":1.0,"turns":1.0},{"damage":0.0,"enemies":"Cultist","floor":2.0,"turns":1.0},{"damage":0.0,"enemies":"2 Louse","floor":5.0,"turns":1.0},{"damage":24.0,"enemies":"Gremlin Nob","floor":7.0,"turns":4.0},{"damage":27.0,"enemies":"Lagavulin","floor":10.0,"turns":5.0},{"damage":25.0,"enemies":"Red Slaver","floor":11.0,"turns":4.0},{"damage":6,"enemies":"Exordium Wildlife","floor":12,"turns":4},{"damage":0,"enemies":"Large Slime","floor":13,"turns":5},{"damage":38,"enemies":"Slime Boss","floor":16,"turns":11},{"damage":14,"enemies":"2 Thieves","floor":18,"turns":3},{"damage":0,"enemies":"Chosen","floor":21,"turns":4},{"damage":3,"enemies":"3 Cultists","floor":22,"turns":5},{"damage":60,"enemies":"Gremlin Leader","floor":23,"turns":4}],"seed_played":"-4345218671088838964","potions_obtained":[{"floor":2.0,"key":"SkillPotion"},{"floor":5.0,"key":"Strength Potion"},{"floor":10.0,"key":"Explosive Potion"},{"floor":22,"key":"LiquidBronze"}],"is_trial":false,"path_per_floor":["M","M","?","$","M","R","E","?","T","E","M","M","M","?","R","B",null,"M","?","?","M","M","E"],"character_chosen":"IRONCLAD","items_purchased":[],"campfire_rested":1,"item_purchase_floors":[],"current_hp_per_floor":[74,75,75,75,75,75,57,57,57,36,17,17,23,23,45,13,60,52,52,45,51,54,0],"gold":259,"neow_bonus":"THREE_ENEMY_KILL","is_prod":false,"is_daily":false,"chose_seed":false,"campfire_upgraded":1,"win_rate":0,"timestamp":1546541057,"path_taken":["M","M","?","$","?","R","E","?","T","E","M","?","M","?","R","BOSS","M","?","?","M","M","E"],"build_version":"2018-12-20","purchased_purges":1,"victory":false,"max_hp_per_floor":[75,75,75,75,75,75,75,75,75,75,75,75,75,75,75,75,75,75,75,75,75,75,75],"card_choices":[{"not_picked":["Clash","Iron Wave"],"picked":"Headbutt","floor":1.0},{"not_picked":["Body Slam","Rupture"],"picked":"Pommel Strike","floor":2.0},{"not_picked":["Pommel Strike","Sever Soul"],"picked":"Uppercut","floor":5.0},{"not_picked":["Twin Strike","Fire Breathing"],"picked":"Juggernaut","floor":7.0},{"not_picked":["Pommel Strike","Heavy Blade","Limit Break"],"picked":"SKIP","floor":10.0},{"not_picked":["Flex","Pommel Strike"],"picked":"Infernal Blade","floor":11.0},{"not_picked":["Heavy Blade","Wild Strike"],"picked":"Power Through","floor":12},{"not_picked":["Intimidate","Sword Boomerang"],"picked":"Headbutt","floor":13},{"not_picked":["Berserk+1","Impervious"],"picked":"Immolate","floor":16},{"not_picked":["Headbutt","Armaments"],"picked":"Thunderclap","floor":18},{"not_picked":["Cleave","Flex+1","Offering"],"picked":"SKIP","floor":21},{"not_picked":["Pommel Strike","Heavy Blade","Uppercut"],"picked":"SKIP","floor":22}],"player_experience":1641929,"relics_obtained":[{"floor":7.0,"key":"Dream Catcher"},{"floor":9.0,"key":"Sundial"},{"floor":10.0,"key":"Kunai"}],"event_choices":[{"damage_healed":0.0,"max_hp_gain":0.0,"max_hp_loss":0.0,"gold_gain":0.0,"event_name":"Accursed Blacksmith","player_choice":"Rummage","floor":3.0,"gold_loss":0.0,"damage_taken":0.0,"relics_obtained":["WarpedTongs"],"cards_obtained":["Pain"]},{"damage_healed":0.0,"max_hp_gain":0.0,"max_hp_loss":0.0,"gold_gain":0.0,"event_name":"WeMeetAgain","player_choice":"Gave Potion","floor":8.0,"gold_loss":0.0,"damage_taken":0.0,"relics_obtained":["Frozen Egg 2"]},{"damage_healed":0,"gold_gain":0,"player_choice":"Searched \u00271\u0027 times","damage_taken":0,"relics_obtained":["Pocketwatch"],"max_hp_gain":0,"max_hp_loss":0,"event_name":"Dead Adventurer","floor":14,"gold_loss":0},{"cards_removed":["Strike_R"],"damage_healed":0,"gold_gain":0,"player_choice":"Gave Gold","damage_taken":0,"max_hp_gain":0,"max_hp_loss":0,"event_name":"Beggar","floor":19,"gold_loss":75},{"damage_healed":0,"gold_gain":50,"player_choice":"Touch","damage_taken":7,"max_hp_gain":0,"max_hp_loss":0,"event_name":"FaceTrader","floor":20,"gold_loss":0}],"is_beta":false,"boss_relics":[{"not_picked":["Coffee Dripper","Black Star"],"picked":"Fusion Hammer"}],"items_purged_floors":[4],"is_endless":false,"potions_floor_spawned":[2,5,10,12,22],"killed_by":"Gremlin Leader","ascension_level":18}