{"gold_per_floor":[112,123,137,137,117,117,128,128,128,161,181,208,227,245,245,347,347,366,378,303,353,363,363,380,380,380,393,393,428,428,428,428,526,526,546,546,57,76,76,76,91,91,114,147,159,185,231,253,265,277],"floor_reached":50,"playtime":3010,"items_purged":[],"score":868,"play_id":"6a33deba-039d-4787-839c-79d0c80f9554","local_time":"20181215122808","is_ascension_mode":true,"campfire_choices":[{"data":"Noxious Fumes","floor":6,"key":"SMITH"},{"data":"Crippling Poison","floor":8,"key":"SMITH"},{"floor":15,"key":"REST"},{"data":"Venomology","floor":23,"key":"SMITH"},{"data":"Poisoned Stab","floor":25,"key":"SMITH"},{"data":"Crippling Poison","floor":32,"key":"SMITH"},{"data":"Tools of the Trade","floor":40,"key":"SMITH"},{"data":"Magnetism","floor":42,"key":"SMITH"},{"data":"Catalyst","floor":45,"key":"SMITH"},{"data":"Noxious Fumes","floor":49,"key":"SMITH"}],"neow_cost":"NONE","seed_source_timestamp":2463806687837333,"circlet_count":0,"master_deck":["Defend_G","Defend_G","Defend_G","Defend_G","Strike_G","Strike_G","Strike_G","Strike_G","Survivor","Neutralize","Dagger Throw","Noxious Fumes+1","Masterful Stab","Crippling Poison+1","Cloak And Dagger","Phantasmal Killer","Backflip","Flying Knee","Cloak And Dagger","Venomology+1","PiercingWail","Blur","Crippling Poison+1","Poisoned Stab+1","PiercingWail+1","Ghostly","Ghostly","Ghostly","Ghostly","Ghostly","Leg Sweep","Tools of the Trade+1","Masterful Stab+1","Die Die Die","Purity","Noxious Fumes+1","Underhanded Strike+1","Magnetism+1","Catalyst+1","Bouncing Flask","Parasite","Poisoned Stab","Blur","Masterful Stab"],"relics":["Ring of the Snake","Pear","Letter Opener","Bottled Tornado","Bag of Marbles","Coffee Dripper","Pantograph","Peace Pipe","Anchor","WristBlade","Snake Skull","Toy Ornithopter","Bag of Preparation","MawBank","Blue Candle"],"potions_floor_usage":[10,12,16,18,19,24,27,29,29,29,33,33,33,44,47,50,50,50,50],"damage_taken":[{"damage":6,"enemies":"Small Slimes","floor":1,"turns":4},{"damage":2,"enemies":"2 Louse","floor":2,"turns":3},{"damage":0,"enemies":"Cultist","floor":3,"turns":5},{"damage":6,"enemies":"Exordium Wildlife","floor":7,"turns":5},{"damage":6,"enemies":"3 Sentries","floor":10,"turns":6},{"damage":8,"enemies":"Looter","floor":11,"turns":3},{"damage":10,"enemies":"Gremlin Nob","floor":12,"turns":4},{"damage":0,"enemies":"Lots of Slimes","floor":13,"turns":3},{"damage":6,"enemies":"3 Louse","floor":14,"turns":3},{"damage":27,"enemies":"The Guardian","floor":16,"turns":10},{"damage":0,"enemies":"Chosen","floor":18,"turns":3},{"damage":0,"enemies":"2 Thieves","floor":19,"turns":4},{"damage":20,"enemies":"Centurion and Healer","floor":22,"turns":5},{"damage":10,"enemies":"Snecko","floor":24,"turns":5},{"damage":9,"enemies":"Snake Plant","floor":27,"turns":4},{"damage":8,"enemies":"Gremlin Leader","floor":29,"turns":6},{"damage":2,"enemies":"Collector","floor":33,"turns":8},{"damage":0,"enemies":"Orb Walker","floor":35,"turns":4},{"damage":5,"enemies":"3 Darklings","floor":38,"turns":5},{"damage":3,"enemies":"Maw","floor":41,"turns":7},{"damage":0,"enemies":"Reptomancer","floor":44,"turns":5},{"damage":0,"enemies":"Writhing Mass","floor":46,"turns":5},{"damage":0,"enemies":"Giant Head","floor":47,"turns":9},{"damage":3,"enemies":"Spire Growth","floor":48,"turns":5},{"damage":70,"enemies":"Time Eater","floor":50,"turns":11}],"seed_played":"6020525763666661395","potions_obtained":[{"floor":1,"key":"GhostInAJar"},{"floor":5,"key":"SpeedPotion"},{"floor":10,"key":"GhostInAJar"},{"floor":11,"key":"GamblersBrew"},{"floor":13,"key":"Ancient Potion"},{"floor":16,"key":"Energy Potion"},{"floor":27,"key":"Poison Potion"},{"floor":29,"key":"Strength Potion"},{"floor":41,"key":"Fire Potion"},{"floor":44,"key":"Regen Potion"},{"floor":46,"key":"Energy Potion"}],"is_trial":false,"path_per_floor":["M","M","M","?","?","R","M","R","T","E","M","E","M","M","R","B",null,"M","M","?","?","M","R","M","R","T","M","?","E","?","?","R","B",null,"M","?","$","M","?","R","M","R","T","E","R","M","E","M","R","B"],"character_chosen":"THE_SILENT","items_purchased":["Snake Skull","Toy Ornithopter","SpeedPotion","Noxious Fumes"],"campfire_rested":1,"item_purchase_floors":[37,37,37,37],"current_hp_per_floor":[57,55,55,53,53,53,47,47,47,41,33,23,23,17,41,14,64,64,64,64,64,44,44,34,34,34,25,25,17,17,12,12,35,43,43,43,43,38,38,38,35,35,35,40,40,40,45,42,42,0],"gold":277,"neow_bonus":"REMOVE_CARD","is_prod":false,"is_daily":false,"chose_seed":false,"campfire_upgraded":9,"win_rate":0,"timestamp":1544898488,"path_taken":["M","M","M","?","?","R","M","R","T","E","?","E","M","M","R","BOSS","M","M","?","?","M","R","?","R","T","M","?","E","?","?","R","BOSS","M","?","?","M","?","R","M","R","T","E","R","?","E","M","R","BOSS"],"build_version":"2018-12-13","purchased_purges":0,"victory":false,"max_hp_per_floor":[70,70,70,80,80,80,80,80,80,80,80,80,80,80,80,80,80,80,80,80,80,80,80,80,80,80,80,40,40,40,45,45,45,45,45,45,45,45,45,45,45,45,45,45,45,45,45,45,45,45],"card_choices":[{"not_picked":["Leg Sweep","Blade Dance"],"picked":"Dagger Throw","floor":1},{"not_picked":["Flying Knee","Sucker Punch"],"picked":"Noxious Fumes","floor":2},{"not_picked":["Dodge and Roll","Blade Dance"],"picked":"Masterful Stab","floor":3},{"not_picked":["PiercingWail","Tactician"],"picked":"Crippling Poison","floor":7},{"not_picked":["Prepared","Endless Agony"],"picked":"Cloak And Dagger","floor":10},{"not_picked":["Riddle With Holes","Dash"],"picked":"Phantasmal Killer","floor":11},{"not_picked":["Storm of Steel","Finisher"],"picked":"Backflip","floor":12},{"not_picked":["Endless Agony","Dagger Throw"],"picked":"Flying Knee","floor":13},{"not_picked":["Caltrops","Slice"],"picked":"Cloak And Dagger","floor":14},{"not_picked":["Wraith Form v2","Phantasmal Killer"],"picked":"Venomology","floor":16},{"not_picked":["Outmaneuver","Terror"],"picked":"PiercingWail","floor":18},{"not_picked":["Blade Dance+1","Deflect"],"picked":"Blur","floor":19},{"not_picked":["Dodge and Roll+1","Bane"],"picked":"Crippling Poison","floor":22},{"not_picked":["Slice","Deflect"],"picked":"Poisoned Stab","floor":24},{"not_picked":["Dagger Spray","Endless Agony"],"picked":"PiercingWail+1","floor":27},{"not_picked":["Sucker Punch+1","All Out Attack+1"],"picked":"Leg Sweep","floor":29},{"not_picked":["Phantasmal Killer","Die Die Die"],"picked":"Tools of the Trade","floor":33},{"not_picked":["Blade Dance+1","Deflect+1"],"picked":"Masterful Stab+1","floor":35},{"not_picked":["Prepared+1","Sucker Punch+1"],"picked":"Underhanded Strike+1","floor":38},{"not_picked":["Good Instincts","Purity"],"picked":"Magnetism","floor":39},{"not_picked":["Riddle With Holes","Escape Plan+1"],"picked":"Catalyst","floor":41},{"not_picked":["Predator+1","Expertise"],"picked":"Bouncing Flask","floor":44},{"not_picked":["Outmaneuver+1","Endless Agony+1"],"picked":"Poisoned Stab","floor":46},{"not_picked":["Deadly Poison+1","Concentrate+1"],"picked":"Blur","floor":47},{"not_picked":["Acrobatics","Outmaneuver+1"],"picked":"Masterful Stab","floor":48}],"player_experience":294866,"relics_obtained":[{"floor":9,"key":"Letter Opener"},{"floor":10,"key":"Bottled Tornado"},{"floor":12,"key":"Bag of Marbles"},{"floor":26,"key":"Pantograph"},{"floor":29,"key":"Peace Pipe"},{"floor":43,"key":"Bag of Preparation"},{"floor":44,"key":"MawBank"},{"floor":47,"key":"Blue Candle"}],"event_choices":[{"damage_healed":0,"gold_gain":0,"player_choice":"Success","damage_taken":12,"relics_obtained":["Pear"],"max_hp_gain":0,"max_hp_loss":0,"event_name":"Scrap Ooze","floor":4,"gold_loss":0},{"damage_healed":0,"gold_gain":0,"player_choice":"Bought 1 Potion","damage_taken":0,"max_hp_gain":0,"max_hp_loss":0,"event_name":"The Woman in Blue","floor":5,"gold_loss":0},{"cards_removed":["Defend_G"],"damage_healed":0,"gold_gain":0,"player_choice":"Gave Gold","damage_taken":0,"max_hp_gain":0,"max_hp_loss":0,"event_name":"Beggar","floor":20,"gold_loss":75},{"damage_healed":0,"gold_gain":100,"player_choice":"Bet on Murderer","damage_taken":0,"max_hp_gain":0,"max_hp_loss":0,"event_name":"The Joust","floor":21,"gold_loss":50},{"damage_healed":0,"gold_gain":0,"player_choice":"Became a Ghost","damage_taken":0,"max_hp_gain":0,"max_hp_loss":40,"event_name":"Ghosts","floor":28,"gold_loss":0,"cards_obtained":["Ghostly","Ghostly","Ghostly","Ghostly","Ghostly"]},{"damage_healed":0,"gold_gain":0,"player_choice":"Opened","damage_taken":0,"relics_obtained":["Anchor"],"max_hp_gain":0,"max_hp_loss":0,"event_name":"The Mausoleum","floor":30,"gold_loss":0},{"damage_healed":0,"gold_gain":0,"player_choice":"Shed Blood","damage_taken":10,"max_hp_gain":5,"max_hp_loss":0,"event_name":"Forgotten Altar","floor":31,"gold_loss":0},{"damage_healed":0,"gold_gain":0,"player_choice":"2 cards matched","damage_taken":0,"max_hp_gain":0,"max_hp_loss":0,"event_name":"Match and Keep!","floor":36,"gold_loss":0,"cards_obtained":["Die Die Die","Purity"]},{"damage_healed":0,"gold_gain":0,"player_choice":"Memory 1","damage_taken":0,"max_hp_gain":0,"max_hp_loss":0,"event_name":"SensoryStone","floor":39,"gold_loss":0}],"is_beta":false,"boss_relics":[{"not_picked":["Sozu","HoveringKite"],"picked":"Coffee Dripper"},{"not_picked":["White Beast Statue","Orrery"],"picked":"WristBlade"}],"items_purged_floors":[],"is_endless":false,"potions_floor_spawned":[1,10,11,13,16,27,29,41,44,46],"killed_by":"Time Eater","ascension_level":8}