{"path_per_floor":["M","?","?","M","M","E","?","E","T","E","R","M","?","M","R"],"character_chosen":"IRONCLAD","items_purchased":[],"gold_per_floor":[114,114,114,129,144,174,174,204,254,284,284,299,399,414,414,414],"floor_reached":16,"campfire_rested":1,"playtime":435,"current_hp_per_floor":[80,64,64,61,61,65,65,31,31,36,60,68,68,69,69,0],"items_purged":[],"gold":414,"score":120,"play_id":"9d6dbe74-fddf-4c47-9e4f-e75ca5d9e667","local_time":"20180412224112","daily_mods":["Allstar","Lethality","Binary"],"is_prod":false,"is_daily":true,"is_ascension_mode":false,"campfire_upgraded":1,"timestamp":1523536872,"path_taken":["M","?","?","M","M","E","?","E","T","E","R","M","?","M","R","BOSS"],"build_version":"2018-04-05v2","purchased_purges":0,"victory":false,"master_deck":["Strike_R","Strike_R","Strike_R","Strike_R","Strike_R","Defend_R","Defend_R","Defend_R","Defend_R","Bash","Jack Of All Trades","Madness","Secret Weapon+1","Secret Technique","Apotheosis+1","Body Slam+1","Infernal Blade","Shrug It Off","Inflame","Rampage","Flex","Whirlwind+1"],"max_hp_per_floor":[80,80,80,80,80,80,80,80,80,80,80,80,80,80,80,80],"relics":["Burning Blood","Ginger","Du-Vu Doll","Blood Vial","Bottled Flame"],"card_choices":[{"not_picked":["Flame Barrier"],"picked":"Body Slam","floor":1},{"not_picked":["Clash"],"picked":"Infernal Blade","floor":4},{"not_picked":["Sword Boomerang"],"picked":"Shrug It Off","floor":6},{"not_picked":["Cleave"],"picked":"Inflame","floor":8},{"not_picked":["Sever Soul"],"picked":"Rampage","floor":10},{"not_picked":["Wild Strike"],"picked":"Flex","floor":12},{"not_picked":["Metallicize"],"picked":"Whirlwind","floor":14}],"player_experience":273689,"potions_floor_usage":[],"damage_taken":[{"damage":0,"enemies":"Cultist","floor":1,"turns":2},{"damage":13,"enemies":"Small Slimes","floor":4,"turns":2},{"damage":6,"enemies":"Jaw Worm","floor":5,"turns":2},{"damage":2,"enemies":"Lagavulin","floor":6,"turns":5},{"damage":40,"enemies":"Gremlin Nob","floor":8,"turns":4},{"damage":3,"enemies":"3 Sentries","floor":10,"turns":4},{"damage":0,"enemies":"Blue Slaver","floor":12,"turns":2},{"damage":7,"enemies":"3 Louse","floor":14,"turns":3},{"damage":73,"enemies":"The Guardian","floor":16,"turns":8}],"event_choices":[{"event_name":"Shining Light","player_choice":"Entered Light","floor":2,"damage_taken":0},{"event_name":"Living Wall","player_choice":"Grow","floor":3,"damage_taken":0},{"event_name":"The Lab","player_choice":"Got Potions","floor":7,"damage_taken":0},{"event_name":"Golden Shrine","player_choice":"Pray","floor":13,"damage_taken":0}],"boss_relics":[],"potions_floor_spawned":[4,6,8,12,14],"seed_played":"8507077734950112790","killed_by":"The Guardian","ascension_level":0,"is_trial":false}