{"gold_per_floor":[119,133,55,65,65,65,75,87,87,99,99],"floor_reached":11,"playtime":787,"items_purged":[],"score":107,"play_id":"f80f3a3d-ba7b-49e6-bb3e-8b336369b4d4","local_time":"20180921133942","is_ascension_mode":true,"campfire_choices":[{"data":"Whirlwind","floor":6.0,"key":"SMITH"}],"neow_cost":"TEN_PERCENT_HP_LOSS","seed_source_timestamp":626260356080845,"circlet_count":0,"master_deck":["Strike_R","Strike_R","Strike_R","Defend_R","Defend_R","Defend_R","Defend_R","Bash","AscendersBane","Twin Strike","Burning Pact","Whirlwind+1","Iron Wave","Feel No Pain","Pommel Strike","Pommel Strike"],"special_seed":0,"relics":["Burning Blood","Dodecahedron"],"potions_floor_usage":[],"damage_taken":[{"damage":23.0,"enemies":"Cultist","floor":1.0,"turns":6.0},{"damage":0.0,"enemies":"2 Louse","floor":2.0,"turns":4.0},{"damage":3.0,"enemies":"Jaw Worm","floor":4.0,"turns":5.0},{"damage":28,"enemies":"Large Slime","floor":7,"turns":8},{"damage":16,"enemies":"Lots of Slimes","floor":8,"turns":2},{"damage":24,"enemies":"Exordium Wildlife","floor":10,"turns":6},{"damage":21,"enemies":"Blue Slaver","floor":11,"turns":2}],"seed_played":"455004904993188551","potions_obtained":[{"floor":4.0,"key":"Dexterity Potion"},{"floor":8,"key":"Dexterity Potion"}],"is_trial":false,"path_per_floor":["M","M","$","M","?","R","M","M","T","M"],"character_chosen":"IRONCLAD","items_purchased":["Whirlwind"],"campfire_rested":0,"item_purchase_floors":[3],"current_hp_per_floor":[55,61,61,64,69,69,47,37,37,19,0],"gold":99,"neow_bonus":"REMOVE_TWO","is_prod":false,"is_daily":false,"chose_seed":false,"campfire_upgraded":1,"win_rate":0,"timestamp":1537562382,"path_taken":["M","M","$","?","?","R","?","M","T","M","M"],"build_version":"2018-09-20","purchased_purges":0,"victory":false,"max_hp_per_floor":[72,72,72,72,77,77,77,77,77,77,77],"card_choices":[{"not_picked":["Thunderclap","Second Wind"],"picked":"Twin Strike","floor":1.0},{"not_picked":["Armaments","Headbutt"],"picked":"Burning Pact","floor":2.0},{"not_picked":["Heavy Blade","Wild Strike"],"picked":"Iron Wave","floor":4.0},{"not_picked":["Iron Wave","Clothesline"],"picked":"Feel No Pain","floor":7},{"not_picked":["Cleave","Body Slam"],"picked":"Pommel Strike","floor":8},{"not_picked":["Iron Wave","Berserk"],"picked":"Pommel Strike","floor":10}],"player_experience":1070662,"relics_obtained":[{"floor":9,"key":"Dodecahedron"}],"event_choices":[{"event_name":"Big Fish","player_choice":"Donut","floor":5.0,"damage_taken":0.0}],"is_beta":false,"boss_relics":[],"items_purged_floors":[],"is_endless":false,"potions_floor_spawned":[4,8],"killed_by":"Blue Slaver","ascension_level":12}