{"gold_per_floor":[117,131,30,45,61,88,88,107,107,138,152,227,192,222,222,325,325,342,354,354,366,366,366,385,415,415,448,448,468,503,503,503,608,608,619,629,641,641,656,682,682,714,714,714,714,746,21,34,34,34],"floor_reached":51,"playtime":2886,"items_purged":[],"score":1042,"play_id":"fa9ab034-d52a-4759-b5fe-dd37e5ce18c6","local_time":"20180821111607","daily_mods":["Draft"],"is_ascension_mode":false,"campfire_choices":[{"data":"Havoc","floor":7,"key":"SMITH"},{"data":"Trip","floor":15,"key":"SMITH"},{"floor":23,"key":"REST"},{"data":"Perfected Strike","floor":28,"key":"SMITH"},{"data":"Warcry","floor":32,"key":"SMITH"},{"floor":41,"key":"REST"},{"floor":44,"key":"DIG"},{"floor":49,"key":"DIG"}],"neow_cost":"","seed_source_timestamp":0,"circlet_count":0,"master_deck":["Rage","Perfected Strike+1","Warcry+1","Warcry","Perfected Strike","Wild Strike","Thunderclap","Clash","Anger","Perfected Strike","Reckless Charge+1","Clash","Whirlwind","Bloodletting","Spot Weakness","Dropkick","Trip+1","Anger","Cleave","Warcry","Dropkick","Berserk","Dropkick","Pommel Strike+1","Feed","Iron Wave+1","Iron Wave","Armaments+1","Flex+1","Twin Strike","Carnage+1","Thunderclap","Pommel Strike+1","Ghostly Armor+1","Shrug It Off+1","Flash of Steel","Warcry+1","Inflame","Iron Wave","Perfected Strike+1","Clash","Jack Of All Trades+1","Double Tap+1","Sadistic Nature+1","Flex+1"],"relics":["Burning Blood","Dodecahedron","Matryoshka","Pantograph","Toxic Egg 2","Busted Crown","Anchor","Paper Frog","Whetstone","Art of War","Kunai","Centennial Puzzle","Boot","Meat on the Bone","Black Star","Potion Belt","Ancient Tea Set","Frozen Egg 2","Bottled Flame","Shovel","Ice Cream","Letter Opener","Mummified Hand","Ornamental Fan","Bag of Preparation"],"potions_floor_usage":[10,11,25,25,25,27,33,37,39,48,50,50],"damage_taken":[{"damage":14,"enemies":"Small Slimes","floor":1,"turns":3},{"damage":0,"enemies":"Cultist","floor":2,"turns":2},{"damage":10,"enemies":"2 Louse","floor":4,"turns":2},{"damage":0,"enemies":"Red Slaver","floor":5,"turns":1},{"damage":7,"enemies":"3 Sentries","floor":6,"turns":2},{"damage":0,"enemies":"Large Slime","floor":8,"turns":4},{"damage":6,"enemies":"Gremlin Nob","floor":10,"turns":3},{"damage":0,"enemies":"Looter","floor":11,"turns":1},{"damage":20,"enemies":"3 Sentries","floor":14,"turns":4},{"damage":0,"enemies":"Slime Boss","floor":16,"turns":5},{"damage":12,"enemies":"Chosen","floor":18,"turns":2},{"damage":16,"enemies":"Spheric Guardian","floor":19,"turns":3},{"damage":29,"enemies":"Snake Plant","floor":21,"turns":4},{"damage":18,"enemies":"Cultist and Chosen","floor":24,"turns":6},{"damage":0,"enemies":"Gremlin Leader","floor":25,"turns":4},{"damage":3,"enemies":"Slavers","floor":27,"turns":3},{"damage":10,"enemies":"Snecko","floor":29,"turns":3},{"damage":0,"enemies":"Gremlin Leader","floor":30,"turns":4},{"damage":20,"enemies":"Collector","floor":33,"turns":6},{"damage":36,"enemies":"Flame Bruiser 1 Orb","floor":35,"turns":4},{"damage":9,"enemies":"3 Shapes","floor":36,"turns":3},{"damage":45,"enemies":"Transient","floor":37,"turns":5},{"damage":16,"enemies":"Spire Growth","floor":39,"turns":4},{"damage":21,"enemies":"Nemesis","floor":40,"turns":3},{"damage":8,"enemies":"2 Orb Walkers","floor":42,"turns":3},{"damage":45,"enemies":"Nemesis","floor":46,"turns":5},{"damage":0,"enemies":"Jaw Worm Horde","floor":48,"turns":3},{"damage":65,"enemies":"Time Eater","floor":50,"turns":7}],"seed_played":"6484656245089588321","potions_obtained":[{"floor":1,"key":"Swift Potion"},{"floor":2,"key":"Weak Potion"},{"floor":11,"key":"EssenceOfSteel"},{"floor":21,"key":"Fire Potion"},{"floor":24,"key":"Ancient Potion"},{"floor":25,"key":"Block Potion"},{"floor":29,"key":"AttackPotion"},{"floor":33,"key":"Weak Potion"},{"floor":36,"key":"FearPotion"},{"floor":39,"key":"Strength Potion"},{"floor":46,"key":"Block Potion"},{"floor":48,"key":"EssenceOfSteel"}],"is_trial":true,"path_per_floor":["M","M","$","M","M","E","R","M","T","E","M","?","?","E","R","B",null,"M","M","T","M","?","R","M","E","T","E","R","M","E","?","R","B",null,"M","M","M","?","M","E","R","E","T","R","?","E","$","M","R","B"],"character_chosen":"IRONCLAD","items_purchased":["Trip","Ornamental Fan","Clash","Jack Of All Trades+1","Double Tap+1","Sadistic Nature+1"],"campfire_rested":2,"item_purchase_floors":[3,47,47,47,47,47],"current_hp_per_floor":[64,70,70,66,72,71,71,77,77,77,80,69,80,66,66,80,80,74,64,64,41,26,51,39,45,45,51,51,47,53,53,53,64,82,55,52,25,25,27,27,55,65,65,65,65,38,38,59,59,37],"gold":34,"neow_bonus":"","is_prod":false,"is_daily":false,"chose_seed":false,"campfire_upgraded":4,"win_rate":0,"timestamp":1534842967,"path_taken":["M","M","$","M","M","E","R","M","T","E","M","?","?","E","R","BOSS","M","M","?","M","?","R","M","E","T","E","R","?","E","?","R","BOSS","M","M","M","?","?","E","R","E","T","R","?","E","$","M","R","BOSS"],"build_version":"2018-08-16","purchased_purges":0,"victory":true,"max_hp_per_floor":[80,80,80,80,80,80,80,80,80,80,80,80,80,80,80,80,80,80,80,80,80,85,85,85,85,85,88,88,88,88,88,88,88,88,91,91,91,91,91,94,94,94,94,94,94,94,94,97,97,97],"card_choices":[{"not_picked":["Sever Soul","Pommel Strike"],"picked":"Rage","floor":0},{"not_picked":["Rupture","Evolve"],"picked":"Perfected Strike","floor":0},{"not_picked":["Anger","Heavy Blade"],"picked":"Warcry","floor":0},{"not_picked":["Carnage","Rage"],"picked":"Warcry","floor":0},{"not_picked":["Havoc","Shrug It Off"],"picked":"Perfected Strike","floor":0},{"not_picked":["Body Slam","Flex"],"picked":"Wild Strike","floor":0},{"not_picked":["Shrug It Off","Cleave"],"picked":"Thunderclap","floor":0},{"not_picked":["Warcry","Armaments"],"picked":"Clash","floor":0},{"not_picked":["Entrench","Heavy Blade"],"picked":"Anger","floor":0},{"not_picked":["Clash","Heavy Blade"],"picked":"Perfected Strike","floor":0},{"not_picked":["Rupture","True Grit"],"picked":"Reckless Charge","floor":0},{"not_picked":["Sword Boomerang","Infernal Blade"],"picked":"Clash","floor":0},{"not_picked":["Second Wind","Armaments"],"picked":"Havoc","floor":0},{"not_picked":["Armaments","Corruption"],"picked":"Whirlwind","floor":0},{"not_picked":["Flex","Clothesline"],"picked":"Bloodletting","floor":0},{"not_picked":["Disarm","Iron Wave"],"picked":"Spot Weakness","floor":1},{"not_picked":["Body Slam","Cleave"],"picked":"Dropkick","floor":2},{"not_picked":["Clothesline","Evolve"],"picked":"Anger","floor":4},{"not_picked":["Reckless Charge","True Grit"],"picked":"Cleave","floor":5},{"not_picked":["Metallicize","Uppercut"],"picked":"Warcry","floor":6},{"not_picked":["Clash","Spot Weakness"],"picked":"Dropkick","floor":8},{"not_picked":["Shockwave","Sword Boomerang"],"picked":"Berserk","floor":10},{"not_picked":["Ghostly Armor","Rupture"],"picked":"Dropkick","floor":11},{"not_picked":["Hemokinesis","Warcry"],"picked":"Pommel Strike","floor":14},{"not_picked":["Barricade","Demon Form"],"picked":"Feed","floor":16},{"not_picked":[],"picked":"Iron Wave+1","floor":18},{"not_picked":["Clothesline+1"],"picked":"SKIP","floor":19},{"not_picked":[],"picked":"Iron Wave","floor":21},{"not_picked":[],"picked":"Armaments+1","floor":24},{"not_picked":[],"picked":"Flex+1","floor":25},{"not_picked":[],"picked":"Twin Strike","floor":27},{"not_picked":[],"picked":"Carnage+1","floor":29},{"not_picked":[],"picked":"Thunderclap","floor":30},{"not_picked":[],"picked":"Pommel Strike+1","floor":35},{"not_picked":[],"picked":"Ghostly Armor+1","floor":36},{"not_picked":[],"picked":"Shrug It Off+1","floor":37},{"not_picked":[],"picked":"Flash of Steel","floor":38},{"not_picked":[],"picked":"Warcry+1","floor":39},{"not_picked":[],"picked":"Inflame","floor":40},{"not_picked":[],"picked":"Iron Wave","floor":42},{"not_picked":["Clothesline"],"picked":"SKIP","floor":46},{"not_picked":[],"picked":"Flex+1","floor":48}],"player_experience":27704,"relics_obtained":[{"floor":6,"key":"Dodecahedron"},{"floor":9,"key":"Matryoshka"},{"floor":10,"key":"Pantograph"},{"floor":14,"key":"Toxic Egg 2"},{"floor":20,"key":"Anchor"},{"floor":20,"key":"Paper Frog"},{"floor":25,"key":"Whetstone"},{"floor":26,"key":"Art of War"},{"floor":26,"key":"Kunai"},{"floor":27,"key":"Centennial Puzzle"},{"floor":30,"key":"Boot"},{"floor":40,"key":"Potion Belt"},{"floor":40,"key":"Ancient Tea Set"},{"floor":42,"key":"Frozen Egg 2"},{"floor":42,"key":"Bottled Flame"},{"floor":43,"key":"Shovel"},{"floor":44,"key":"Ice Cream"},{"floor":46,"key":"Letter Opener"},{"floor":46,"key":"Mummified Hand"},{"floor":49,"key":"Bag of Preparation"}],"event_choices":[{"event_name":"World of Goop","player_choice":"Gather Gold","floor":12,"damage_taken":0},{"event_name":"The Cleric","player_choice":"Healed","floor":13,"damage_taken":0},{"event_name":"Forgotten Altar","player_choice":"Shed Blood","floor":22,"damage_taken":0},{"event_name":"WeMeetAgain","player_choice":"Card","floor":31,"damage_taken":0},{"event_name":"SensoryStone","player_choice":"Memory 1","floor":38,"damage_taken":0},{"event_name":"Duplicator","player_choice":"One dupe","floor":45,"damage_taken":0}],"is_beta":true,"boss_relics":[{"not_picked":["Cursed Key","Lizard Tail"],"picked":"Busted Crown"},{"not_picked":["Tiny House","Eternal Feather"],"picked":"Black Star"}],"items_purged_floors":[],"is_endless":false,"potions_floor_spawned":[1,2,11,21,24,25,29,33,36,39,46,48],"ascension_level":7}