{"gold_per_floor":[114,126,145,145,158,158,188,188,188,188,113,127,162,180,180,180],"floor_reached":16,"playtime":637,"items_purged":["Defend_R"],"score":224,"play_id":"1893837c-f0cf-4535-af62-96122370735b","local_time":"20181107102451","is_ascension_mode":true,"campfire_choices":[{"data":"Armaments","floor":6,"key":"SMITH"},{"floor":8,"key":"REST"},{"data":"Bludgeon","floor":10,"key":"SMITH"},{"data":"Shockwave","floor":15,"key":"SMITH"}],"neow_cost":"NONE","seed_source_timestamp":650288629548605,"circlet_count":0,"master_deck":["Strike_R","Strike_R","Strike_R","Strike_R","Defend_R","Defend_R","Defend_R","Bash","AscendersBane","Bludgeon+1","Entrench","Armaments+1","Disarm","Body Slam","Warcry","Shockwave+1","Ghostly Armor","Feed","Iron Wave"],"relics":["Burning Blood","Incense Burner","Thread and Needle","Mango"],"potions_floor_usage":[5,16],"damage_taken":[{"damage":0,"enemies":"Cultist","floor":1,"turns":2},{"damage":8,"enemies":"Small Slimes","floor":2,"turns":2},{"damage":1,"enemies":"2 Louse","floor":3,"turns":3},{"damage":18,"enemies":"Exordium Wildlife","floor":5,"turns":7},{"damage":50,"enemies":"3 Sentries","floor":7,"turns":11},{"damage":7,"enemies":"Looter","floor":12,"turns":2},{"damage":8,"enemies":"Gremlin Nob","floor":13,"turns":4},{"damage":4,"enemies":"Blue Slaver","floor":14,"turns":6},{"damage":59,"enemies":"Hexaghost","floor":16,"turns":11}],"seed_played":"3725307947452374593","potions_obtained":[{"floor":1,"key":"Dexterity Potion"},{"floor":2,"key":"Swift Potion"},{"floor":14,"key":"Fire Potion"}],"is_trial":false,"path_per_floor":["M","M","M","?","M","R","E","R","T","R","$","M","E","M","R","B"],"character_chosen":"IRONCLAD","items_purchased":[],"campfire_rested":1,"item_purchase_floors":[],"current_hp_per_floor":[74,72,75,75,63,63,19,41,41,41,41,40,52,57,57,0],"gold":180,"neow_bonus":"TRANSFORM_CARD","is_prod":false,"is_daily":false,"chose_seed":false,"campfire_upgraded":3,"win_rate":0,"timestamp":1541604291,"path_taken":["M","M","M","?","?","R","E","R","T","R","$","M","E","M","R","BOSS"],"build_version":"2018-10-30","purchased_purges":1,"victory":false,"max_hp_per_floor":[75,75,75,75,75,75,75,75,75,75,75,75,89,92,92,92],"card_choices":[{"not_picked":["Heavy Blade","Rage"],"picked":"Entrench","floor":1},{"not_picked":["Heavy Blade","Havoc"],"picked":"Armaments","floor":2},{"not_picked":["Sword Boomerang","Heavy Blade"],"picked":"Disarm","floor":3},{"not_picked":["Flex","Iron Wave"],"picked":"Warcry","floor":5},{"not_picked":["Armaments","Intimidate"],"picked":"Shockwave","floor":7},{"not_picked":["Havoc","Cleave"],"picked":"Ghostly Armor","floor":12},{"not_picked":["Hemokinesis","Flex"],"picked":"Feed","floor":13},{"not_picked":["Armaments","Heavy Blade"],"picked":"Iron Wave","floor":14}],"player_experience":927579,"relics_obtained":[{"floor":7,"key":"Incense Burner"},{"floor":9,"key":"Thread and Needle"},{"floor":13,"key":"Mango"}],"event_choices":[{"damage_healed":0,"gold_gain":0,"player_choice":"1 cards matched","damage_taken":0,"max_hp_gain":0,"max_hp_loss":0,"event_name":"Match and Keep!","floor":4,"gold_loss":0,"cards_obtained":["Body Slam"]}],"is_beta":true,"boss_relics":[],"items_purged_floors":[11],"is_endless":false,"potions_floor_spawned":[1,2,14],"killed_by":"Hexaghost","ascension_level":20}