{"gold_per_floor":[113,113,30,45,45,76,76,102,114,138,150,177,189,236,248,339,351,373,385,411,34,44,44,55,55,55,55,55,65,65,81,81,160,160,176,193,193,193,204,72,72,106,156,175,175,193,193,208,208,208],"floor_reached":50,"playtime":2961,"items_purged":["PiercingWail"],"score":981,"play_id":"0849c31a-e0e2-4a8f-b9c8-f03a59f2ac1a","local_time":"20181208134119","is_ascension_mode":true,"campfire_choices":[{"data":"Noxious Fumes","floor":7,"key":"SMITH"},{"data":"Sucker Punch","floor":13,"key":"SMITH"},{"floor":15,"key":"REST"},{"floor":23,"key":"REST"},{"data":"Leg Sweep","floor":25,"key":"SMITH"},{"floor":30,"key":"REST"},{"floor":32,"key":"REST"},{"data":"Burst","floor":41,"key":"SMITH"},{"floor":45,"key":"REST"},{"floor":47,"key":"REST"},{"floor":49,"key":"REST"}],"neow_cost":"NONE","seed_source_timestamp":1030126196734947,"circlet_count":0,"master_deck":["AscendersBane","Defend_G+1","Defend_G+1","Defend_G+1","Defend_G+1","Defend_G+1","Strike_G+1","Strike_G+1","Survivor","Neutralize+1","Dagger Spray","Crippling Poison","Noxious Fumes+1","Dagger Throw","Backstab","Escape Plan","Quick Slash","Sucker Punch+1","Die Die Die","Catalyst","Crippling Poison","Dodge and Roll","Dash","Tools of the Trade","Cloak And Dagger","Leg Sweep+1","Well Laid Plans","Tactician","Cloak And Dagger","Burst+1"],"relics":["Ring of the Snake","NeowsBlessing","Unceasing Top","Mango","MawBank","Prayer Wheel","Snake Skull","Empty Cage","ClockworkSouvenir","Oddly Smooth Stone","Ninja Scroll","Mummified Hand","WristBlade","Orichalcum","Dream Catcher"],"potions_floor_usage":[16,16,27,31,33,48,50,50],"damage_taken":[{"damage":0,"enemies":"Cultist","floor":1,"turns":1},{"damage":0,"enemies":"Small Slimes","floor":4,"turns":1},{"damage":0,"enemies":"Lagavulin","floor":6,"turns":1},{"damage":26,"enemies":"3 Sentries","floor":8,"turns":7},{"damage":0,"enemies":"2 Louse","floor":10,"turns":2},{"damage":4,"enemies":"Gremlin Gang","floor":12,"turns":5},{"damage":21,"enemies":"Gremlin Nob","floor":14,"turns":4},{"damage":16,"enemies":"The Guardian","floor":16,"turns":9},{"damage":18,"enemies":"Shell Parasite","floor":18,"turns":8},{"damage":24,"enemies":"2 Thieves","floor":20,"turns":5},{"damage":17,"enemies":"Snecko","floor":22,"turns":6},{"damage":1,"enemies":"Chosen and Byrds","floor":24,"turns":6},{"damage":7,"enemies":"Colosseum Slavers","floor":27,"turns":4},{"damage":10,"enemies":"Centurion and Healer","floor":29,"turns":6},{"damage":3,"enemies":"Shelled Parasite and Fungi","floor":31,"turns":7},{"damage":43,"enemies":"Collector","floor":33,"turns":9},{"damage":10,"enemies":"Orb Walker","floor":35,"turns":4},{"damage":25,"enemies":"3 Darklings","floor":36,"turns":7},{"damage":18,"enemies":"4 Shapes","floor":39,"turns":5},{"damage":45,"enemies":"Reptomancer","floor":42,"turns":10},{"damage":2,"enemies":"Writhing Mass","floor":44,"turns":8},{"damage":44,"enemies":"Maw","floor":46,"turns":9},{"damage":36,"enemies":"Transient","floor":48,"turns":6},{"damage":44,"enemies":"Time Eater","floor":50,"turns":12}],"seed_played":"-3902172502539374461","potions_obtained":[{"floor":1,"key":"FearPotion"},{"floor":8,"key":"Strength Potion"},{"floor":12,"key":"Swift Potion"},{"floor":14,"key":"LiquidBronze"},{"floor":20,"key":"AttackPotion"},{"floor":29,"key":"EssenceOfSteel"},{"floor":31,"key":"AttackPotion"},{"floor":33,"key":"Regen Potion"},{"floor":48,"key":"EssenceOfSteel"}],"is_trial":false,"path_per_floor":["M","?","$","M","?","E","R","E","T","M","?","M","R","E","R","B",null,"M","?","M","$","M","R","M","R","T","?","T","M","R","M","R","B",null,"M","M","$","?","M","$","R","E","T","M","R","M","R","M","R","B"],"character_chosen":"THE_SILENT","items_purchased":["Noxious Fumes","ClockworkSouvenir","Oddly Smooth Stone","Dexterity Potion"],"campfire_rested":7,"item_purchase_floors":[3,21,21,40],"current_hp_per_floor":[59,59,59,59,59,73,73,47,47,47,47,43,43,22,46,30,68,50,50,26,26,9,33,32,32,32,25,25,15,39,36,60,17,64,54,29,29,90,72,72,72,27,27,25,52,8,35,14,41,0],"gold":208,"neow_bonus":"THREE_ENEMY_KILL","is_prod":false,"is_daily":false,"chose_seed":false,"campfire_upgraded":4,"win_rate":0,"timestamp":1544305279,"path_taken":["M","?","?","M","?","E","R","E","T","?","?","?","R","E","R","BOSS","M","?","M","$","M","R","M","R","T","?","?","?","R","M","R","BOSS","M","M","$","?","?","$","R","E","T","M","R","M","R","M","R","BOSS"],"build_version":"2018-12-06","purchased_purges":1,"victory":false,"max_hp_per_floor":[66,66,66,66,66,80,80,80,80,80,80,80,80,80,80,80,80,80,80,80,80,80,80,80,80,80,80,80,80,80,80,80,80,80,80,80,80,90,90,90,90,90,90,90,90,90,90,90,90,90],"card_choices":[{"not_picked":["Acrobatics","Bane"],"picked":"Dagger Spray","floor":1},{"not_picked":["Acrobatics","Outmaneuver"],"picked":"PiercingWail","floor":4},{"not_picked":["Expertise","Phantasmal Killer"],"picked":"Dagger Throw","floor":6},{"not_picked":["Prepared","Quick Slash"],"picked":"Backstab","floor":8},{"not_picked":["Slice","Blade Dance"],"picked":"Escape Plan","floor":10},{"not_picked":["Underhanded Strike","Blade Dance"],"picked":"Quick Slash","floor":10},{"not_picked":["Slice","Flying Knee"],"picked":"Sucker Punch","floor":12},{"not_picked":["Prepared","Accuracy","Poisoned Stab"],"picked":"SKIP","floor":12},{"not_picked":["Dodge and Roll","Bane"],"picked":"Doppelganger","floor":14},{"not_picked":["Corpse Explosion","Night Terror"],"picked":"Die Die Die","floor":16},{"not_picked":["Outmaneuver","Backflip+1"],"picked":"Catalyst","floor":18},{"not_picked":["Sucker Punch","Terror"],"picked":"Crippling Poison","floor":18},{"not_picked":["Riddle With Holes","All Out Attack"],"picked":"Dodge and Roll","floor":20},{"not_picked":["Dagger Spray","Poisoned Stab","Outmaneuver"],"picked":"SKIP","floor":20},{"not_picked":["Catalyst","Slice"],"picked":"Dash","floor":22},{"not_picked":["Prepared","Flying Knee"],"picked":"Tools of the Trade","floor":22},{"not_picked":["Outmaneuver","A Thousand Cuts"],"picked":"Cloak And Dagger","floor":24},{"not_picked":["Crippling Poison","Distraction"],"picked":"Leg Sweep","floor":24},{"not_picked":["Crippling Poison","Acrobatics"],"picked":"Well Laid Plans","floor":29},{"not_picked":["Distraction","Flying Knee","Dagger Spray+1"],"picked":"SKIP","floor":29},{"not_picked":["Prepared","Heel Hook"],"picked":"Tactician","floor":31},{"not_picked":["Underhanded Strike+1","Distraction"],"picked":"Cloak And Dagger","floor":31},{"not_picked":["Glass Knife","Grand Finale"],"picked":"Burst","floor":33},{"not_picked":["Acrobatics","Dagger Throw","PiercingWail"],"picked":"SKIP","floor":35},{"not_picked":["Dagger Spray","Blade Dance+1","Masterful Stab+1"],"picked":"SKIP","floor":35},{"not_picked":["Deflect","Acrobatics+1","Quick Slash+1"],"picked":"SKIP","floor":36},{"not_picked":["Accuracy","Prepared","Slice"],"picked":"SKIP","floor":36},{"not_picked":["Setup","Bouncing Flask","Quick Slash+1"],"picked":"SKIP","floor":39},{"not_picked":["Wraith Form v2","Acrobatics+1","Bouncing Flask"],"picked":"SKIP","floor":39},{"not_picked":["Deflect","Dagger Spray","Escape Plan"],"picked":"SKIP","floor":42},{"not_picked":["Poisoned Stab","PiercingWail","Setup+1"],"picked":"SKIP","floor":44},{"not_picked":["Dagger Throw","Crippling Poison","Reflex+1"],"picked":"SKIP","floor":44},{"not_picked":["Bane","Heel Hook","Terror+1"],"picked":"SKIP","floor":46},{"not_picked":["Underhanded Strike+1","Calculated Gamble+1","Deflect+1"],"picked":"SKIP","floor":46},{"not_picked":["Underhanded Strike+1","Slice","Bullet Time"],"picked":"SKIP","floor":48},{"not_picked":["Deflect+1","Expertise","Cloak And Dagger"],"picked":"SKIP","floor":48}],"player_experience":963168,"relics_obtained":[{"floor":6,"key":"Mango"},{"floor":8,"key":"MawBank"},{"floor":9,"key":"Prayer Wheel"},{"floor":14,"key":"Snake Skull"},{"floor":26,"key":"Ninja Scroll"},{"floor":28,"key":"Mummified Hand"},{"floor":42,"key":"Orichalcum"},{"floor":43,"key":"Dream Catcher"}],"event_choices":[{"damage_healed":0,"gold_gain":0,"cards_transformed":["Strike_G"],"player_choice":"Transformed","damage_taken":0,"max_hp_gain":0,"max_hp_loss":0,"event_name":"Transmorgrifier","floor":2,"gold_loss":0,"cards_obtained":["Crippling Poison"]},{"damage_healed":0,"gold_gain":0,"player_choice":"Gave Potion","damage_taken":0,"relics_obtained":["Unceasing Top"],"max_hp_gain":0,"max_hp_loss":0,"event_name":"WeMeetAgain","floor":5,"gold_loss":0},{"damage_healed":0,"gold_gain":0,"player_choice":"Forge","damage_taken":0,"max_hp_gain":0,"max_hp_loss":0,"event_name":"Accursed Blacksmith","floor":11,"gold_loss":0,"cards_upgraded":["Neutralize"]},{"damage_healed":0,"gold_gain":0,"player_choice":"Simplicity","damage_taken":0,"max_hp_gain":0,"max_hp_loss":0,"event_name":"Back to Basics","floor":19,"gold_loss":0,"cards_upgraded":["Defend_G","Defend_G","Defend_G","Defend_G","Defend_G","Strike_G","Strike_G"]},{"damage_healed":0,"gold_gain":0,"player_choice":"Fight","damage_taken":0,"max_hp_gain":0,"max_hp_loss":0,"event_name":"Colosseum","floor":27,"gold_loss":0},{"damage_healed":0,"gold_gain":0,"player_choice":"Fled From Nobs","damage_taken":0,"max_hp_gain":0,"max_hp_loss":0,"event_name":"Colosseum","floor":27,"gold_loss":0},{"cards_removed":["Doppelganger"],"damage_healed":51,"gold_gain":0,"player_choice":"Offered Rare","damage_taken":0,"max_hp_gain":10,"max_hp_loss":0,"event_name":"Bonfire Elementals","floor":38,"gold_loss":0}],"is_beta":true,"boss_relics":[{"not_picked":["Black Star","White Beast Statue"],"picked":"Empty Cage"},{"not_picked":["Pandora\u0027s Box","Calling Bell"],"picked":"WristBlade"}],"items_purged_floors":[40],"is_endless":false,"potions_floor_spawned":[1,8,12,14,20,29,31,33,44,46,48],"killed_by":"Time Eater","ascension_level":17}