{"gold_per_floor":[116,27,47,47,99,137,149,177,189,218,241,286,373,409,421,508,520,552,564,589,613,636,648],"floor_reached":23,"playtime":1247,"items_purged":[],"score":422,"play_id":"9bd963a5-5c40-463d-90d2-6d95e9647d0d","local_time":"20181120160557","is_ascension_mode":true,"campfire_choices":[{"data":"Whirlwind","floor":7.0,"key":"SMITH"},{"floor":15.0,"key":"REST"}],"neow_cost":"NONE","seed_source_timestamp":424510520267831,"circlet_count":0,"master_deck":["AscendersBane","Strike_R","Strike_R","Strike_R+1","Defend_R","Defend_R","Defend_R","Defend_R","Bash+1","Armaments","Whirlwind+1","True Grit","Double Tap","Power Through","Thunderclap","Demon Form","Flame Barrier","Immolate","Pummel","Uppercut","Power Through+1","Sword Boomerang"],"special_seed":0,"relics":["Burning Blood","NeowsBlessing","MawBank","Anchor","Bottled Lightning","Orichalcum","Odd Mushroom","Empty Cage"],"potions_floor_usage":[22,23,23],"damage_taken":[{"damage":0.0,"enemies":"Cultist","floor":1.0,"turns":1.0},{"damage":0.0,"enemies":"Jaw Worm","floor":3.0,"turns":1.0},{"damage":0.0,"enemies":"3 Sentries","floor":6.0,"turns":1.0},{"damage":0.0,"enemies":"2 Louse","floor":8.0,"turns":1.0},{"damage":3.0,"enemies":"Lots of Slimes","floor":10.0,"turns":2.0},{"damage":3.0,"enemies":"Blue Slaver","floor":11.0,"turns":4.0},{"damage":36.0,"enemies":"Gremlin Nob","floor":12.0,"turns":5.0},{"damage":21.0,"enemies":"The Mushroom Lair","floor":14.0,"turns":3.0},{"damage":32.0,"enemies":"Slime Boss","floor":16.0,"turns":8.0},{"damage":19.0,"enemies":"Shell Parasite","floor":18.0,"turns":5.0},{"damage":26.0,"enemies":"Spheric Guardian","floor":20.0,"turns":5.0},{"damage":8.0,"enemies":"3 Cultists","floor":21.0,"turns":3.0},{"damage":7,"enemies":"Snecko","floor":22,"turns":7},{"damage":12,"enemies":"Book of Stabbing","floor":23,"turns":5}],"seed_played":"-509841950686700047","potions_obtained":[{"floor":8.0,"key":"Regen Potion"},{"floor":10.0,"key":"Weak Potion"},{"floor":14.0,"key":"Dexterity Potion"},{"floor":16.0,"key":"Weak Potion"},{"floor":22,"key":"Dexterity Potion"}],"is_trial":false,"path_per_floor":["M","$","M","?","T","E","R","M","T","M","M","E","?","?","R","B",null,"M","?","M","M","M","E"],"character_chosen":"IRONCLAD","items_purchased":["Whirlwind","True Grit"],"campfire_rested":1,"item_purchase_floors":[2,2],"current_hp_per_floor":[74,74,75,52,52,58,58,64,64,67,70,40,29,23,45,19,61,48,48,28,26,25,13],"gold":648,"neow_bonus":"THREE_ENEMY_KILL","is_prod":false,"is_daily":false,"chose_seed":false,"campfire_upgraded":1,"win_rate":0,"timestamp":1542758757,"path_taken":["M","$","M","?","?","E","R","M","T","?","M","E","?","?","R","BOSS","M","?","?","?","M","E"],"build_version":"2018-11-15","purchased_purges":0,"victory":false,"max_hp_per_floor":[75,75,75,75,75,75,75,75,75,75,75,75,75,75,75,75,75,75,75,75,75,75,75],"card_choices":[{"not_picked":["Anger","Body Slam"],"picked":"Armaments","floor":1.0},{"not_picked":["Havoc","Sentinel","Dropkick"],"picked":"SKIP","floor":3.0},{"not_picked":["Body Slam","Warcry"],"picked":"Double Tap","floor":6.0},{"not_picked":["Anger","Dropkick"],"picked":"Power Through","floor":8.0},{"not_picked":["Armaments","Anger","Wild Strike"],"picked":"SKIP","floor":10.0},{"not_picked":["Anger","Perfected Strike"],"picked":"Thunderclap","floor":11.0},{"not_picked":["Carnage","Clash"],"picked":"Demon Form","floor":12.0},{"not_picked":["Seeing Red","Havoc"],"picked":"Flame Barrier","floor":14.0},{"not_picked":["Limit Break","Bludgeon"],"picked":"Immolate","floor":16.0},{"not_picked":["Inflame","Clothesline"],"picked":"Pummel","floor":18.0},{"not_picked":["Flex","Cleave"],"picked":"Uppercut","floor":20.0},{"not_picked":["Headbutt","True Grit"],"picked":"Power Through+1","floor":21.0},{"not_picked":["Pummel+1","Sentinel"],"picked":"Sword Boomerang","floor":22}],"player_experience":1342505,"relics_obtained":[{"floor":5.0,"key":"MawBank"},{"floor":6.0,"key":"Anchor"},{"floor":9.0,"key":"Bottled Lightning"},{"floor":12.0,"key":"Orichalcum"},{"floor":14.0,"key":"Odd Mushroom"}],"event_choices":[{"damage_healed":0.0,"max_hp_gain":0.0,"max_hp_loss":0.0,"gold_gain":0.0,"event_name":"Shining Light","player_choice":"Entered Light","floor":4.0,"gold_loss":0.0,"damage_taken":23.0,"cards_upgraded":["Bash","Strike_R"]},{"damage_healed":0.0,"max_hp_gain":0.0,"max_hp_loss":0.0,"gold_gain":75.0,"event_name":"World of Goop","player_choice":"Gather Gold","floor":13.0,"gold_loss":0.0,"damage_taken":11.0},{"damage_healed":0.0,"max_hp_gain":0.0,"max_hp_loss":0.0,"gold_gain":0.0,"event_name":"Mushrooms","player_choice":"Fought Mushrooms","floor":14.0,"gold_loss":0.0,"damage_taken":0.0},{"damage_healed":0.0,"max_hp_gain":0.0,"max_hp_loss":0.0,"gold_gain":0.0,"event_name":"N\u0027loth","player_choice":"Ignored","floor":19.0,"gold_loss":0.0,"damage_taken":0.0}],"is_beta":false,"boss_relics":[{"not_picked":["Eternal Feather","Philosopher\u0027s Stone"],"picked":"Empty Cage"}],"items_purged_floors":[],"is_endless":false,"potions_floor_spawned":[8,10,11,14,16,18,21,22],"killed_by":"Book of Stabbing","ascension_level":17}