{"gold_per_floor":[10,10,10,26,41,76,94,121,121,131,131,150,183,133,133,230,230,219,231,591,118,128,128,153,163,163,183,24,24,44,55,55,152,152,167,182,193,209,29,29,29,29,54,67,98,98,128,128,128,128,128,128,3,30,30],"floor_reached":56,"playtime":2420,"items_purged":["Writhe","Injury","Strike_B"],"score":1347,"play_id":"66d66add-c59c-4ed8-825b-eef756b60f33","local_time":"20190203192613","is_ascension_mode":true,"campfire_choices":[{"data":"Chaos","floor":15,"key":"SMITH"},{"data":"Darkness","floor":23,"key":"SMITH"},{"data":"Darkness","floor":29,"key":"SMITH"},{"floor":32,"key":"REST"},{"floor":40,"key":"RECALL"},{"data":"Defragment","floor":42,"key":"SMITH"},{"floor":49,"key":"REST"},{"data":"Seek","floor":52,"key":"SMITH"}],"neow_cost":"NO_GOLD","seed_source_timestamp":460434777294034,"circlet_count":0,"master_deck":["Strike_B","Strike_B","Defend_B","Defend_B+1","Defend_B","Defend_B","Zap","Dualcast","Fission+1","Go for the Eyes","Cold Snap","Glacier","Darkness+1","Chaos+1","Core Surge","Echo Form","Clumsy","Darkness+1","Tempest+1","Electrodynamics","Static Discharge+1","Creative AI","BootSequence+1","Defragment+1","Seek+1","Creative AI"],"relics":["Cracked Core","FaceOfCleric","Boot","Mercury Hourglass","Sundial","Singing Bowl","Matryoshka","Calling Bell","Strawberry","Shuriken","Torii","Bottled Tornado","Bronze Scales","Mummified Hand","Bag of Marbles","Art of War","Busted Crown","Pen Nib","DataDisk","Vajra","Ornamental Fan"],"potions_floor_usage":[8,13,24,24,27,54,55,55],"damage_taken":[{"damage":0,"enemies":"2 Louse","floor":1,"turns":3},{"damage":1,"enemies":"Cultist","floor":4,"turns":3},{"damage":0,"enemies":"Small Slimes","floor":5,"turns":3},{"damage":1,"enemies":"3 Sentries","floor":6,"turns":8},{"damage":0,"enemies":"2 Fungi Beasts","floor":7,"turns":3},{"damage":10,"enemies":"Lagavulin","floor":8,"turns":5},{"damage":13,"enemies":"Gremlin Gang","floor":10,"turns":4},{"damage":1,"enemies":"Exordium Thugs","floor":12,"turns":5},{"damage":12,"enemies":"Gremlin Nob","floor":13,"turns":4},{"damage":8,"enemies":"Slime Boss","floor":16,"turns":8},{"damage":21,"enemies":"2 Thieves","floor":18,"turns":4},{"damage":0,"enemies":"Chosen","floor":19,"turns":5},{"damage":0,"enemies":"Snecko","floor":22,"turns":4},{"damage":1,"enemies":"Gremlin Leader","floor":24,"turns":6},{"damage":9,"enemies":"Centurion and Healer","floor":25,"turns":4},{"damage":0,"enemies":"Snake Plant","floor":27,"turns":3},{"damage":6,"enemies":"Snecko","floor":30,"turns":3},{"damage":0,"enemies":"Cultist and Chosen","floor":31,"turns":3},{"damage":50,"enemies":"Collector","floor":33,"turns":8},{"damage":8,"enemies":"3 Darklings","floor":35,"turns":4},{"damage":1,"enemies":"3 Shapes","floor":36,"turns":3},{"damage":27,"enemies":"Transient","floor":37,"turns":5},{"damage":1,"enemies":"Writhing Mass","floor":38,"turns":3},{"damage":19,"enemies":"Jaw Worm Horde","floor":44,"turns":4},{"damage":40,"enemies":"Reptomancer","floor":45,"turns":4},{"damage":7,"enemies":"Giant Head","floor":47,"turns":9},{"damage":34,"enemies":"Donu and Deca","floor":50,"turns":5},{"damage":40,"enemies":"Shield and Spear","floor":54,"turns":4},{"damage":88,"enemies":"The Heart","floor":55,"turns":6}],"seed_played":"7803889797866982967","potions_obtained":[{"floor":4,"key":"SpeedPotion"},{"floor":5,"key":"Poison Potion"},{"floor":8,"key":"PowerPotion"},{"floor":10,"key":"EssenceOfSteel"},{"floor":16,"key":"Weak Potion"},{"floor":24,"key":"SkillPotion"},{"floor":25,"key":"Energy Potion"},{"floor":27,"key":"Poison Potion"},{"floor":31,"key":"EssenceOfSteel"},{"floor":54,"key":"Fire Potion"}],"is_trial":false,"path_per_floor":["M","?","?","M","M","E","M","E","T","M","?","M","E","?","R","B",null,"M","M","?","$","M","R","E","M","T","M","$","R","M","M","R","B",null,"M","M","M","M","$","R","$","R","T","M","E","?","E","?","R","B",null,"R","$","E","B",null],"character_chosen":"DEFECT","items_purchased":["Bottled Tornado","Bronze Scales","Electrodynamics","Defragment"],"campfire_rested":2,"item_purchase_floors":[21,21,28,39],"current_hp_per_floor":[75,60,60,60,61,61,62,53,53,41,34,36,25,25,25,18,93,73,76,31,31,32,32,34,28,28,31,31,31,26,29,62,13,112,107,109,85,85,85,85,85,85,85,69,32,32,26,26,64,31,130,130,130,93,6],"gold":30,"neow_bonus":"THREE_RARE_CARDS","is_prod":false,"is_daily":false,"chose_seed":false,"campfire_upgraded":5,"win_rate":0,"timestamp":1549182373,"path_taken":["M","?","?","M","?","E","M","E","T","M","?","M","E","?","R","BOSS","M","M","?","$","M","R","E","M","T","M","$","R","M","M","R","BOSS","M","M","?","?","?","R","$","R","T","M","E","?","E","?","R","BOSS","R","$","E","BOSS"],"build_version":"2019-01-23","purchased_purges":3,"victory":true,"max_hp_per_floor":[75,75,75,76,77,78,79,80,80,81,81,84,85,85,85,86,93,94,97,97,97,98,98,101,104,104,107,107,107,108,111,111,112,112,115,118,121,122,122,122,122,122,122,125,128,128,129,129,129,130,130,130,130,133,134],"card_choices":[{"not_picked":["Amplify","Reboot"],"picked":"Fission","floor":0},{"not_picked":["Streamline","Sweeping Beam"],"picked":"Go for the Eyes","floor":1},{"not_picked":["Rebound","Heatsinks"],"picked":"Cold Snap","floor":4},{"not_picked":["Fusion","Barrage"],"picked":"Glacier","floor":5},{"not_picked":["Beam Cell","Conserve Battery","Rebound"],"picked":"SKIP","floor":6},{"not_picked":["Barrage","Fusion"],"picked":"Darkness","floor":7},{"not_picked":["Conserve Battery","Rebound","Melter"],"picked":"SKIP","floor":8},{"not_picked":["Sweeping Beam","Beam Cell"],"picked":"Chaos","floor":10},{"not_picked":["Sunder","Redo","Loop"],"picked":"Singing Bowl","floor":12},{"not_picked":["Force Field","Rebound"],"picked":"Core Surge","floor":13},{"not_picked":["Multi-Cast","Core Surge"],"picked":"Echo Form","floor":16},{"not_picked":["Reinforced Body+1","Capacitor"],"picked":"Darkness","floor":18},{"not_picked":["Rebound","Self Repair","Chill"],"picked":"Singing Bowl","floor":19},{"not_picked":["Barrage","Steam"],"picked":"Tempest+1","floor":22},{"not_picked":["Static Discharge","Go for the Eyes","Beam Cell"],"picked":"Singing Bowl","floor":24},{"not_picked":["Recycle","Auto Shields","Scrape"],"picked":"Singing Bowl","floor":25},{"not_picked":["Thunder Strike","Reprogram","Compile Driver"],"picked":"Singing Bowl","floor":27},{"not_picked":["Auto Shields","Redo"],"picked":"Static Discharge+1","floor":30},{"not_picked":["Streamline","Compile Driver+1","Barrage"],"picked":"Singing Bowl","floor":31},{"not_picked":["Amplify","Seek"],"picked":"Creative AI","floor":33},{"not_picked":["Compile Driver+1"],"picked":"Singing Bowl","floor":35},{"not_picked":["Beam Cell"],"picked":"Singing Bowl","floor":36},{"not_picked":["Gash"],"picked":"Singing Bowl","floor":37},{"not_picked":[],"picked":"BootSequence+1","floor":38},{"not_picked":["Sunder+1"],"picked":"Singing Bowl","floor":44},{"not_picked":["Stack"],"picked":"Singing Bowl","floor":45},{"not_picked":[],"picked":"Seek","floor":47},{"not_picked":["Chill"],"picked":"Singing Bowl","floor":54}],"player_experience":1235269,"relics_obtained":[{"floor":6,"key":"Boot"},{"floor":8,"key":"Mercury Hourglass"},{"floor":9,"key":"Sundial"},{"floor":13,"key":"Matryoshka"},{"floor":17,"key":"Strawberry"},{"floor":17,"key":"Shuriken"},{"floor":17,"key":"Torii"},{"floor":24,"key":"Mummified Hand"},{"floor":26,"key":"Bag of Marbles"},{"floor":26,"key":"Art of War"},{"floor":43,"key":"Pen Nib"},{"floor":45,"key":"DataDisk"},{"floor":47,"key":"Vajra"},{"floor":54,"key":"Ornamental Fan"}],"event_choices":[{"damage_healed":0,"gold_gain":0,"player_choice":"Entered Light","damage_taken":15,"max_hp_gain":0,"max_hp_loss":0,"event_name":"Shining Light","floor":2,"gold_loss":0,"cards_upgraded":["Fission","Defend_B"]},{"damage_healed":0,"gold_gain":0,"player_choice":"Trade","damage_taken":0,"relics_obtained":["FaceOfCleric"],"max_hp_gain":0,"max_hp_loss":0,"event_name":"FaceTrader","floor":3,"gold_loss":0},{"damage_healed":0,"gold_gain":0,"player_choice":"Success","damage_taken":7,"relics_obtained":["Singing Bowl"],"max_hp_gain":0,"max_hp_loss":0,"event_name":"Scrap Ooze","floor":11,"gold_loss":0},{"cards_removed":["Strike_B"],"damage_healed":0,"gold_gain":0,"player_choice":"Card Removal","damage_taken":0,"max_hp_gain":0,"max_hp_loss":0,"event_name":"The Cleric","floor":14,"gold_loss":50},{"damage_healed":0,"gold_gain":360,"player_choice":"GOLD GOLD GOLD GOLD ","damage_taken":45,"max_hp_gain":0,"max_hp_loss":0,"event_name":"Knowing Skull","floor":20,"potions_obtained":[],"gold_loss":0,"cards_obtained":[]},{"damage_healed":0,"gold_gain":0,"player_choice":"Ignored","damage_taken":0,"max_hp_gain":0,"max_hp_loss":0,"event_name":"Mysterious Sphere","floor":46,"gold_loss":0},{"damage_healed":0,"gold_gain":0,"player_choice":"Copied","damage_taken":0,"max_hp_gain":0,"max_hp_loss":0,"event_name":"Duplicator","floor":48,"gold_loss":0,"cards_obtained":["Creative AI"]}],"is_beta":true,"boss_relics":[{"not_picked":["Coffee Dripper","Philosopher\u0027s Stone"],"picked":"Calling Bell"},{"not_picked":["Velvet Choker","Lizard Tail"],"picked":"Busted Crown"}],"items_purged_floors":[21,39,53],"is_endless":false,"potions_floor_spawned":[4,5,8,10,16,19,24,25,27,31,37,44,54],"ascension_level":1}