{"gold_per_floor":[119,119,119,136,12,87,87,119,165,177,191,225,125,139,139,237,237,255,41,41,53,64,64,74,74,74,85,95,95,95,95,95,199,249,264,276,276,291,291,291,302,302,302,23,43,62,78,94,94,94],"floor_reached":50,"playtime":2218,"items_purged":["Strike_R","Strike_R","Pommel Strike"],"score":600,"play_id":"8031baab-04cb-4773-bcc3-d2fcecf96d56","local_time":"20190202115357","is_ascension_mode":true,"campfire_choices":[{"data":"Bash","floor":7,"key":"SMITH"},{"floor":15,"key":"REST"},{"data":"Rage","floor":23,"key":"SMITH"},{"data":"Juggernaut","floor":25,"key":"SMITH"},{"floor":30,"key":"REST"},{"floor":32,"key":"REST"},{"data":"Rampage","floor":40,"key":"SMITH"},{"floor":42,"key":"REST"},{"floor":49,"key":"REST"}],"neow_cost":"NONE","seed_source_timestamp":370240511222,"circlet_count":0,"master_deck":["Strike_R+1","Defend_R+1","Defend_R+1","Defend_R+1","Bash+1","Headbutt","Inflame","Shrug It Off+1","Rampage+1","Cleave","Rage+1","Juggernaut+1","Shockwave","Feed","Limit Break","Parasite"],"relics":["Burning Blood","Darkstone Periapt","Nunchaku","War Paint","Pantograph","Busted Crown","Oddly Smooth Stone","Anchor","Tiny House"],"potions_floor_usage":[14,14,27,33,33,33,33,34,41,47,48,48],"damage_taken":[{"damage":6,"enemies":"Jaw Worm","floor":1,"turns":5},{"damage":7,"enemies":"Small Slimes","floor":4,"turns":3},{"damage":32,"enemies":"Gremlin Nob","floor":8,"turns":4},{"damage":0,"enemies":"2 Louse","floor":10,"turns":3},{"damage":0,"enemies":"Blue Slaver","floor":11,"turns":4},{"damage":16,"enemies":"Lagavulin","floor":12,"turns":7},{"damage":2,"enemies":"Large Slime","floor":14,"turns":6},{"damage":35,"enemies":"Hexaghost","floor":16,"turns":9},{"damage":1,"enemies":"Shell Parasite","floor":18,"turns":5},{"damage":3,"enemies":"Chosen","floor":21,"turns":3},{"damage":30,"enemies":"Snake Plant","floor":22,"turns":4},{"damage":17,"enemies":"Centurion and Healer","floor":24,"turns":5},{"damage":15,"enemies":"Sentry and Sphere","floor":27,"turns":5},{"damage":12,"enemies":"Snake Plant","floor":28,"turns":4},{"damage":69,"enemies":"Automaton","floor":33,"turns":9},{"damage":3,"enemies":"Orb Walker","floor":35,"turns":4},{"damage":26,"enemies":"3 Darklings","floor":36,"turns":5},{"damage":28,"enemies":"Jaw Worm Horde","floor":38,"turns":5},{"damage":20,"enemies":"Transient","floor":41,"turns":5},{"damage":16,"enemies":"Writhing Mass","floor":45,"turns":8},{"damage":22,"enemies":"Jaw Worm Horde","floor":46,"turns":5},{"damage":24,"enemies":"4 Shapes","floor":47,"turns":6},{"damage":24,"enemies":"Writhing Mass","floor":48,"turns":6},{"damage":115,"enemies":"Donu and Deca","floor":50,"turns":6}],"seed_played":"2889999949126202174","potions_obtained":[{"floor":8,"key":"LiquidBronze"},{"floor":12,"key":"Explosive Potion"},{"floor":14,"key":"Fruit Juice"},{"floor":21,"key":"Fire Potion"},{"floor":24,"key":"Ancient Potion"},{"floor":27,"key":"Poison Potion"},{"floor":33,"key":"Fruit Juice"},{"floor":34,"key":"Fruit Juice"},{"floor":35,"key":"PowerPotion"},{"floor":38,"key":"AttackPotion"},{"floor":46,"key":"Swift Potion"},{"floor":47,"key":"BloodPotion"}],"is_trial":false,"path_per_floor":["M","?","?","M","$","?","R","E","T","M","M","E","$","M","R","B",null,"M","$","?","M","M","R","M","R","T","M","M","?","R","?","R","B",null,"M","M","?","M","?","R","M","R","T","$","M","M","M","M","R","B"],"character_chosen":"IRONCLAD","items_purchased":["Shrug It Off","Oddly Smooth Stone","Shockwave","Limit Break"],"campfire_rested":5,"item_purchase_floors":[5,19,19,44],"current_hp_per_floor":[80,64,52,51,51,40,40,14,14,20,26,16,16,25,50,46,85,85,85,85,85,61,61,50,50,50,41,35,19,46,46,73,32,105,105,85,85,66,66,66,52,84,84,84,80,67,49,42,77,0],"gold":94,"neow_bonus":"REMOVE_CARD","is_prod":false,"is_daily":false,"chose_seed":false,"campfire_upgraded":4,"win_rate":0,"timestamp":1549076037,"path_taken":["M","?","?","M","$","?","R","E","T","M","M","E","?","M","R","BOSS","M","$","?","M","?","R","M","R","T","M","M","?","R","?","R","BOSS","M","M","?","?","?","R","M","R","T","$","M","M","M","M","R","BOSS"],"build_version":"2019-01-23","purchased_purges":3,"victory":false,"max_hp_per_floor":[80,80,80,80,80,80,80,80,80,80,80,80,80,85,85,85,85,85,85,85,85,85,85,85,85,85,85,85,90,90,90,90,95,105,105,105,105,108,108,108,108,108,108,108,114,117,117,117,117,117],"card_choices":[{"not_picked":["Warcry","Sever Soul"],"picked":"Headbutt","floor":1},{"not_picked":["Bloodletting","Clothesline"],"picked":"Inflame","floor":4},{"not_picked":["Battle Trance","Flex"],"picked":"Rampage","floor":8},{"not_picked":["Iron Wave","True Grit"],"picked":"Evolve","floor":10},{"not_picked":["Pummel","Twin Strike"],"picked":"Cleave","floor":11},{"not_picked":["Uppercut","Pommel Strike","Heavy Blade"],"picked":"SKIP","floor":12},{"not_picked":["Clothesline","True Grit"],"picked":"Rage","floor":14},{"not_picked":["Exhume","Limit Break"],"picked":"Juggernaut","floor":16},{"not_picked":["Clash"],"picked":"SKIP","floor":18},{"not_picked":["Perfected Strike"],"picked":"SKIP","floor":21},{"not_picked":["Bloodletting"],"picked":"SKIP","floor":22},{"not_picked":["Sentinel"],"picked":"SKIP","floor":24},{"not_picked":["Cleave"],"picked":"SKIP","floor":27},{"not_picked":["Pummel+1"],"picked":"SKIP","floor":28},{"not_picked":["Anger+1"],"picked":"SKIP","floor":35},{"not_picked":["Infernal Blade"],"picked":"SKIP","floor":36},{"not_picked":["Perfected Strike"],"picked":"SKIP","floor":38},{"not_picked":["Heavy Blade"],"picked":"SKIP","floor":41},{"not_picked":["Reckless Charge"],"picked":"SKIP","floor":45},{"not_picked":["True Grit"],"picked":"SKIP","floor":46},{"not_picked":["Heavy Blade"],"picked":"SKIP","floor":47},{"not_picked":["Whirlwind"],"picked":"SKIP","floor":48}],"player_experience":777165,"relics_obtained":[{"floor":8,"key":"Nunchaku"},{"floor":9,"key":"War Paint"},{"floor":12,"key":"Pantograph"},{"floor":26,"key":"Anchor"}],"event_choices":[{"damage_healed":0,"gold_gain":0,"player_choice":"Entered Light","damage_taken":16,"max_hp_gain":0,"max_hp_loss":0,"event_name":"Shining Light","floor":2,"gold_loss":0,"cards_upgraded":["Defend_R","Strike_R"]},{"damage_healed":0,"gold_gain":0,"player_choice":"Success","damage_taken":12,"relics_obtained":["Darkstone Periapt"],"max_hp_gain":0,"max_hp_loss":0,"event_name":"Scrap Ooze","floor":3,"gold_loss":0},{"damage_healed":0,"gold_gain":75,"player_choice":"Gather Gold","damage_taken":11,"max_hp_gain":0,"max_hp_loss":0,"event_name":"World of Goop","floor":6,"gold_loss":0},{"damage_healed":0,"gold_gain":0,"player_choice":"Ignored","damage_taken":0,"max_hp_gain":0,"max_hp_loss":0,"event_name":"N\u0027loth","floor":20,"gold_loss":0},{"damage_healed":0,"gold_gain":0,"player_choice":"Shed Blood","damage_taken":21,"max_hp_gain":5,"max_hp_loss":0,"event_name":"Forgotten Altar","floor":29,"gold_loss":0},{"damage_healed":0,"gold_gain":0,"cards_transformed":["Strike_R","Defend_R"],"player_choice":"Became Test Subject","damage_taken":0,"max_hp_gain":0,"max_hp_loss":0,"event_name":"Drug Dealer","floor":31,"gold_loss":0,"cards_obtained":["Feed","Pommel Strike"]},{"damage_healed":0,"gold_gain":0,"player_choice":"Ignored","damage_taken":0,"max_hp_gain":0,"max_hp_loss":0,"event_name":"SecretPortal","floor":37,"gold_loss":0},{"cards_removed":["Evolve"],"damage_healed":0,"gold_gain":0,"player_choice":"Removed Power","damage_taken":0,"max_hp_gain":0,"max_hp_loss":0,"event_name":"Falling","floor":39,"gold_loss":0}],"is_beta":false,"boss_relics":[{"not_picked":["Mark of Pain","Runic Dome"],"picked":"Busted Crown"},{"not_picked":["White Beast Statue","Philosopher\u0027s Stone"],"picked":"Tiny House"}],"items_purged_floors":[5,13,44],"is_endless":false,"potions_floor_spawned":[8,12,14,21,24,27,33,35,38,46,47],"killed_by":"Donu and Deca","ascension_level":4}