{"gold_per_floor":[14,189,201,212,137,137,157,57,57,9,9,44,103,130,130,233,283,299,310,321,2,21,21],"floor_reached":23,"playtime":1506,"items_purged":["Doubt","Strike_B"],"score":211,"play_id":"3a54f31a-e6a2-4920-a2a4-c9977bf6a810","local_time":"20181116183448","is_ascension_mode":true,"campfire_choices":[{"floor":6,"key":"RECALL"},{"data":"Zap","floor":11,"key":"SMITH"},{"data":"Dualcast","floor":15,"key":"SMITH"}],"neow_cost":"NO_GOLD","seed_source_timestamp":54068044965075,"circlet_count":0,"master_deck":["Strike_B","Strike_B","Strike_B","Defend_B","Defend_B","Defend_B","Defend_B","Zap+1","Dualcast+1","Conserve Battery","Doom and Gloom","Cold Snap","Conserve Battery","Compile Driver","Tempest","Capacitor+1","Electrodynamics","Hologram","Skim+1","Barrage","Deep Breath","Self Repair","Multi-Cast"],"relics":["Cracked Core","Ice Cream","Omamori","PreservedInsect","Symbiotic Virus","Tiny House","Chemical X"],"potions_floor_usage":[12,18,20,20,23,23],"damage_taken":[{"damage":1,"enemies":"Cultist","floor":1,"turns":3},{"damage":6,"enemies":"Jaw Worm","floor":3,"turns":3},{"damage":1,"enemies":"2 Louse","floor":4,"turns":2},{"damage":5,"enemies":"Blue Slaver","floor":7,"turns":3},{"damage":6,"enemies":"3 Sentries","floor":12,"turns":5},{"damage":8,"enemies":"Lagavulin Event","floor":13,"turns":5},{"damage":13,"enemies":"Gremlin Nob","floor":14,"turns":3},{"damage":12,"enemies":"The Guardian","floor":16,"turns":7},{"damage":24,"enemies":"2 Thieves","floor":18,"turns":4},{"damage":3,"enemies":"Chosen","floor":19,"turns":4},{"damage":14,"enemies":"Centurion and Healer","floor":20,"turns":5},{"damage":16,"enemies":"Sentry and Sphere","floor":22,"turns":5},{"damage":32,"enemies":"Slavers","floor":23,"turns":1}],"seed_played":"-6538187574961416317","potions_obtained":[{"floor":1,"key":"Regen Potion"},{"floor":3,"key":"Ancient Potion"},{"floor":7,"key":"FairyPotion"},{"floor":16,"key":"Strength Potion"},{"floor":17,"key":"SpeedPotion"},{"floor":18,"key":"SkillPotion"},{"floor":19,"key":"AttackPotion"},{"floor":22,"key":"LiquidBronze"}],"is_trial":false,"path_per_floor":["M","?","M","M","$","R","M","$","T","$","R","E","?","E","R","B",null,"M","M","M","$","M","E"],"character_chosen":"DEFECT","items_purchased":["Conserve Battery","Chemical X","Deep Breath","Self Repair"],"campfire_rested":0,"item_purchase_floors":[10,21,21,21],"current_hp_per_floor":[74,74,68,67,67,67,62,62,62,62,62,70,62,49,49,37,80,56,53,39,39,30,0],"gold":21,"neow_bonus":"ONE_RARE_RELIC","is_prod":false,"is_daily":false,"chose_seed":false,"campfire_upgraded":2,"win_rate":0,"timestamp":1542353688,"path_taken":["M","?","M","M","$","R","M","$","T","?","R","E","?","E","R","BOSS","M","M","M","$","M","E"],"build_version":"2018-11-15","purchased_purges":2,"victory":false,"max_hp_per_floor":[75,75,75,75,75,75,75,75,75,75,75,75,75,75,75,75,80,80,80,80,80,80,80],"card_choices":[{"not_picked":["Doom and Gloom","Genetic Algorithm"],"picked":"Conserve Battery","floor":1},{"not_picked":["Rebound","Compile Driver"],"picked":"Doom and Gloom","floor":3},{"not_picked":["Storm","Self Repair"],"picked":"Cold Snap","floor":4},{"not_picked":["Steam","Gash","Auto Shields"],"picked":"SKIP","floor":7},{"not_picked":["Heatsinks","Aggregate"],"picked":"Compile Driver","floor":12},{"not_picked":["Compile Driver","Scrape"],"picked":"Tempest","floor":13},{"not_picked":["All For One","Sweeping Beam"],"picked":"Capacitor","floor":14},{"not_picked":["Machine Learning","Buffer"],"picked":"Electrodynamics","floor":16},{"not_picked":["Beam Cell","Streamline"],"picked":"Hologram","floor":17},{"not_picked":["BootSequence","FTL"],"picked":"Skim+1","floor":18},{"not_picked":["Sweeping Beam","Compile Driver","Hologram"],"picked":"SKIP","floor":19},{"not_picked":["Consume","Turbo"],"picked":"Barrage","floor":20},{"not_picked":["Hello World","Streamline"],"picked":"Multi-Cast","floor":22}],"player_experience":828789,"relics_obtained":[{"floor":12,"key":"Omamori"},{"floor":14,"key":"Symbiotic Virus"}],"event_choices":[{"damage_healed":0,"gold_gain":175,"player_choice":"AGREE","damage_taken":0,"max_hp_gain":0,"max_hp_loss":0,"event_name":"Liars Game","floor":2,"gold_loss":0,"cards_obtained":["Doubt"]},{"damage_healed":0,"gold_gain":0,"player_choice":"Searched \u00272\u0027 times","damage_taken":0,"relics_obtained":["PreservedInsect"],"max_hp_gain":0,"max_hp_loss":0,"event_name":"Dead Adventurer","floor":13,"gold_loss":0}],"is_beta":true,"boss_relics":[{"not_picked":["Busted Crown","White Beast Statue"],"picked":"Tiny House"}],"items_purged_floors":[5,8],"is_endless":false,"potions_floor_spawned":[1,3,7,16,18,19,22],"killed_by":"Slavers","ascension_level":1}