{"gold_per_floor":[112,128,143,68,68,68,100,113,164,177,177,192,248,265,265,265],"floor_reached":16,"playtime":672,"items_purged":[],"score":228,"play_id":"c8a01088-be0b-4818-8d6c-2e535bc59c0e","local_time":"20181105024811","is_ascension_mode":true,"campfire_choices":[{"data":"Thinking Ahead","floor":6,"key":"SMITH"},{"floor":11,"key":"REST"},{"floor":15,"key":"REST"}],"neow_cost":"TEN_PERCENT_HP_LOSS","seed_source_timestamp":641746890998215,"circlet_count":0,"master_deck":["Strike_R","Strike_R","Strike_R","Strike_R","Defend_R","Defend_R","Defend_R","Bash","AscendersBane","Good Instincts","Thinking Ahead+1","Clothesline","Pommel Strike","Disarm","Juggernaut","Rampage","Thunderclap","Whirlwind","Pommel Strike"],"relics":["Burning Blood","Kunai","Bag of Marbles","Tiny Chest"],"potions_floor_usage":[13,16,16],"damage_taken":[{"damage":6,"enemies":"Jaw Worm","floor":1,"turns":7},{"damage":4,"enemies":"Cultist","floor":2,"turns":4},{"damage":1,"enemies":"Small Slimes","floor":3,"turns":4},{"damage":31,"enemies":"Lagavulin","floor":7,"turns":9},{"damage":18,"enemies":"Exordium Wildlife","floor":8,"turns":5},{"damage":17,"enemies":"Large Slime","floor":10,"turns":6},{"damage":8,"enemies":"Looter","floor":12,"turns":3},{"damage":14,"enemies":"Gremlin Nob","floor":13,"turns":4},{"damage":17,"enemies":"Lots of Slimes","floor":14,"turns":3},{"damage":39,"enemies":"Slime Boss","floor":16,"turns":10}],"seed_played":"986433504474702724","potions_obtained":[{"floor":7,"key":"Ancient Potion"},{"floor":8,"key":"GamblersBrew"},{"floor":13,"key":"LiquidBronze"},{"floor":14,"key":"Weak Potion"}],"is_trial":false,"path_per_floor":["M","M","M","?","?","R","E","M","T","M","R","M","E","M","R","B"],"character_chosen":"IRONCLAD","items_purchased":[],"campfire_rested":2,"item_purchase_floors":[],"current_hp_per_floor":[68,68,68,68,68,68,43,31,31,20,40,38,30,19,39,0],"gold":265,"neow_bonus":"RANDOM_COLORLESS_2","is_prod":false,"is_daily":false,"chose_seed":false,"campfire_upgraded":1,"win_rate":0,"timestamp":1541404091,"path_taken":["M","M","M","?","?","R","E","M","T","M","R","?","E","M","R","BOSS"],"build_version":"2018-10-30","purchased_purges":0,"victory":false,"max_hp_per_floor":[68,68,68,68,68,68,68,68,68,68,68,68,68,68,68,68],"card_choices":[{"not_picked":["Sword Boomerang","Dropkick"],"picked":"Clothesline","floor":1},{"not_picked":["Fire Breathing","Sword Boomerang"],"picked":"Pommel Strike","floor":2},{"not_picked":["Twin Strike","Sever Soul"],"picked":"Disarm","floor":3},{"not_picked":["Clothesline","Wild Strike"],"picked":"Juggernaut","floor":7},{"not_picked":["Second Wind","Burning Pact"],"picked":"Rampage","floor":8},{"not_picked":["Evolve","Iron Wave"],"picked":"Thunderclap","floor":10},{"not_picked":["Thunderclap","Second Wind","Anger"],"picked":"SKIP","floor":12},{"not_picked":["Sword Boomerang","Iron Wave"],"picked":"Whirlwind","floor":13},{"not_picked":["Anger","Cleave"],"picked":"Pommel Strike","floor":14}],"player_experience":919878,"relics_obtained":[{"floor":7,"key":"Kunai"},{"floor":9,"key":"Bag of Marbles"},{"floor":13,"key":"Tiny Chest"}],"event_choices":[{"cards_removed":["Strike_R"],"damage_healed":0,"gold_gain":0,"player_choice":"Card Removal","damage_taken":0,"max_hp_gain":0,"max_hp_loss":0,"event_name":"The Cleric","floor":4,"gold_loss":75},{"cards_removed":["Defend_R"],"damage_healed":0,"gold_gain":0,"player_choice":"Purged","damage_taken":0,"max_hp_gain":0,"max_hp_loss":0,"event_name":"Purifier","floor":5,"gold_loss":0}],"is_beta":true,"boss_relics":[],"items_purged_floors":[],"is_endless":false,"potions_floor_spawned":[7,8,13,14],"killed_by":"Slime Boss","ascension_level":20}