{"gold_per_floor":[113,188,234,253,39,64,14,41,41,57,57,82,82,142,142,244,244,244,244,244,244,49,49,49,49,49,49,49,49,49,49,49,49,49,49,49,49,49,49,49,49,49,49,49,49,49,49,49,49,49],"floor_reached":51,"playtime":2325,"items_purged":[],"score":855,"play_id":"0001c61e-ed5a-4bd5-812a-93965c96775b","local_time":"20190109122216","is_ascension_mode":true,"campfire_choices":[{"data":"Zap","floor":11,"key":"SMITH"},{"data":"Dualcast","floor":13,"key":"SMITH"},{"data":"Go for the Eyes","floor":15,"key":"SMITH"},{"data":"Mayhem","floor":23,"key":"SMITH"},{"data":"White Noise","floor":27,"key":"SMITH"},{"floor":32,"key":"REST"},{"data":"1","floor":46,"key":"LIFT"},{"data":"2","floor":49,"key":"LIFT"}],"neow_cost":"NONE","seed_source_timestamp":104423146844656,"circlet_count":0,"master_deck":["Strike_B","Strike_B","Strike_B","Strike_B","Defend_B","Defend_B","Defend_B","Zap+1","Dualcast+1","White Noise+1","Glacier","Go for the Eyes+1","Panache","Steam","Conserve Battery","Skim","Go for the Eyes","Electrodynamics","FTL+1","White Noise","Scrape+1","Mayhem+1","Defragment+1","Deep Breath","Enlightenment","Blind","Finesse","Swift Strike","Swift Strike","Panacea","Shame","Beam Cell+1","Steam Power+1","Steam Power+1","Reboot","Steam+1","Sweeping Beam+1","Beam Cell+1"],"relics":["Cracked Core","NeowsBlessing","Juzu Bracelet","Pantograph","Meat on the Bone","Art of War","Happy Flower","Bottled Tornado","Orichalcum","Ectoplasm","Symbiotic Virus","Oddly Smooth Stone","Strawberry","Black Star","Shovel","Girya","Torii","Mercury Hourglass","Letter Opener","Singing Bowl"],"potions_floor_usage":[8,14,24,24,33,36,40,40,42,50,50,50,50,50],"damage_taken":[{"damage":0,"enemies":"Jaw Worm","floor":1,"turns":1},{"damage":0,"enemies":"Cultist","floor":4,"turns":1},{"damage":0,"enemies":"3 Sentries","floor":6,"turns":1},{"damage":21,"enemies":"Gremlin Nob","floor":8,"turns":6},{"damage":0,"enemies":"2 Louse","floor":10,"turns":3},{"damage":0,"enemies":"3 Sentries","floor":12,"turns":6},{"damage":5,"enemies":"Gremlin Nob","floor":14,"turns":3},{"damage":4,"enemies":"Slime Boss","floor":16,"turns":8},{"damage":0,"enemies":"3 Byrds","floor":18,"turns":4},{"damage":0,"enemies":"Shell Parasite","floor":19,"turns":6},{"damage":10,"enemies":"Snake Plant","floor":21,"turns":3},{"damage":3,"enemies":"Slavers","floor":24,"turns":2},{"damage":4,"enemies":"Cultist and Chosen","floor":25,"turns":4},{"damage":37,"enemies":"Collector","floor":33,"turns":7},{"damage":1,"enemies":"Orb Walker","floor":35,"turns":2},{"damage":0,"enemies":"3 Shapes","floor":36,"turns":1},{"damage":28,"enemies":"Mind Bloom Boss Battle","floor":37,"turns":6},{"damage":0,"enemies":"Transient","floor":38,"turns":5},{"damage":4,"enemies":"Sphere and 2 Shapes","floor":39,"turns":3},{"damage":30,"enemies":"Nemesis","floor":40,"turns":5},{"damage":1,"enemies":"Maw","floor":41,"turns":6},{"damage":8,"enemies":"Giant Head","floor":42,"turns":7},{"damage":0,"enemies":"Transient","floor":45,"turns":5},{"damage":7,"enemies":"Spire Growth","floor":48,"turns":3},{"damage":50,"enemies":"Time Eater","floor":50,"turns":9}],"seed_played":"-5685171390791653625","potions_obtained":[{"floor":1,"key":"FocusPotion"},{"floor":4,"key":"SpeedPotion"},{"floor":12,"key":"SmokeBomb"},{"floor":18,"key":"Explosive Potion"},{"floor":21,"key":"Fire Potion"},{"floor":24,"key":"Poison Potion"},{"floor":37,"key":"EntropicBrew"},{"floor":40,"key":"AttackPotion"},{"floor":42,"key":"LiquidBronze"},{"floor":45,"key":"EntropicBrew"},{"floor":48,"key":"Strength Potion"}],"is_trial":false,"path_per_floor":["M","?","T","M","$","E","?","E","T","M","R","E","R","?","R","B",null,"M","M","?","M","$","R","E","M","T","R","?","?","?","?","R","B",null,"M","M","?","M","M","E","M","E","T","?","M","R","$","M","R","B",null],"character_chosen":"DEFECT","items_purchased":["Go for the Eyes","Panache","Mayhem"],"campfire_rested":1,"item_purchase_floors":[5,5,22],"current_hp_per_floor":[75,64,64,64,64,64,64,43,43,43,43,43,43,38,38,59,75,75,75,75,65,65,65,62,58,58,58,58,58,9,16,40,40,82,81,81,54,54,50,32,43,47,47,47,47,47,47,54,54,41],"gold":49,"neow_bonus":"THREE_ENEMY_KILL","is_prod":false,"is_daily":false,"chose_seed":false,"campfire_upgraded":5,"win_rate":0,"timestamp":1546996936,"path_taken":["M","?","?","M","$","E","?","E","T","M","R","E","R","?","R","BOSS","M","M","?","M","$","R","E","M","T","R","?","?","?","?","R","BOSS","M","M","?","M","M","E","M","E","T","?","M","R","?","M","R","BOSS"],"build_version":"2018-11-15","purchased_purges":0,"victory":true,"max_hp_per_floor":[75,75,75,75,75,75,75,75,75,75,75,75,75,75,75,75,75,75,75,75,75,75,75,75,75,75,75,75,75,75,82,82,82,82,82,82,82,82,82,82,82,82,82,82,82,82,82,84,84,84],"card_choices":[{"not_picked":["Melter","Compile Driver"],"picked":"White Noise","floor":1},{"not_picked":["Reinforced Body","Sweeping Beam"],"picked":"Glacier","floor":4},{"not_picked":["Consume","Ball Lightning"],"picked":"Steam","floor":6},{"not_picked":["Skim","Recycle","Ball Lightning"],"picked":"SKIP","floor":8},{"not_picked":["Ball Lightning","Rip and Tear"],"picked":"Conserve Battery","floor":10},{"not_picked":["Hyperbeam","Leap"],"picked":"Skim","floor":12},{"not_picked":["Double Energy","Hologram"],"picked":"Go for the Eyes","floor":14},{"not_picked":["Buffer","Fission"],"picked":"Electrodynamics","floor":16},{"not_picked":["Ball Lightning","Stack","Redo"],"picked":"SKIP","floor":18},{"not_picked":["Go for the Eyes+1","Steam"],"picked":"FTL+1","floor":19},{"not_picked":["Beam Cell","Go for the Eyes"],"picked":"Scrape+1","floor":21},{"not_picked":["Echo Form","Darkness"],"picked":"Defragment+1","floor":24},{"not_picked":["Stack","Cold Snap+1","Rebound+1"],"picked":"SKIP","floor":25},{"not_picked":["Stack+1","Redo"],"picked":"Beam Cell+1","floor":35},{"not_picked":["Cold Snap+1","Compile Driver"],"picked":"Steam Power+1","floor":38},{"not_picked":["Streamline+1","Barrage+1"],"picked":"Steam Power+1","floor":39},{"not_picked":["Reprogram","Hologram+1"],"picked":"Reboot","floor":40},{"not_picked":["Darkness","Force Field+1"],"picked":"Steam+1","floor":41},{"not_picked":["Chill","Hologram"],"picked":"Sweeping Beam+1","floor":42},{"not_picked":["Go for the Eyes","Rebound+1"],"picked":"Beam Cell+1","floor":45},{"not_picked":["Stack","Coolheaded","Reinforced Body+1"],"picked":"Singing Bowl","floor":48}],"player_experience":1058590,"relics_obtained":[{"floor":3,"key":"Juzu Bracelet"},{"floor":6,"key":"Pantograph"},{"floor":8,"key":"Art of War"},{"floor":9,"key":"Happy Flower"},{"floor":12,"key":"Bottled Tornado"},{"floor":14,"key":"Orichalcum"},{"floor":24,"key":"Symbiotic Virus"},{"floor":26,"key":"Oddly Smooth Stone"},{"floor":37,"key":"Shovel"},{"floor":40,"key":"Girya"},{"floor":40,"key":"Torii"},{"floor":42,"key":"Mercury Hourglass"},{"floor":42,"key":"Letter Opener"},{"floor":43,"key":"Singing Bowl"}],"event_choices":[{"damage_healed":0,"gold_gain":75,"player_choice":"Gather Gold","damage_taken":11,"max_hp_gain":0,"max_hp_loss":0,"event_name":"World of Goop","floor":2,"gold_loss":0},{"damage_healed":0,"gold_gain":0,"player_choice":"Paid Gold","damage_taken":0,"relics_obtained":["Meat on the Bone"],"max_hp_gain":0,"max_hp_loss":0,"event_name":"WeMeetAgain","floor":7,"gold_loss":50},{"damage_healed":0,"gold_gain":0,"player_choice":"Searched \u00271\u0027 times","damage_taken":0,"max_hp_gain":0,"max_hp_loss":0,"event_name":"Dead Adventurer","floor":14,"gold_loss":0},{"damage_healed":0,"gold_gain":0,"player_choice":"Read","damage_taken":0,"max_hp_gain":0,"max_hp_loss":0,"event_name":"The Library","floor":20,"gold_loss":0,"cards_obtained":["White Noise"]},{"damage_healed":0,"gold_gain":0,"player_choice":"Ignored","damage_taken":0,"max_hp_gain":0,"max_hp_loss":0,"event_name":"Beggar","floor":28,"gold_loss":0},{"damage_healed":0,"gold_gain":0,"player_choice":"1 cards matched","damage_taken":0,"max_hp_gain":0,"max_hp_loss":0,"event_name":"Match and Keep!","floor":29,"gold_loss":0,"cards_obtained":["Deep Breath"]},{"damage_healed":0,"gold_gain":0,"player_choice":"CARD CARD CARD CARD CARD CARD ","damage_taken":49,"max_hp_gain":0,"max_hp_loss":0,"event_name":"Knowing Skull","floor":30,"potions_obtained":[],"gold_loss":0,"cards_obtained":["Enlightenment","Blind","Finesse","Swift Strike","Swift Strike","Panacea"]},{"damage_healed":0,"gold_gain":0,"player_choice":"Stole Relic","damage_taken":0,"relics_obtained":["Strawberry"],"max_hp_gain":0,"max_hp_loss":0,"event_name":"Addict","floor":31,"gold_loss":0,"cards_obtained":["Shame"]},{"damage_healed":0,"gold_gain":0,"player_choice":"Fight","damage_taken":0,"max_hp_gain":0,"max_hp_loss":0,"event_name":"MindBloom","floor":37,"gold_loss":0},{"cards_removed":["Defend_B"],"damage_healed":0,"gold_gain":0,"player_choice":"Removed Skill","damage_taken":0,"max_hp_gain":0,"max_hp_loss":0,"event_name":"Falling","floor":44,"gold_loss":0}],"is_beta":true,"boss_relics":[{"not_picked":["Snecko Eye","White Beast Statue"],"picked":"Ectoplasm"},{"not_picked":["Inserter","Coffee Dripper"],"picked":"Black Star"}],"items_purged_floors":[],"is_endless":false,"potions_floor_spawned":[1,4,12,18,21,24,37,40,42,45,48],"ascension_level":1}