{"gold_per_floor":[11,30,30,49,68,103,103,130,130,130,130,147,42,57,57,57],"floor_reached":16,"playtime":669,"items_purged":["Strike_G"],"score":218,"play_id":"674cbc5e-e462-4bcf-8c6a-4bc919c2afee","local_time":"20190126094827","is_ascension_mode":true,"campfire_choices":[{"data":"Envenom","floor":7,"key":"SMITH"},{"data":"Neutralize","floor":10,"key":"SMITH"},{"data":"1","floor":15,"key":"LIFT"}],"neow_cost":"NO_GOLD","seed_source_timestamp":21987777173443,"circlet_count":0,"master_deck":["AscendersBane","Defend_G","Defend_G","Defend_G","Defend_G","Strike_G","Strike_G","Strike_G","Survivor","Neutralize+1","Catalyst","Envenom+1","Quick Slash","Escape Plan","Flying Knee","Dagger Spray","Choke","Caltrops","Skewer","Cloak And Dagger","Cloak And Dagger","Dodge and Roll"],"relics":["Ring of the Snake","Strawberry","Girya","Prayer Wheel"],"potions_floor_usage":[6,12,16,16],"damage_taken":[{"damage":3,"enemies":"2 Louse","floor":1,"turns":4},{"damage":0,"enemies":"Cultist","floor":2,"turns":4},{"damage":6,"enemies":"Small Slimes","floor":4,"turns":5},{"damage":0,"enemies":"2 Fungi Beasts","floor":5,"turns":4},{"damage":21,"enemies":"3 Sentries","floor":6,"turns":8},{"damage":19,"enemies":"Lagavulin","floor":8,"turns":7},{"damage":10,"enemies":"Exordium Thugs","floor":12,"turns":4},{"damage":2,"enemies":"Looter","floor":14,"turns":3},{"damage":5,"enemies":"Hexaghost","floor":16,"turns":7}],"seed_played":"-195067803778217201","potions_obtained":[{"floor":1,"key":"Swift Potion"},{"floor":3,"key":"SpeedPotion"},{"floor":6,"key":"Fire Potion"},{"floor":8,"key":"Weak Potion"},{"floor":12,"key":"SteroidPotion"}],"is_trial":false,"path_per_floor":["M","M","?","M","M","E","R","E","T","R","?","M","$","M","R","B"],"character_chosen":"THE_SILENT","items_purchased":["Cloak And Dagger"],"campfire_rested":0,"item_purchase_floors":[13],"current_hp_per_floor":[56,56,56,50,50,36,36,17,17,17,17,7,7,5,5,0],"gold":57,"neow_bonus":"TRANSFORM_TWO_CARDS","is_prod":false,"is_daily":false,"chose_seed":false,"campfire_upgraded":2,"win_rate":0,"timestamp":1548524907,"path_taken":["M","M","?","M","?","E","R","E","T","R","?","M","$","M","R","BOSS"],"build_version":"2019-01-23","purchased_purges":1,"victory":false,"max_hp_per_floor":[66,66,66,66,66,73,73,73,73,73,73,73,73,73,73,73],"card_choices":[{"not_picked":["Underhanded Strike","Dagger Spray"],"picked":"Quick Slash","floor":1},{"not_picked":["Quick Slash","Setup"],"picked":"Escape Plan","floor":2},{"not_picked":["Setup","Reflex","Flying Knee"],"picked":"SKIP","floor":4},{"not_picked":["Setup","Reflex"],"picked":"Flying Knee","floor":4},{"not_picked":["Deflect","Outmaneuver"],"picked":"Dagger Spray","floor":5},{"not_picked":["Dagger Spray","Acrobatics"],"picked":"Choke","floor":6},{"not_picked":["Riddle With Holes","Underhanded Strike"],"picked":"Caltrops","floor":8},{"not_picked":["Flechettes","Prepared"],"picked":"Skewer","floor":12},{"not_picked":["Malaise","Quick Slash","Expertise"],"picked":"SKIP","floor":12},{"not_picked":["Flechettes","Underhanded Strike"],"picked":"Cloak And Dagger","floor":14},{"not_picked":["Slice","Dagger Spray"],"picked":"Dodge and Roll","floor":14}],"player_experience":991213,"relics_obtained":[{"floor":6,"key":"Strawberry"},{"floor":8,"key":"Girya"},{"floor":9,"key":"Prayer Wheel"}],"event_choices":[{"damage_healed":0,"gold_gain":0,"player_choice":"Got Potions","damage_taken":0,"max_hp_gain":0,"max_hp_loss":0,"event_name":"Lab","floor":3,"gold_loss":0},{"damage_healed":0,"gold_gain":0,"player_choice":"Ignored","damage_taken":0,"max_hp_gain":0,"max_hp_loss":0,"event_name":"Shining Light","floor":11,"gold_loss":0}],"is_beta":true,"boss_relics":[],"items_purged_floors":[13],"is_endless":false,"potions_floor_spawned":[1,6,8,12],"killed_by":"Hexaghost","ascension_level":19}