{"gold_per_floor":[112,112,128,128,138,138,165,165,188,188,207,240,21,21,21,95,95,109,109,122,132,150,150,169,169,169,169],"floor_reached":27,"playtime":1275,"items_purged":[],"score":415,"play_id":"239d4dc8-10d3-4b0f-bbda-07e5b92a7338","local_time":"20190123082938","is_ascension_mode":true,"campfire_choices":[{"floor":6.0,"key":"REST"},{"data":"Barrage","floor":8.0,"key":"SMITH"},{"data":"Coolheaded","floor":10.0,"key":"SMITH"},{"data":"Hologram","floor":15,"key":"SMITH"},{"floor":23,"key":"REST"}],"neow_cost":"NONE","seed_source_timestamp":575937768366187,"circlet_count":0,"master_deck":["AscendersBane","Strike_B+1","Strike_B+1","Strike_B+1","Defend_B+1","Defend_B+1","Defend_B+1","Defend_B+1","Zap+1","Dualcast","Coolheaded+1","Barrage+1","Conserve Battery","Compile Driver","Hologram+1","Capacitor","Core Surge","Electrodynamics","Beam Cell","Conserve Battery","Sweeping Beam","Hologram","FTL"],"special_seed":0,"relics":["Cracked Core","NeowsBlessing","Boot","Orichalcum","Bronze Scales","Shuriken","Fusion Hammer","MutagenicStrength","PreservedInsect"],"potions_floor_usage":[16,22,27,27],"damage_taken":[{"damage":0.0,"enemies":"Small Slimes","floor":1.0,"turns":1.0},{"damage":0.0,"enemies":"Jaw Worm","floor":3.0,"turns":1.0},{"damage":0.0,"enemies":"2 Louse","floor":5.0,"turns":1.0},{"damage":4.0,"enemies":"Blue Slaver","floor":11.0,"turns":3.0},{"damage":6,"enemies":"3 Sentries","floor":12,"turns":7},{"damage":16,"enemies":"Slime Boss","floor":16,"turns":8},{"damage":15,"enemies":"Chosen","floor":18,"turns":4},{"damage":7,"enemies":"3 Byrds","floor":20,"turns":3},{"damage":11,"enemies":"Snecko","floor":21,"turns":4},{"damage":26,"enemies":"Cultist and Chosen","floor":22,"turns":5},{"damage":23,"enemies":"Shelled Parasite and Fungi","floor":24,"turns":6},{"damage":16,"enemies":"Chosen and Byrds","floor":27,"turns":5}],"seed_played":"6597056839623202393","potions_obtained":[{"floor":3.0,"key":"SpeedPotion"},{"floor":11.0,"key":"Block Potion"},{"floor":16,"key":"FearPotion"},{"floor":21,"key":"Regen Potion"},{"floor":22,"key":"EssenceOfSteel"}],"is_trial":false,"path_per_floor":["?","?","T","T","?","?"],"character_chosen":"DEFECT","items_purchased":["Capacitor","Core Surge"],"campfire_rested":2,"item_purchase_floors":[13,13],"current_hp_per_floor":[64,57,57,36,36,57,57,57,57,57,53,47,47,47,47,31,61,46,46,39,28,16,37,14,14,14,0],"gold":169,"neow_bonus":"THREE_ENEMY_KILL","is_prod":false,"is_daily":false,"chose_seed":false,"campfire_upgraded":3,"win_rate":0,"timestamp":1548260978,"path_taken":["M","?","M","?","M","R","?","R","T","R","M","E","$","?","R","BOSS","M","?","M","M","M","R","M","?","T","M"],"build_version":"2019-01-23","purchased_purges":0,"victory":false,"max_hp_per_floor":[71,71,71,71,71,71,71,71,71,71,71,71,71,71,71,71,71,71,71,71,71,71,71,71,71,71,71],"card_choices":[{"not_picked":["Redo","Gash"],"picked":"Coolheaded","floor":1.0},{"not_picked":["Hologram","Redo"],"picked":"Barrage","floor":3.0},{"not_picked":["BootSequence","Hello World"],"picked":"Conserve Battery","floor":5.0},{"not_picked":["Leap","Conserve Battery"],"picked":"Compile Driver","floor":11.0},{"not_picked":["Go for the Eyes","Redo"],"picked":"Hologram","floor":12},{"not_picked":["Core Surge","Seek"],"picked":"Electrodynamics","floor":16},{"not_picked":["Redo","Darkness"],"picked":"Beam Cell","floor":18},{"not_picked":["Force Field","Beam Cell"],"picked":"Conserve Battery","floor":20},{"not_picked":["Turbo","Streamline"],"picked":"Sweeping Beam","floor":21},{"not_picked":["Conserve Battery","Scrape"],"picked":"Hologram","floor":22},{"not_picked":["Cold Snap","Fusion+1"],"picked":"FTL","floor":24}],"player_experience":1725959,"relics_obtained":[{"floor":7.0,"key":"Boot"},{"floor":9.0,"key":"Orichalcum"},{"floor":12,"key":"Bronze Scales"},{"floor":14,"key":"Shuriken"},{"floor":26,"key":"PreservedInsect"}],"event_choices":[{"cards_removed":["Strike_B"],"damage_healed":0.0,"max_hp_gain":0.0,"max_hp_loss":0.0,"gold_gain":0.0,"event_name":"Golden Wing","player_choice":"Card Removal","floor":2.0,"gold_loss":0.0,"damage_taken":7.0},{"damage_healed":0.0,"max_hp_gain":0.0,"max_hp_loss":0.0,"gold_gain":0.0,"event_name":"Shining Light","player_choice":"Entered Light","floor":4.0,"gold_loss":0.0,"damage_taken":21.0,"cards_upgraded":["Strike_B","Zap"]},{"damage_healed":0,"gold_gain":0,"player_choice":"Simplicity","damage_taken":0,"max_hp_gain":0,"max_hp_loss":0,"event_name":"Back to Basics","floor":19,"gold_loss":0,"cards_upgraded":["Strike_B","Strike_B","Defend_B","Defend_B","Defend_B","Defend_B"]},{"damage_healed":0,"gold_gain":0,"player_choice":"Inject Mutagens","damage_taken":0,"relics_obtained":["MutagenicStrength"],"max_hp_gain":0,"max_hp_loss":0,"event_name":"Drug Dealer","floor":25,"gold_loss":0}],"is_beta":false,"boss_relics":[{"not_picked":["Lizard Tail","Velvet Choker"],"picked":"Fusion Hammer"}],"items_purged_floors":[],"is_endless":false,"potions_floor_spawned":[3,11,16,21,22,24],"killed_by":"Chosen and Byrds","ascension_level":19}