{"gold_per_floor":[117,117,127,127,142,142,160,192,192,220,220,233,233,265,265,364,364,384,384,47,47,47,47,93,93,93,125,125,224,255,255,255,255],"floor_reached":33,"playtime":1850,"items_purged":["Strike_G"],"score":386,"play_id":"af78bac3-003a-4108-b7d5-5de3c36a10fb","local_time":"20190207102537","is_ascension_mode":true,"campfire_choices":[{"data":"Neutralize","floor":6,"key":"SMITH"},{"floor":13,"key":"REST"},{"floor":15,"key":"REST"},{"floor":23,"key":"REST"},{"data":"Accuracy","floor":25,"key":"SMITH"},{"floor":32,"key":"REST"}],"neow_cost":"NONE","seed_source_timestamp":2316108837433001,"circlet_count":0,"master_deck":["Defend_G","Defend_G","Defend_G+1","Defend_G+1","Defend_G","Strike_G","Strike_G","Strike_G","Survivor","Neutralize+1","Dash","Cloak And Dagger","Accuracy+1","Deadly Poison","Catalyst+1","Dagger Throw","Bane","Night Terror+1","Sucker Punch+1","Leg Sweep+1","Well Laid Plans","Burst+1","Crippling Poison+1"],"relics":["Ring of the Snake","Darkstone Periapt","Oddly Smooth Stone","Toxic Egg 2","Juzu Bracelet","Bottled Flame","Pen Nib","Black Star","War Paint","Ornamental Fan","PreservedInsect","Sundial","Unceasing Top","Ninja Scroll","Orichalcum","Singing Bowl"],"potions_floor_usage":[18,27,33],"damage_taken":[{"damage":0,"enemies":"2 Louse","floor":1,"turns":3},{"damage":6,"enemies":"Jaw Worm","floor":3,"turns":4},{"damage":3,"enemies":"Cultist","floor":5,"turns":4},{"damage":6,"enemies":"3 Louse","floor":7,"turns":4},{"damage":21,"enemies":"Lagavulin","floor":8,"turns":8},{"damage":18,"enemies":"3 Sentries","floor":10,"turns":13},{"damage":2,"enemies":"Blue Slaver","floor":12,"turns":3},{"damage":2,"enemies":"Lagavulin","floor":14,"turns":7},{"damage":25,"enemies":"The Guardian","floor":16,"turns":12},{"damage":42,"enemies":"Spheric Guardian","floor":18,"turns":13},{"damage":25,"enemies":"Slavers","floor":27,"turns":8},{"damage":24,"enemies":"Gremlin Leader","floor":30,"turns":6},{"damage":71,"enemies":"Champ","floor":33,"turns":15}],"seed_played":"1984532046901821313","potions_obtained":[{"floor":1,"key":"GhostInAJar"},{"floor":3,"key":"SpeedPotion"},{"floor":5,"key":"SpeedPotion"},{"floor":10,"key":"GhostInAJar"}],"is_trial":false,"path_per_floor":["M","?","M","?","M","R","M","E","T","E","T","M","R","E","R","B",null,"M","?","$","?","?","R","T","R","T","E","?","?","E","?","R","B"],"character_chosen":"THE_SILENT","items_purchased":["War Paint","Leg Sweep+1","Well Laid Plans"],"campfire_rested":4,"item_purchase_floors":[20,20,20],"current_hp_per_floor":[70,70,64,61,58,58,52,31,31,13,13,11,34,32,55,30,65,23,23,23,23,29,53,53,53,53,28,55,55,31,31,55,0],"gold":255,"neow_bonus":"TEN_PERCENT_HP_BONUS","is_prod":false,"is_daily":false,"chose_seed":false,"campfire_upgraded":2,"win_rate":0,"timestamp":1549495537,"path_taken":["M","?","M","?","M","R","M","E","T","E","?","M","R","E","R","BOSS","M","?","$","?","?","R","?","R","T","E","?","?","E","?","R","BOSS"],"build_version":"2019-01-23","purchased_purges":1,"victory":false,"max_hp_per_floor":[77,77,77,77,77,77,77,77,77,77,77,77,77,77,77,77,77,77,77,77,77,83,83,83,83,83,83,83,83,83,83,83,83],"card_choices":[{"not_picked":["Underhanded Strike","Escape Plan"],"picked":"Dash","floor":1},{"not_picked":["Deflect","Prepared"],"picked":"Cloak And Dagger","floor":3},{"not_picked":["Deflect","Distraction"],"picked":"Accuracy","floor":5},{"not_picked":["Skewer","Slice"],"picked":"Deadly Poison","floor":7},{"not_picked":["Terror","Glass Knife","Doppelganger"],"picked":"SKIP","floor":8},{"not_picked":["Doppelganger+1","Skewer"],"picked":"Catalyst+1","floor":10},{"not_picked":["Dodge and Roll+1","Quick Slash"],"picked":"Dagger Throw","floor":12},{"not_picked":["Cloak And Dagger+1","Storm of Steel+1"],"picked":"Bane","floor":14},{"not_picked":["Glass Knife","Adrenaline+1"],"picked":"Night Terror+1","floor":16},{"not_picked":["Quick Slash","Eviscerate+1"],"picked":"Sucker Punch","floor":18},{"not_picked":["Dagger Spray","Expertise+1"],"picked":"Burst+1","floor":27},{"not_picked":["Cloak And Dagger+1","Burst+1"],"picked":"Crippling Poison+1","floor":30}],"player_experience":285313,"relics_obtained":[{"floor":8,"key":"Oddly Smooth Stone"},{"floor":9,"key":"Toxic Egg 2"},{"floor":10,"key":"Juzu Bracelet"},{"floor":11,"key":"Bottled Flame"},{"floor":14,"key":"Pen Nib"},{"floor":24,"key":"PreservedInsect"},{"floor":26,"key":"Sundial"},{"floor":27,"key":"Unceasing Top"},{"floor":27,"key":"Ninja Scroll"},{"floor":30,"key":"Orichalcum"},{"floor":30,"key":"Singing Bowl"}],"event_choices":[{"cards_removed":["Strike_G"],"damage_healed":0,"gold_gain":0,"player_choice":"Forget","damage_taken":0,"max_hp_gain":0,"max_hp_loss":0,"event_name":"Living Wall","floor":2,"gold_loss":0},{"damage_healed":0,"gold_gain":0,"player_choice":"Success","damage_taken":3,"relics_obtained":["Darkstone Periapt"],"max_hp_gain":0,"max_hp_loss":0,"event_name":"Scrap Ooze","floor":4,"gold_loss":0},{"damage_healed":0,"gold_gain":0,"player_choice":"Upgraded","damage_taken":0,"max_hp_gain":0,"max_hp_loss":0,"event_name":"Upgrade Shrine","floor":19,"gold_loss":0,"cards_upgraded":["Sucker Punch"]},{"damage_healed":0,"gold_gain":0,"player_choice":"Ignored","damage_taken":0,"max_hp_gain":0,"max_hp_loss":0,"event_name":"Beggar","floor":21,"gold_loss":0},{"damage_healed":0,"gold_gain":0,"player_choice":"Stole Relic","damage_taken":0,"relics_obtained":["Ornamental Fan"],"max_hp_gain":0,"max_hp_loss":0,"event_name":"Addict","floor":22,"gold_loss":0,"cards_obtained":["Shame"]},{"damage_healed":27,"gold_gain":0,"player_choice":"Heal","damage_taken":0,"max_hp_gain":0,"max_hp_loss":0,"event_name":"The Library","floor":28,"gold_loss":0},{"damage_healed":0,"gold_gain":99,"player_choice":"Stole From Cult","damage_taken":0,"max_hp_gain":0,"max_hp_loss":0,"event_name":"Nest","floor":29,"gold_loss":0},{"cards_removed":["Shame"],"damage_healed":0,"gold_gain":0,"player_choice":"Purged","damage_taken":0,"max_hp_gain":0,"max_hp_loss":0,"event_name":"Purifier","floor":31,"gold_loss":0}],"is_beta":false,"boss_relics":[{"not_picked":["Orrery","Snecko Eye"],"picked":"Black Star"}],"items_purged_floors":[20],"is_endless":false,"potions_floor_spawned":[1,3,5,10,12],"killed_by":"Champ","ascension_level":6}