{"gold_per_floor":[211,386,404,418,32,32,32,32,78,78,113,113,131,161,161,281,281,297,315,315,315,230,230,254,254],"floor_reached":25,"playtime":974,"items_purged":[],"score":299,"play_id":"ca0dc69b-2f54-42e0-906e-1df43c94c9d9","local_time":"20190115234009","is_ascension_mode":true,"campfire_choices":[{"data":"Chaos","floor":6,"key":"SMITH"},{"data":"Glacier","floor":8,"key":"SMITH"},{"floor":12,"key":"REST"},{"data":"Go for the Eyes","floor":15,"key":"SMITH"},{"floor":23,"key":"REST"}],"neow_cost":"NONE","seed_source_timestamp":90294179235039,"circlet_count":0,"master_deck":["AscendersBane","Strike_B","Strike_B","Strike_B","Defend_B","Defend_B","Defend_B","Defend_B","Zap","Dualcast","Chaos+1","Doubt","Glacier+1","Gash","Go for the Eyes+1","Gash","Hyperbeam","Redo+1","Steam+1","Force Field","Gash","Go for the Eyes"],"relics":["Cracked Core","Lantern","Pear","Golden Idol","Juzu Bracelet","Regal Pillow","Tiny Chest","Fusion Hammer","Cables"],"potions_floor_usage":[16,18,24],"damage_taken":[{"damage":0,"enemies":"2 Louse","floor":1,"turns":2},{"damage":3,"enemies":"Jaw Worm","floor":3,"turns":4},{"damage":0,"enemies":"Small Slimes","floor":4,"turns":7},{"damage":40,"enemies":"Gremlin Nob","floor":11,"turns":5},{"damage":0,"enemies":"2 Fungi Beasts","floor":13,"turns":4},{"damage":32,"enemies":"Slime Boss","floor":16,"turns":11},{"damage":17,"enemies":"Shell Parasite","floor":18,"turns":6},{"damage":25,"enemies":"2 Thieves","floor":19,"turns":3},{"damage":46,"enemies":"3 Cultists","floor":24,"turns":6},{"damage":23,"enemies":"Gremlin Leader","floor":25,"turns":2}],"seed_played":"4338200800727838566","potions_obtained":[{"floor":11,"key":"PowerPotion"},{"floor":13,"key":"EssenceOfSteel"},{"floor":19,"key":"Fire Potion"}],"is_trial":false,"path_per_floor":["M","?","M","M","$","R","?","R","T","?","E","R","M","?","R","B",null,"M","M","?","?","?","R","M","E"],"character_chosen":"DEFECT","items_purchased":["Lantern","Pear"],"campfire_rested":2,"item_purchase_floors":[5,5],"current_hp_per_floor":[68,68,65,65,75,75,75,75,75,75,35,73,73,70,70,38,69,52,27,27,27,27,65,19,0],"gold":254,"neow_bonus":"HUNDRED_GOLD","is_prod":false,"is_daily":false,"chose_seed":false,"campfire_upgraded":3,"win_rate":0,"timestamp":1547613609,"path_taken":["M","?","M","M","$","R","?","R","T","?","E","R","M","?","R","BOSS","M","M","?","?","?","R","M","E"],"build_version":"2019-01-10","purchased_purges":0,"victory":false,"max_hp_per_floor":[75,75,75,75,85,85,79,79,79,79,79,79,79,79,79,79,79,79,79,79,79,79,79,79,79],"card_choices":[{"not_picked":["Gash","Redo"],"picked":"Chaos","floor":1},{"not_picked":["Heatsinks","Barrage"],"picked":"Glacier","floor":3},{"not_picked":["Stack","Loop"],"picked":"Gash","floor":4},{"not_picked":["Streamline","Compile Driver"],"picked":"Go for the Eyes","floor":11},{"not_picked":["Turbo","Steam"],"picked":"Gash","floor":13},{"not_picked":["Core Surge","Fission"],"picked":"Hyperbeam","floor":16},{"not_picked":["Conserve Battery","Compile Driver"],"picked":"Redo+1","floor":18},{"not_picked":["Barrage","Streamline"],"picked":"Steam+1","floor":19},{"not_picked":["Compile Driver","Redo"],"picked":"Go for the Eyes","floor":24}],"player_experience":492053,"relics_obtained":[{"floor":9,"key":"Juzu Bracelet"},{"floor":11,"key":"Regal Pillow"}],"event_choices":[{"damage_healed":0,"gold_gain":175,"player_choice":"AGREE","damage_taken":0,"max_hp_gain":0,"max_hp_loss":0,"event_name":"Liars Game","floor":2,"gold_loss":0,"cards_obtained":["Doubt"]},{"damage_healed":0,"gold_gain":0,"player_choice":"Lose Max HP","damage_taken":0,"relics_obtained":["Golden Idol"],"max_hp_gain":0,"max_hp_loss":6,"event_name":"Golden Idol","floor":7,"gold_loss":0},{"damage_healed":0,"gold_gain":0,"player_choice":"Ignored","damage_taken":0,"max_hp_gain":0,"max_hp_loss":0,"event_name":"Golden Wing","floor":10,"gold_loss":0},{"damage_healed":0,"gold_gain":0,"player_choice":"Success","damage_taken":3,"relics_obtained":["Tiny Chest"],"max_hp_gain":0,"max_hp_loss":0,"event_name":"Scrap Ooze","floor":14,"gold_loss":0},{"damage_healed":0,"gold_gain":0,"cards_transformed":["Strike_B"],"player_choice":"Transformed","damage_taken":0,"max_hp_gain":0,"max_hp_loss":0,"event_name":"Transmorgrifier","floor":20,"gold_loss":0,"cards_obtained":["Force Field"]},{"damage_healed":0,"gold_gain":0,"player_choice":"Read","damage_taken":0,"max_hp_gain":0,"max_hp_loss":0,"event_name":"The Library","floor":21,"gold_loss":0,"cards_obtained":["Gash"]},{"damage_healed":0,"gold_gain":0,"player_choice":"Obtained Relic","damage_taken":0,"relics_obtained":["Cables"],"max_hp_gain":0,"max_hp_loss":0,"event_name":"Addict","floor":22,"gold_loss":85}],"is_beta":false,"boss_relics":[{"not_picked":["Runic Pyramid","Velvet Choker"],"picked":"Fusion Hammer"}],"items_purged_floors":[],"is_endless":false,"potions_floor_spawned":[11,13,19],"killed_by":"Gremlin Leader","ascension_level":10}