{"gold_per_floor":[116,191,204,222,238,238,269,286,286,251,268,268,298,318,318,391,441,452,89,140,155,165,165,176,210,281,281],"floor_reached":27,"playtime":1062,"items_purged":["Strike_R"],"score":474,"play_id":"27a6a637-8924-4c56-86a0-93215e967337","local_time":"20190206163157","is_ascension_mode":true,"campfire_choices":[{"data":"Rampage","floor":6.0,"key":"SMITH"},{"data":"Headbutt","floor":12.0,"key":"SMITH"},{"data":"Whirlwind","floor":15.0,"key":"SMITH"},{"floor":23,"key":"REST"}],"neow_cost":"NONE","seed_source_timestamp":599360510458456,"circlet_count":0,"master_deck":["AscendersBane","Strike_R+1","Strike_R","Strike_R","Strike_R","Defend_R","Defend_R","Defend_R","Defend_R","Bash","Shockwave","Rampage+1","Whirlwind+1","Clothesline","Metallicize","Shrug It Off","Headbutt+1","Pummel","Immolate+1","Uppercut","Anger+1","Reckless Charge","Inflame","Body Slam+1","Disarm+1","Double Tap","Corruption"],"special_seed":0,"relics":["Burning Blood","Question Card","Bottled Lightning","Tiny Chest","Tiny House","Whetstone","Regal Pillow","Charon\u0027s Ashes","Matryoshka"],"potions_floor_usage":[21],"damage_taken":[{"damage":9.0,"enemies":"2 Louse","floor":1.0,"turns":4.0},{"damage":4.0,"enemies":"Cultist","floor":3.0,"turns":4.0},{"damage":13.0,"enemies":"Jaw Worm","floor":4.0,"turns":3.0},{"damage":10.0,"enemies":"Exordium Wildlife","floor":5.0,"turns":2.0},{"damage":36.0,"enemies":"3 Sentries","floor":7.0,"turns":5.0},{"damage":10.0,"enemies":"Large Slime","floor":8.0,"turns":5.0},{"damage":5.0,"enemies":"Looter","floor":11.0,"turns":4.0},{"damage":2.0,"enemies":"Red Slaver","floor":14.0,"turns":4.0},{"damage":12.0,"enemies":"Slime Boss","floor":16.0,"turns":8.0},{"damage":28.0,"enemies":"Spheric Guardian","floor":18.0,"turns":4.0},{"damage":12,"enemies":"Chosen","floor":21,"turns":5},{"damage":11,"enemies":"Centurion and Healer","floor":22,"turns":5},{"damage":14,"enemies":"3 Cultists","floor":24,"turns":4},{"damage":58,"enemies":"Gremlin Leader","floor":25,"turns":8},{"damage":31,"enemies":"Cultist and Chosen","floor":27,"turns":5}],"seed_played":"-4381070487261959399","potions_obtained":[{"floor":1.0,"key":"Weak Potion"},{"floor":4.0,"key":"BloodPotion"},{"floor":7.0,"key":"Block Potion"},{"floor":16.0,"key":"SpeedPotion"},{"floor":17.0,"key":"Ancient Potion"},{"floor":24,"key":"GamblersBrew"}],"is_trial":false,"path_per_floor":["M","?","M","M","M","R","E","M","T","?","M","R","?","M","R","B",null,"M","$","T","M","M","R","M","E","T","M"],"character_chosen":"IRONCLAD","items_purchased":["Reckless Charge","Whetstone","Inflame"],"campfire_rested":1,"item_purchase_floors":[19,19,19],"current_hp_per_floor":[65,54,56,49,45,45,22,18,18,36,37,37,37,41,41,35,70,48,48,48,42,37,76,68,16,16,0],"gold":281,"neow_bonus":"ONE_RANDOM_RARE_CARD","is_prod":false,"is_daily":false,"chose_seed":false,"campfire_upgraded":3,"win_rate":0,"timestamp":1549499517,"path_taken":["M","?","M","M","M","R","E","M","T","?","M","R","?","M","R","BOSS","M","$","?","M","M","R","M","E","T","?"],"build_version":"2019-01-23","purchased_purges":1,"victory":false,"max_hp_per_floor":[75,75,75,75,75,75,75,75,75,75,75,75,75,75,75,75,80,80,80,80,80,80,80,80,80,80,80],"card_choices":[{"not_picked":["Power Through","Corruption"],"picked":"Shockwave","floor":1.0},{"not_picked":["Entrench","Headbutt"],"picked":"Rampage","floor":3.0},{"not_picked":["Armaments","Cleave"],"picked":"Whirlwind","floor":4.0},{"not_picked":["Heavy Blade","Reckless Charge"],"picked":"Clothesline","floor":5.0},{"not_picked":["Blood for Blood","Rampage"],"picked":"Metallicize","floor":7.0},{"not_picked":["Entrench","Sever Soul","Ghostly Armor"],"picked":"Shrug It Off","floor":8.0},{"not_picked":["Heavy Blade","Sever Soul","Exhume"],"picked":"Headbutt","floor":11.0},{"not_picked":["Anger","Whirlwind","Warcry"],"picked":"Pummel","floor":14.0},{"not_picked":["Double Tap","Feed","Offering"],"picked":"Immolate","floor":16.0},{"not_picked":["Wild Strike","Power Through","Feel No Pain"],"picked":"Uppercut","floor":17.0},{"not_picked":["Searing Blow","Clothesline","Heavy Blade"],"picked":"Anger","floor":18.0},{"not_picked":["Inflame","Wild Strike","Entrench"],"picked":"Body Slam+1","floor":21},{"not_picked":["Twin Strike+1","Headbutt","Clothesline"],"picked":"Disarm+1","floor":22},{"not_picked":["Perfected Strike","Warcry","Hemokinesis"],"picked":"Double Tap","floor":24},{"not_picked":["Searing Blow","Rage","Disarm"],"picked":"Corruption","floor":25}],"player_experience":1834263,"relics_obtained":[{"floor":7.0,"key":"Question Card"},{"floor":9.0,"key":"Bottled Lightning"},{"floor":20.0,"key":"Regal Pillow"},{"floor":25,"key":"Charon\u0027s Ashes"},{"floor":26,"key":"Matryoshka"}],"event_choices":[{"damage_healed":0.0,"max_hp_gain":0.0,"max_hp_loss":0.0,"gold_gain":75.0,"event_name":"World of Goop","player_choice":"Gather Gold","floor":2.0,"gold_loss":0.0,"damage_taken":11.0},{"damage_healed":18.0,"max_hp_gain":0.0,"max_hp_loss":0.0,"gold_gain":0.0,"event_name":"The Cleric","player_choice":"Healed","floor":10.0,"gold_loss":35.0,"damage_taken":0.0},{"cards_removed":["Offering"],"damage_healed":0.0,"max_hp_gain":0.0,"max_hp_loss":0.0,"gold_gain":0.0,"event_name":"WeMeetAgain","player_choice":"Gave Card","floor":13.0,"gold_loss":0.0,"damage_taken":0.0,"relics_obtained":["Tiny Chest"]}],"is_beta":false,"boss_relics":[{"not_picked":["Coffee Dripper","Philosopher\u0027s Stone"],"picked":"Tiny House"}],"items_purged_floors":[19],"is_endless":false,"potions_floor_spawned":[1,4,7,8,16,18,24,25],"killed_by":"Cultist and Chosen","ascension_level":20}