{"gold_per_floor":[118,118,118,132,97,125,125,152,179,179,179,194,214,229,229,307,307,321,236,336,336,346,346,375,375,375,375,61,79,79,97,97,176,176,193,193,211,171,185,185,215,315,339,368,368,38,73,84,84,84],"floor_reached":51,"playtime":5729,"items_purged":["Strike_G"],"score":1785,"play_id":"b0fd6237-5509-4c74-b400-97202f7ba9d6","local_time":"20181120081746","is_ascension_mode":true,"campfire_choices":[{"data":"Predator","floor":7.0,"key":"SMITH"},{"floor":10.0,"key":"REST"},{"data":"Dodge and Roll","floor":15.0,"key":"SMITH"},{"floor":23.0,"key":"REST"},{"data":"Footwork","floor":25.0,"key":"SMITH"},{"data":"Flechettes","floor":27.0,"key":"SMITH"},{"data":"Choke","floor":32.0,"key":"SMITH"},{"data":"Bouncing Flask","floor":40.0,"key":"SMITH"},{"data":"Leg Sweep","floor":45.0,"key":"SMITH"},{"data":"Malaise","floor":49.0,"key":"SMITH"}],"neow_cost":"NONE","seed_source_timestamp":0,"circlet_count":0,"master_deck":["AscendersBane","Defend_G+1","Defend_G+1","Defend_G+1","Defend_G+1","Survivor","Neutralize","PiercingWail","Leg Sweep+1","Masterful Stab","Predator+1","Footwork+1","Dodge and Roll+1","Corpse Explosion","Bullet Time","Dash+1","Burst+1","Envenom+1","Prepared+1","Flechettes+1","Caltrops","Choke+1","Malaise+1","Crippling Poison","Calculated Gamble+1","Bouncing Flask+1","Cloak And Dagger+1","Dark Shackles","Bane","Catalyst+1"],"special_seed":0,"relics":["Runic Pyramid","Regal Pillow","Bronze Scales","Bag of Marbles","Ninja Scroll","Astrolabe","Question Card","FossilizedHelix","Bottled Tornado","Mummified Hand","Mercury Hourglass","Snake Skull","Eternal Feather","Happy Flower","Calipers","Strawberry","Ancient Tea Set","Anchor","Art of War"],"potions_floor_usage":[50,50],"damage_taken":[{"damage":16.0,"enemies":"Cultist","floor":1.0,"turns":5.0},{"damage":4.0,"enemies":"Jaw Worm","floor":4.0,"turns":5.0},{"damage":19.0,"enemies":"Lagavulin","floor":6.0,"turns":11.0},{"damage":27.0,"enemies":"3 Sentries","floor":8.0,"turns":11.0},{"damage":0.0,"enemies":"Small Slimes","floor":12.0,"turns":2.0},{"damage":0.0,"enemies":"Looter","floor":13.0,"turns":1.0},{"damage":0.0,"enemies":"Large Slime","floor":14.0,"turns":4.0},{"damage":24.0,"enemies":"Slime Boss","floor":16.0,"turns":6.0},{"damage":2.0,"enemies":"3 Byrds","floor":18.0,"turns":3.0},{"damage":12.0,"enemies":"Colosseum Slavers","floor":20.0,"turns":2.0},{"damage":21.0,"enemies":"Colosseum Nobs","floor":20.0,"turns":6.0},{"damage":0.0,"enemies":"Shell Parasite","floor":22.0,"turns":7.0},{"damage":0.0,"enemies":"Slavers","floor":24.0,"turns":5.0},{"damage":0.0,"enemies":"Centurion and Healer","floor":29.0,"turns":4.0},{"damage":0.0,"enemies":"Snecko","floor":31.0,"turns":4.0},{"damage":0.0,"enemies":"Champ","floor":33.0,"turns":11.0},{"damage":0.0,"enemies":"Orb Walker","floor":35.0,"turns":3.0},{"damage":0.0,"enemies":"3 Darklings","floor":37.0,"turns":1.0},{"damage":1.0,"enemies":"Writhing Mass","floor":39.0,"turns":6.0},{"damage":15.0,"enemies":"Giant Head","floor":41.0,"turns":8.0},{"damage":0.0,"enemies":"Mind Bloom Boss Battle","floor":42.0,"turns":3.0},{"damage":0.0,"enemies":"Nemesis","floor":44.0,"turns":5.0},{"damage":0.0,"enemies":"Giant Head","floor":47.0,"turns":7.0},{"damage":0.0,"enemies":"Jaw Worm Horde","floor":48.0,"turns":4.0},{"damage":0,"enemies":"Awakened One","floor":50,"turns":11}],"seed_played":"-918857080149071282","potions_obtained":[{"floor":8.0,"key":"AttackPotion"},{"floor":12.0,"key":"SpeedPotion"},{"floor":13.0,"key":"Fire Potion"},{"floor":14.0,"key":"EssenceOfSteel"},{"floor":18.0,"key":"Block Potion"},{"floor":22.0,"key":"Fire Potion"},{"floor":24.0,"key":"PowerPotion"},{"floor":35.0,"key":"EssenceOfSteel"},{"floor":37.0,"key":"PowerPotion"},{"floor":42.0,"key":"Strength Potion"}],"is_trial":false,"path_per_floor":["M","?","?","M","?","E","R","E","T","R","?","M","M","M","R","B",null,"M","?","?","?","M","R","E","R","T","R","$","M","?","M","R","B",null,"M","?","M","$","M","R","E","?","T","E","R","$","E","M","R","B",null],"character_chosen":"THE_SILENT","items_purchased":["Snake Skull","Tactician","Bouncing Flask","Anchor","Dark Shackles","Bane"],"campfire_rested":2,"item_purchase_floors":[28,28,38,46,46,46],"current_hp_per_floor":[43,48,48,44,61,42,42,15,15,51,40,40,40,40,40,16,57,55,55,22,22,22,58,58,58,58,58,58,58,58,58,58,58,68,68,68,68,68,67,71,56,56,63,63,78,78,78,78,78,78],"gold":84,"neow_bonus":"BOSS_RELIC","is_prod":false,"is_daily":false,"chose_seed":false,"campfire_upgraded":8,"win_rate":0,"timestamp":1542730666,"path_taken":["M","?","?","?","?","E","R","E","T","R","?","M","M","M","R","BOSS","M","?","?","?","?","R","E","R","T","R","$","M","?","M","R","BOSS","M","?","M","$","M","R","E","?","T","E","R","$","E","M","R","BOSS"],"build_version":"2018-11-15","purchased_purges":1,"victory":true,"max_hp_per_floor":[66,71,71,71,71,71,71,71,71,71,71,71,71,71,71,71,71,71,71,71,71,71,71,71,71,71,71,71,71,71,71,71,71,71,71,71,71,71,71,71,71,71,78,78,78,78,78,78,78,78],"card_choices":[{"not_picked":["Slice","Flying Knee"],"picked":"PiercingWail","floor":1.0},{"not_picked":["Skewer","Prepared"],"picked":"Masterful Stab","floor":4.0},{"not_picked":["Sucker Punch","PiercingWail"],"picked":"Predator","floor":6.0},{"not_picked":["Poisoned Stab","Acrobatics"],"picked":"Footwork","floor":8.0},{"not_picked":["Terror","Dagger Throw","Slice"],"picked":"SKIP","floor":12.0},{"not_picked":["Riddle With Holes","Acrobatics"],"picked":"Dodge and Roll","floor":13.0},{"not_picked":["Heel Hook","Prepared"],"picked":"Corpse Explosion","floor":14.0},{"not_picked":["Doppelganger","Storm of Steel"],"picked":"Bullet Time","floor":16.0},{"not_picked":["Slice","Dagger Throw","Quick Slash"],"picked":"SKIP","floor":18.0},{"not_picked":["Distraction","Bane+1","Deadly Poison"],"picked":"Prepared+1","floor":20.0},{"not_picked":["Deflect","Terror","Quick Slash"],"picked":"Flechettes","floor":22.0},{"not_picked":["Backflip","Predator","Dodge and Roll"],"picked":"Caltrops","floor":24.0},{"not_picked":["Envenom","Blade Dance","Cloak And Dagger"],"picked":"Choke","floor":29.0},{"not_picked":["Terror","Heel Hook","Bane","Prepared"],"picked":"SKIP","floor":31.0},{"not_picked":["Tools of the Trade","Venomology","Phantasmal Killer"],"picked":"Malaise","floor":33.0},{"not_picked":["Bane","Acrobatics","Poisoned Stab"],"picked":"Crippling Poison","floor":35.0},{"not_picked":["PiercingWail","Eviscerate+1","Deflect"],"picked":"Calculated Gamble+1","floor":37.0},{"not_picked":["Heel Hook","Bouncing Flask","Finisher"],"picked":"Cloak And Dagger+1","floor":39.0},{"not_picked":["Eviscerate+1","Concentrate","Reflex+1","Flying Knee"],"picked":"SKIP","floor":41.0},{"not_picked":["Acrobatics","Wraith Form v2","Deadly Poison+1","PiercingWail+1"],"picked":"SKIP","floor":44.0},{"not_picked":["Infinite Blades+1","PiercingWail","Grand Finale","Calculated Gamble"],"picked":"SKIP","floor":47.0},{"not_picked":["Dagger Throw","Underhanded Strike","Dodge and Roll"],"picked":"Catalyst+1","floor":48.0}],"player_experience":1334390,"relics_obtained":[{"floor":6.0,"key":"Regal Pillow"},{"floor":8.0,"key":"Bronze Scales"},{"floor":9.0,"key":"Bag of Marbles"},{"floor":20.0,"key":"FossilizedHelix"},{"floor":20.0,"key":"Bottled Tornado"},{"floor":24.0,"key":"Mummified Hand"},{"floor":26.0,"key":"Mercury Hourglass"},{"floor":41.0,"key":"Happy Flower"},{"floor":42.0,"key":"Calipers"},{"floor":43.0,"key":"Strawberry"},{"floor":44.0,"key":"Ancient Tea Set"},{"floor":47.0,"key":"Art of War"}],"event_choices":[{"damage_healed":0.0,"max_hp_gain":5.0,"max_hp_loss":0.0,"gold_gain":0.0,"event_name":"Big Fish","player_choice":"Donut","floor":2.0,"gold_loss":0.0,"damage_taken":0.0},{"damage_healed":0.0,"max_hp_gain":0.0,"max_hp_loss":0.0,"gold_gain":0.0,"cards_transformed":["Strike_G"],"event_name":"Transmorgrifier","player_choice":"Transformed","floor":3.0,"gold_loss":0.0,"damage_taken":0.0,"cards_obtained":["Leg Sweep"]},{"damage_healed":17.0,"max_hp_gain":0.0,"max_hp_loss":0.0,"gold_gain":0.0,"event_name":"The Cleric","player_choice":"Healed","floor":5.0,"gold_loss":35.0,"damage_taken":0.0},{"damage_healed":0.0,"max_hp_gain":0.0,"max_hp_loss":0.0,"gold_gain":0.0,"event_name":"Scrap Ooze","player_choice":"Success","floor":11.0,"gold_loss":0.0,"damage_taken":11.0,"relics_obtained":["Ninja Scroll"]},{"damage_healed":0.0,"max_hp_gain":0.0,"max_hp_loss":0.0,"gold_gain":0.0,"event_name":"Addict","player_choice":"Obtained Relic","floor":19.0,"gold_loss":85.0,"damage_taken":0.0,"relics_obtained":["Question Card"]},{"damage_healed":0.0,"max_hp_gain":0.0,"max_hp_loss":0.0,"gold_gain":0.0,"event_name":"Colosseum","player_choice":"Fight","floor":20.0,"gold_loss":0.0,"damage_taken":0.0},{"damage_healed":0.0,"max_hp_gain":0.0,"max_hp_loss":0.0,"gold_gain":0.0,"event_name":"Colosseum","player_choice":"Fought Nobs","floor":20.0,"gold_loss":0.0,"damage_taken":0.0},{"cards_removed":["Strike_G"],"damage_healed":0.0,"max_hp_gain":0.0,"max_hp_loss":0.0,"gold_gain":0.0,"event_name":"Bonfire Elementals","player_choice":"Offered Basic","floor":21.0,"gold_loss":0.0,"damage_taken":0.0},{"damage_healed":0.0,"max_hp_gain":0.0,"max_hp_loss":0.0,"gold_gain":0.0,"event_name":"Back to Basics","player_choice":"Simplicity","floor":30.0,"gold_loss":0.0,"damage_taken":0.0,"cards_upgraded":["Defend_G","Defend_G","Defend_G","Defend_G"]},{"cards_removed":["Tactician"],"damage_healed":0.0,"max_hp_gain":0.0,"max_hp_loss":0.0,"gold_gain":0.0,"event_name":"Falling","player_choice":"Removed Skill","floor":36.0,"gold_loss":0.0,"damage_taken":0.0},{"damage_healed":0.0,"max_hp_gain":0.0,"max_hp_loss":0.0,"gold_gain":0.0,"event_name":"MindBloom","player_choice":"Fight","floor":42.0,"gold_loss":0.0,"damage_taken":0.0}],"is_beta":false,"boss_relics":[{"not_picked":["Cursed Key","White Beast Statue"],"picked":"Astrolabe"},{"not_picked":["WristBlade","Snecko Eye"],"picked":"Eternal Feather"}],"items_purged_floors":[28],"is_endless":false,"potions_floor_spawned":[8,12,13,14,18,22,24,31,35,37,42,48],"ascension_level":17}