{"gold_per_floor":[116,129,129,149,166,199,199,213,238,264,264,276,58,70,70,169,169,186,186,202,213,89,123,123,158,158,158,8,8,27,46,46,143,143,160,176,103,53,53,53,53],"floor_reached":41,"playtime":2811,"items_purged":[],"score":493,"play_id":"aee1bf6a-2063-4144-bd71-4d758c6a27a1","local_time":"20181123061645","is_ascension_mode":false,"campfire_choices":[{"floor":7,"key":"REST"},{"data":"Noxious Fumes","floor":15,"key":"SMITH"},{"floor":24,"key":"REST"},{"floor":27,"key":"REST"},{"floor":29,"key":"REST"},{"data":"Bane","floor":32,"key":"SMITH"},{"floor":40,"key":"REST"}],"neow_cost":"NONE","seed_source_timestamp":117364451221973,"circlet_count":0,"master_deck":["Defend_G","Defend_G","Defend_G+1","Defend_G","Defend_G+1","Strike_G","Strike_G","Strike_G","Strike_G","Survivor","Neutralize","Deflect","Deadly Poison","Corpse Explosion","Deadly Poison","Masterful Stab","Backflip","Dodge and Roll","Noxious Fumes+1","All Out Attack","Envenom","Backflip","Envenom","Poisoned Stab","Deflect","Bane+1","Endless Agony","Bouncing Flask","Endless Agony","All Out Attack+1","Endless Agony+1","Corpse Explosion","Dodge and Roll","Dodge and Roll+1"],"relics":["Ring of the Snake","Orichalcum","Paper Crane","War Paint","Blood Vial","Bronze Scales","Vajra","Snecko Eye","Regal Pillow","Juzu Bracelet","Ancient Tea Set","PreservedInsect","Philosopher\u0027s Stone","Frozen Egg 2"],"potions_floor_usage":[12,16,21,25,33,41],"damage_taken":[{"damage":2,"enemies":"Small Slimes","floor":1,"turns":3},{"damage":0,"enemies":"Jaw Worm","floor":2,"turns":4},{"damage":0,"enemies":"Cultist","floor":4,"turns":4},{"damage":3,"enemies":"Exordium Thugs","floor":5,"turns":3},{"damage":4,"enemies":"3 Sentries","floor":6,"turns":4},{"damage":0,"enemies":"Gremlin Gang","floor":8,"turns":3},{"damage":12,"enemies":"Lagavulin","floor":10,"turns":5},{"damage":6,"enemies":"Blue Slaver","floor":12,"turns":3},{"damage":0,"enemies":"Red Slaver","floor":14,"turns":3},{"damage":0,"enemies":"Hexaghost","floor":16,"turns":7},{"damage":1,"enemies":"Shell Parasite","floor":18,"turns":4},{"damage":14,"enemies":"3 Byrds","floor":20,"turns":3},{"damage":23,"enemies":"Shelled Parasite and Fungi","floor":21,"turns":5},{"damage":36,"enemies":"Slavers","floor":23,"turns":4},{"damage":46,"enemies":"Gremlin Leader","floor":25,"turns":5},{"damage":6,"enemies":"Cultist and Chosen","floor":30,"turns":4},{"damage":0,"enemies":"3 Cultists","floor":31,"turns":2},{"damage":68,"enemies":"Automaton","floor":33,"turns":7},{"damage":34,"enemies":"3 Darklings","floor":35,"turns":3},{"damage":28,"enemies":"3 Shapes","floor":36,"turns":4},{"damage":79,"enemies":"Giant Head","floor":41,"turns":7}],"seed_played":"6552116673601536716","potions_obtained":[{"floor":2,"key":"Swift Potion"},{"floor":4,"key":"PowerPotion"},{"floor":5,"key":"SteroidPotion"},{"floor":14,"key":"GhostInAJar"},{"floor":18,"key":"Block Potion"},{"floor":21,"key":"SteroidPotion"},{"floor":31,"key":"Fire Potion"}],"is_trial":false,"path_per_floor":["M","M","?","M","M","E","R","M","T","E","?","M","$","M","R","B",null,"M","?","M","M","$","E","R","E","T","R","$","R","M","M","R","B",null,"M","M","$","?","?","R","E"],"character_chosen":"THE_SILENT","items_purchased":["Vajra","Noxious Fumes","Bane","Endless Agony","PreservedInsect","Regen Potion"],"campfire_rested":5,"item_purchase_floors":[13,13,22,22,28,37],"current_hp_per_floor":[68,68,43,43,40,36,57,57,57,47,80,74,74,76,76,78,80,79,79,66,45,45,11,50,6,6,45,45,80,74,76,76,10,80,46,20,20,20,20,59,0],"gold":53,"neow_bonus":"RANDOM_COMMON_RELIC","is_prod":false,"is_daily":false,"chose_seed":false,"campfire_upgraded":2,"win_rate":0.0,"timestamp":1542971805,"path_taken":["M","M","?","M","M","E","R","M","T","E","?","?","$","M","R","BOSS","M","?","M","M","$","E","R","E","T","R","$","R","M","M","R","BOSS","M","M","$","?","?","R","E"],"build_version":"2018-11-15","purchased_purges":0,"victory":false,"max_hp_per_floor":[70,70,70,70,70,70,70,70,70,70,80,80,80,80,80,80,80,80,80,80,80,80,80,80,80,80,80,80,80,80,80,80,80,80,80,80,80,80,80,80,80],"card_choices":[{"not_picked":["Acrobatics","Expertise"],"picked":"Deflect","floor":1},{"not_picked":["PiercingWail","Cloak And Dagger"],"picked":"Deadly Poison","floor":2},{"not_picked":["Sucker Punch","Outmaneuver"],"picked":"Corpse Explosion","floor":4},{"not_picked":["Outmaneuver","Cloak And Dagger"],"picked":"Deadly Poison","floor":5},{"not_picked":["Accuracy","Calculated Gamble"],"picked":"Masterful Stab","floor":6},{"not_picked":["Dagger Spray","Choke"],"picked":"Backflip","floor":8},{"not_picked":["Dagger Spray","Expertise"],"picked":"Adrenaline","floor":10},{"not_picked":["Quick Slash","Cloak And Dagger"],"picked":"Dodge and Roll","floor":12},{"not_picked":["Dagger Throw","Predator"],"picked":"All Out Attack","floor":14},{"not_picked":["Wraith Form v2","Unload"],"picked":"Envenom","floor":16},{"not_picked":["Escape Plan","Terror"],"picked":"Backflip","floor":18},{"not_picked":["Dagger Spray","Blur"],"picked":"Poisoned Stab","floor":20},{"not_picked":["Dagger Throw+1","Flying Knee+1"],"picked":"Deflect","floor":21},{"not_picked":["Outmaneuver","Cloak And Dagger"],"picked":"Bouncing Flask","floor":23},{"not_picked":["Outmaneuver","Acrobatics"],"picked":"Endless Agony","floor":25},{"not_picked":["Accuracy","Deadly Poison"],"picked":"All Out Attack+1","floor":30},{"not_picked":["PiercingWail","Wraith Form v2"],"picked":"Endless Agony+1","floor":31},{"not_picked":["Phantasmal Killer","Bullet Time"],"picked":"Corpse Explosion","floor":33},{"not_picked":["Backflip","Finisher"],"picked":"Dodge and Roll","floor":35},{"not_picked":["Masterful Stab+1","Noxious Fumes+1"],"picked":"Dodge and Roll+1","floor":36}],"player_experience":38013,"relics_obtained":[{"floor":6,"key":"War Paint"},{"floor":9,"key":"Blood Vial"},{"floor":10,"key":"Bronze Scales"},{"floor":23,"key":"Regal Pillow"},{"floor":25,"key":"Juzu Bracelet"},{"floor":26,"key":"Ancient Tea Set"}],"event_choices":[{"damage_healed":0,"gold_gain":0,"player_choice":"Success","damage_taken":25,"relics_obtained":["Paper Crane"],"max_hp_gain":0,"max_hp_loss":0,"event_name":"Scrap Ooze","floor":3,"gold_loss":0},{"cards_removed":["Adrenaline"],"damage_healed":23,"gold_gain":0,"player_choice":"Offered Rare","damage_taken":0,"max_hp_gain":10,"max_hp_loss":0,"event_name":"Bonfire Elementals","floor":11,"gold_loss":0},{"damage_healed":0,"gold_gain":0,"player_choice":"Copied","damage_taken":0,"max_hp_gain":0,"max_hp_loss":0,"event_name":"Duplicator","floor":19,"gold_loss":0,"cards_obtained":["Envenom"]},{"damage_healed":0,"gold_gain":0,"player_choice":"Paid Gold","damage_taken":0,"relics_obtained":["Frozen Egg 2"],"max_hp_gain":0,"max_hp_loss":0,"event_name":"WeMeetAgain","floor":38,"gold_loss":50},{"cards_removed":["Strike_G"],"damage_healed":0,"gold_gain":0,"player_choice":"Removed Attack","damage_taken":0,"max_hp_gain":0,"max_hp_loss":0,"event_name":"Falling","floor":39,"gold_loss":0}],"is_beta":false,"boss_relics":[{"not_picked":["Astrolabe","WristBlade"],"picked":"Snecko Eye"},{"not_picked":["Runic Dome","White Beast Statue"],"picked":"Philosopher\u0027s Stone"}],"items_purged_floors":[],"is_endless":false,"potions_floor_spawned":[2,4,5,14,18,21,31],"killed_by":"Giant Head","ascension_level":0}