{"gold_per_floor":[115,190,220,234,249,249,283,283,331,331,108,108,118,130,130,203,203,216,233,233,133,157,157,177,203,203,203],"floor_reached":27,"playtime":18918,"items_purged":["Strike_B","Strike_B"],"score":404,"play_id":"8a1ee114-2b1c-44be-9509-fa20012e5162","local_time":"20181120094330","is_ascension_mode":true,"campfire_choices":[{"floor":6,"key":"REST"},{"floor":12,"key":"REST"},{"floor":15,"key":"REST"},{"floor":23,"key":"REST"}],"neow_cost":"NONE","seed_source_timestamp":1212426088918,"circlet_count":0,"master_deck":["AscendersBane","Strike_B","Defend_B","Defend_B","Defend_B","Defend_B","Zap","Dualcast","Gash","Gash","Chill","Echo Form","Core Surge","Regret","Cold Snap","Sweeping Beam+1"],"relics":["Cracked Core","Tiny Chest","Regal Pillow","DataDisk","PreservedInsect","Cursed Key","Vajra","Pen Nib"],"potions_floor_usage":[19,25,27],"damage_taken":[{"damage":10,"enemies":"Small Slimes","floor":1,"turns":3},{"damage":1,"enemies":"2 Louse","floor":4,"turns":2},{"damage":1,"enemies":"Cultist","floor":5,"turns":3},{"damage":27,"enemies":"3 Sentries","floor":7,"turns":8},{"damage":4,"enemies":"3 Louse","floor":13,"turns":4},{"damage":15,"enemies":"Exordium Wildlife","floor":14,"turns":4},{"damage":24,"enemies":"The Guardian","floor":16,"turns":10},{"damage":48,"enemies":"3 Byrds","floor":18,"turns":6},{"damage":14,"enemies":"Chosen","floor":19,"turns":5},{"damage":26,"enemies":"Snecko","floor":24,"turns":6},{"damage":23,"enemies":"Book of Stabbing","floor":25,"turns":6},{"damage":12,"enemies":"Centurion and Healer","floor":27,"turns":2}],"seed_played":"-4931664428585375521","potions_obtained":[{"floor":1,"key":"SteroidPotion"},{"floor":7,"key":"FearPotion"},{"floor":14,"key":"Regen Potion"},{"floor":25,"key":"SkillPotion"}],"is_trial":false,"path_per_floor":["M","?","?","M","M","R","E","?","T","?","$","R","M","M","R","B",null,"M","M","?","$","T","R","M","E","T","M"],"character_chosen":"DEFECT","items_purchased":["PreservedInsect"],"campfire_rested":4,"item_purchase_floors":[11],"current_hp_per_floor":[54,43,25,24,23,44,17,17,17,17,17,53,49,34,70,46,65,17,17,31,31,31,67,41,18,18,6],"gold":203,"neow_bonus":"THREE_CARDS","is_prod":false,"is_daily":false,"chose_seed":false,"campfire_upgraded":0,"win_rate":0,"timestamp":1542667410,"path_taken":["M","?","?","M","M","R","E","?","T","?","$","R","?","M","R","BOSS","M","M","?","$","?","R","?","E","T","M"],"build_version":"2018-11-15","purchased_purges":2,"victory":false,"max_hp_per_floor":[71,71,71,71,71,71,71,71,71,71,71,71,71,71,71,71,71,71,71,71,71,71,71,71,71,71,71],"card_choices":[{"not_picked":["Go for the Eyes","Lockon"],"picked":"Gash","floor":0},{"not_picked":["Fusion","Streamline","Rebound"],"picked":"SKIP","floor":1},{"not_picked":["Turbo","Reinforced Body"],"picked":"Gash","floor":4},{"not_picked":["Static Discharge","Stack"],"picked":"Chill","floor":5},{"not_picked":["Barrage","Self Repair"],"picked":"Echo Form","floor":7},{"not_picked":["Doom and Gloom","Consume","Tempest"],"picked":"SKIP","floor":13},{"not_picked":["Barrage","Static Discharge","Rebound"],"picked":"SKIP","floor":14},{"not_picked":["Multi-Cast","Amplify"],"picked":"Core Surge","floor":16},{"not_picked":["Storm","Heatsinks","Static Discharge"],"picked":"SKIP","floor":18},{"not_picked":["Redo","Recycle","Doom and Gloom+1"],"picked":"SKIP","floor":19},{"not_picked":["Self Repair","Compile Driver"],"picked":"Cold Snap","floor":24},{"not_picked":["Chaos","Hologram"],"picked":"Sweeping Beam+1","floor":25}],"player_experience":870161,"relics_obtained":[{"floor":7,"key":"Regal Pillow"},{"floor":9,"key":"DataDisk"},{"floor":22,"key":"Vajra"},{"floor":25,"key":"Pen Nib"}],"event_choices":[{"damage_healed":0,"gold_gain":75,"player_choice":"Gather Gold","damage_taken":11,"max_hp_gain":0,"max_hp_loss":0,"event_name":"World of Goop","floor":2,"gold_loss":0},{"damage_healed":0,"gold_gain":0,"player_choice":"Success","damage_taken":18,"relics_obtained":["Tiny Chest"],"max_hp_gain":0,"max_hp_loss":0,"event_name":"Scrap Ooze","floor":3,"gold_loss":0},{"damage_healed":0,"gold_gain":0,"player_choice":"Ignored","damage_taken":0,"max_hp_gain":0,"max_hp_loss":0,"event_name":"Shining Light","floor":8,"gold_loss":0},{"cards_removed":["Strike_B"],"damage_healed":0,"gold_gain":0,"player_choice":"Offered Basic","damage_taken":0,"max_hp_gain":0,"max_hp_loss":0,"event_name":"Bonfire Elementals","floor":10,"gold_loss":0},{"damage_healed":14,"gold_gain":0,"player_choice":"Heal","damage_taken":0,"max_hp_gain":0,"max_hp_loss":0,"event_name":"The Library","floor":20,"gold_loss":0}],"is_beta":true,"boss_relics":[{"not_picked":["Snecko Eye","Velvet Choker"],"picked":"Cursed Key"}],"items_purged_floors":[11,21],"is_endless":false,"potions_floor_spawned":[1,7,14,25],"killed_by":"Centurion and Healer","ascension_level":15}