{"gold_per_floor":[116,116,136,153,153,153,153,168,168,183,222,235,235,269,269,393,393,414,428,14,0,16,56,56,56,56,70,169,181,181,101,101,201,201,213,53,72,7,7,7,37,63,75,87],"floor_reached":44,"playtime":3024,"items_purged":["Pain"],"score":544,"play_id":"cff17028-1d9c-4d93-9525-8eff94ee9e54","local_time":"20181203001740","is_ascension_mode":true,"campfire_choices":[{"floor":13,"key":"REST"},{"floor":15,"key":"RECALL"},{"floor":25,"key":"REST"},{"floor":30,"key":"REST"},{"floor":32,"key":"REST"},{"floor":40,"key":"REST"}],"neow_cost":"NONE","seed_source_timestamp":746868680178554,"circlet_count":0,"master_deck":["Strike_R","Strike_R","Strike_R","Strike_R","Strike_R","Defend_R","Defend_R","Defend_R","Defend_R","Bash","Pommel Strike","Immolate+1","Cleave","Flame Barrier","Combust","Iron Wave","Dual Wield","Twin Strike","Feed","Flame Barrier+1","Iron Wave","Dramatic Entrance","PiercingWail","Coolheaded+1","Armaments","Auto Shields+1","Apotheosis","Conserve Battery+1","Dramatic Entrance","Battle Trance","Seeing Red","Blur","Finesse","Sucker Punch+1","Leap"],"relics":["Burning Blood","NeowsBlessing","WarpedTongs","Bloody Idol","The Courier","Shuriken","Strawberry","Bag of Marbles","Lizard Tail","Bronze Scales","PrismaticShard","Boot","Thread and Needle","Runic Cube","MawBank"],"potions_floor_usage":[11,16,16,23,23,27,39,41,42,44],"damage_taken":[{"damage":0,"enemies":"Cultist","floor":1,"turns":1},{"damage":2,"enemies":"Small Slimes","floor":3,"turns":1},{"damage":1,"enemies":"Jaw Worm","floor":4,"turns":1},{"damage":1,"enemies":"2 Fungi Beasts","floor":8,"turns":2},{"damage":6,"enemies":"Looter","floor":10,"turns":3},{"damage":56,"enemies":"Lagavulin","floor":11,"turns":6},{"damage":1,"enemies":"3 Louse","floor":12,"turns":3},{"damage":11,"enemies":"3 Sentries","floor":14,"turns":2},{"damage":56,"enemies":"Hexaghost","floor":16,"turns":10},{"damage":44,"enemies":"Shell Parasite","floor":18,"turns":10},{"damage":6,"enemies":"Spheric Guardian","floor":19,"turns":4},{"damage":17,"enemies":"Snecko","floor":22,"turns":4},{"damage":33,"enemies":"Slavers","floor":23,"turns":4},{"damage":18,"enemies":"Shelled Parasite and Fungi","floor":27,"turns":6},{"damage":17,"enemies":"Snake Plant","floor":29,"turns":4},{"damage":138,"enemies":"Automaton","floor":33,"turns":14},{"damage":26,"enemies":"3 Shapes","floor":35,"turns":5},{"damage":14,"enemies":"3 Darklings","floor":37,"turns":4},{"damage":16,"enemies":"Sphere and 2 Shapes","floor":39,"turns":5},{"damage":53,"enemies":"Reptomancer","floor":41,"turns":8},{"damage":32,"enemies":"4 Shapes","floor":42,"turns":3},{"damage":80,"enemies":"Transient","floor":44,"turns":5}],"seed_played":"-4151522928970329080","potions_obtained":[{"floor":1,"key":"Regen Potion"},{"floor":3,"key":"PowerPotion"},{"floor":8,"key":"FearPotion"},{"floor":11,"key":"Swift Potion"},{"floor":16,"key":"PowerPotion"},{"floor":22,"key":"SpeedPotion"},{"floor":23,"key":"BloodPotion"},{"floor":29,"key":"SmokeBomb"},{"floor":33,"key":"Explosive Potion"},{"floor":35,"key":"GamblersBrew"},{"floor":41,"key":"Strength Potion"}],"is_trial":false,"path_per_floor":["M","?","M","M","?","?","?","M","T","M","E","M","R","E","R","B",null,"M","M","$","?","M","E","?","R","T","M","?","M","R","$","R","B",null,"M","$","M","$","M","R","E","M","T","M"],"character_chosen":"IRONCLAD","items_purchased":["Bronze Scales","Dramatic Entrance","PrismaticShard","FairyPotion","Dramatic Entrance","Battle Trance","Seeing Red","Finesse"],"campfire_rested":5,"item_purchase_floors":[20,20,20,31,36,36,36,38],"current_hp_per_floor":[80,80,80,80,74,74,71,74,74,74,31,36,60,55,55,20,81,47,47,47,47,36,12,12,38,38,43,48,42,69,69,91,56,91,79,79,76,76,66,94,52,39,44,0],"gold":87,"neow_bonus":"THREE_ENEMY_KILL","is_prod":false,"is_daily":false,"chose_seed":false,"campfire_upgraded":0,"win_rate":0,"timestamp":1543814260,"path_taken":["M","?","?","?","?","?","?","M","T","M","E","M","R","E","R","BOSS","M","M","$","?","M","E","?","R","T","M","?","?","R","$","R","BOSS","M","$","M","?","M","R","E","?","T","M"],"build_version":"2018-11-15","purchased_purges":1,"victory":false,"max_hp_per_floor":[80,80,80,80,74,74,74,74,74,74,81,81,81,81,81,81,81,85,85,85,85,85,88,88,88,88,91,91,91,91,91,91,91,91,94,94,94,94,94,94,94,97,97,97],"card_choices":[{"not_picked":["Anger","Headbutt"],"picked":"Pommel Strike","floor":1},{"not_picked":["Seeing Red","Perfected Strike"],"picked":"Immolate","floor":3},{"not_picked":["Anger","Thunderclap"],"picked":"Cleave","floor":4},{"not_picked":["Pommel Strike","Clothesline"],"picked":"Flame Barrier","floor":8},{"not_picked":["Searing Blow","Whirlwind"],"picked":"Combust","floor":10},{"not_picked":["Battle Trance","Headbutt"],"picked":"Iron Wave","floor":11},{"not_picked":["Clothesline","Iron Wave"],"picked":"Dual Wield","floor":12},{"not_picked":["Headbutt","Limit Break"],"picked":"Twin Strike","floor":14},{"not_picked":["Offering","Dark Embrace"],"picked":"Feed","floor":16},{"not_picked":["Entrench","Thunderclap+1"],"picked":"Flame Barrier+1","floor":18},{"not_picked":["Wild Strike","Body Slam"],"picked":"Iron Wave","floor":19},{"not_picked":["Escape Plan+1","Coolheaded"],"picked":"PiercingWail","floor":22},{"not_picked":["Footwork","True Grit+1"],"picked":"Coolheaded+1","floor":23},{"not_picked":["Clash","Combust"],"picked":"Armaments","floor":27},{"not_picked":["Combust+1","True Grit"],"picked":"Auto Shields+1","floor":29},{"not_picked":["Grand Finale","Burst"],"picked":"Apotheosis","floor":33},{"not_picked":["Reflex","Streamline+1"],"picked":"Conserve Battery+1","floor":35},{"not_picked":["Flex+1","Gash"],"picked":"Blur","floor":37},{"not_picked":["Redo","Uppercut+1"],"picked":"Sucker Punch+1","floor":41},{"not_picked":["Compile Driver","Beam Cell"],"picked":"Leap","floor":42}],"player_experience":134449,"relics_obtained":[{"floor":9,"key":"Shuriken"},{"floor":11,"key":"Strawberry"},{"floor":14,"key":"Bag of Marbles"},{"floor":23,"key":"Boot"},{"floor":26,"key":"Thread and Needle"},{"floor":41,"key":"MawBank"}],"event_choices":[{"damage_healed":0,"gold_gain":0,"player_choice":"Rummage","damage_taken":0,"relics_obtained":["WarpedTongs"],"max_hp_gain":0,"max_hp_loss":0,"event_name":"Accursed Blacksmith","floor":2,"gold_loss":0,"cards_obtained":["Pain"]},{"damage_healed":0,"gold_gain":0,"player_choice":"Lose Max HP","damage_taken":0,"relics_obtained":["Golden Idol"],"max_hp_gain":0,"max_hp_loss":6,"event_name":"Golden Idol","floor":5,"gold_loss":0},{"damage_healed":0,"gold_gain":0,"player_choice":"Grow","damage_taken":0,"max_hp_gain":0,"max_hp_loss":0,"event_name":"Living Wall","floor":6,"gold_loss":0,"cards_upgraded":["Immolate"]},{"damage_healed":0,"gold_gain":0,"player_choice":"Success","damage_taken":3,"relics_obtained":["The Courier"],"max_hp_gain":0,"max_hp_loss":0,"event_name":"Scrap Ooze","floor":7,"gold_loss":0},{"damage_healed":0,"gold_gain":0,"player_choice":"Paid Fearfully","damage_taken":0,"max_hp_gain":0,"max_hp_loss":0,"event_name":"Masked Bandits","floor":21,"gold_loss":14},{"damage_healed":0,"gold_gain":0,"player_choice":"Gave Idol","damage_taken":0,"relics_obtained":["Bloody Idol"],"max_hp_gain":0,"max_hp_loss":0,"event_name":"Forgotten Altar","floor":24,"relics_lost":["Golden Idol"],"gold_loss":0},{"damage_healed":0,"gold_gain":99,"player_choice":"Stole From Cult","damage_taken":0,"max_hp_gain":0,"max_hp_loss":0,"event_name":"Nest","floor":28,"gold_loss":0}],"is_beta":false,"boss_relics":[{"not_picked":["Astrolabe","Mark of Pain"],"picked":"Lizard Tail"},{"not_picked":["Pandora\u0027s Box","Tiny House"],"picked":"Runic Cube"}],"items_purged_floors":[20],"is_endless":false,"potions_floor_spawned":[1,3,8,11,16,22,23,29,33,35,41],"killed_by":"Transient","ascension_level":1}