{"gold_per_floor":[116,131,131,141,152,152,168,203,203,55,5,34,34,54,54,54],"floor_reached":16,"playtime":773,"items_purged":["Strike_R"],"score":118,"play_id":"565e01d4-c01a-43cb-a177-c16fcbcebf22","local_time":"20190202091307","is_ascension_mode":true,"campfire_choices":[{"data":"Corruption","floor":6,"key":"SMITH"},{"data":"Double Tap","floor":13,"key":"SMITH"},{"data":"Anger","floor":15,"key":"SMITH"}],"neow_cost":"NONE","seed_source_timestamp":102492430969928,"circlet_count":0,"master_deck":["Strike_R","Strike_R","Defend_R","Defend_R+1","Defend_R+1","Defend_R","Bash","Headbutt","Power Through","Corruption+1","Double Tap+1","Battle Trance","Iron Wave","Anger+1"],"relics":["Burning Blood","Juzu Bracelet","War Paint"],"potions_floor_usage":[8,12,16],"damage_taken":[{"damage":6,"enemies":"2 Louse","floor":1,"turns":3},{"damage":1,"enemies":"Cultist","floor":2,"turns":3},{"damage":2,"enemies":"Jaw Worm","floor":4,"turns":4},{"damage":2,"enemies":"Looter","floor":5,"turns":5},{"damage":5,"enemies":"Large Slime","floor":7,"turns":7},{"damage":36,"enemies":"Lagavulin","floor":8,"turns":6},{"damage":32,"enemies":"Gremlin Nob","floor":12,"turns":4},{"damage":0,"enemies":"Exordium Wildlife","floor":14,"turns":6},{"damage":31,"enemies":"The Guardian","floor":16,"turns":9}],"seed_played":"-3994367292759766397","potions_obtained":[{"floor":2,"key":"Swift Potion"},{"floor":5,"key":"FearPotion"},{"floor":7,"key":"Dexterity Potion"}],"is_trial":false,"path_per_floor":["M","M","?","M","M","R","M","E","T","$","?","E","R","M","R","B"],"character_chosen":"IRONCLAD","items_purchased":["Battle Trance"],"campfire_rested":0,"item_purchase_floors":[10],"current_hp_per_floor":[80,80,80,80,80,80,80,50,50,50,50,24,24,30,30,0],"gold":54,"neow_bonus":"REMOVE_CARD","is_prod":false,"is_daily":false,"chose_seed":false,"campfire_upgraded":3,"win_rate":0,"timestamp":1549127587,"path_taken":["M","M","?","M","M","R","M","E","T","$","?","E","R","M","R","BOSS"],"build_version":"2019-01-23","purchased_purges":1,"victory":false,"max_hp_per_floor":[80,80,80,80,80,80,80,80,80,80,80,80,80,80,80,80],"card_choices":[{"not_picked":["Shrug It Off","Warcry"],"picked":"Headbutt","floor":1},{"not_picked":["Evolve","Clash"],"picked":"Power Through","floor":2},{"not_picked":["Infernal Blade","Thunderclap","Sword Boomerang"],"picked":"SKIP","floor":4},{"not_picked":["Pommel Strike","Inflame"],"picked":"Corruption","floor":5},{"not_picked":["Flex","Heavy Blade"],"picked":"Double Tap","floor":7},{"not_picked":["Combust","Perfected Strike","Clash"],"picked":"SKIP","floor":8},{"not_picked":["Heavy Blade","Brutality"],"picked":"Iron Wave","floor":12},{"not_picked":["Burning Pact","Havoc"],"picked":"Anger","floor":14}],"player_experience":1003239,"relics_obtained":[{"floor":8,"key":"Juzu Bracelet"},{"floor":12,"key":"War Paint"}],"event_choices":[{"damage_healed":0,"gold_gain":0,"player_choice":"Ignored","damage_taken":0,"max_hp_gain":0,"max_hp_loss":0,"event_name":"NoteForYourself","floor":3,"gold_loss":0},{"cards_removed":["Strike_R"],"damage_healed":0,"gold_gain":0,"player_choice":"Card Removal","damage_taken":0,"max_hp_gain":0,"max_hp_loss":0,"event_name":"The Cleric","floor":11,"gold_loss":50}],"is_beta":true,"boss_relics":[],"items_purged_floors":[10],"is_endless":false,"potions_floor_spawned":[2,5,7],"killed_by":"The Guardian","ascension_level":1}