{"gold_per_floor":[119,139,139,64,14,40,40,65,65,91,91,102,116,116,116,190,190,179,196,376,386,399,427,427],"floor_reached":24,"playtime":1320,"items_purged":["Strike_R"],"score":513,"play_id":"4fccca54-e55f-4afd-90cf-9fb0d3b199e4","local_time":"20190207215202","is_ascension_mode":true,"campfire_choices":[{"data":"Armaments","floor":7,"key":"SMITH"},{"data":"Body Slam","floor":15,"key":"SMITH"}],"neow_cost":"NONE","seed_source_timestamp":873331149296997,"circlet_count":0,"master_deck":["AscendersBane","Strike_R","Strike_R","Strike_R","Defend_R","Defend_R+1","Defend_R","Defend_R","Bash","Shockwave","Battle Trance","Armaments+1","Ghostly Armor+1","Body Slam+1","Spot Weakness","Berserk","Heavy Blade","Disarm+1"],"relics":["Black Blood","NeowsBlessing","Singing Bowl","Ancient Tea Set","Vajra","Sundial","Bag of Marbles"],"potions_floor_usage":[10,16,18,21,21,21,23],"damage_taken":[{"damage":0,"enemies":"Small Slimes","floor":1,"turns":1},{"damage":0,"enemies":"2 Louse","floor":2,"turns":1},{"damage":0,"enemies":"Gremlin Nob","floor":6,"turns":1},{"damage":14,"enemies":"Lagavulin","floor":8,"turns":7},{"damage":32,"enemies":"3 Sentries","floor":10,"turns":13},{"damage":0,"enemies":"Cultist","floor":12,"turns":3},{"damage":7,"enemies":"Looter","floor":13,"turns":3},{"damage":0,"enemies":"The Guardian","floor":16,"turns":10},{"damage":9,"enemies":"2 Thieves","floor":18,"turns":4},{"damage":23,"enemies":"Shell Parasite","floor":19,"turns":6},{"damage":15,"enemies":"Sentry and Sphere","floor":21,"turns":8},{"damage":30,"enemies":"Snake Plant","floor":22,"turns":5},{"damage":19,"enemies":"Book of Stabbing","floor":23,"turns":6},{"damage":42,"enemies":"Cultist and Chosen","floor":24,"turns":8}],"seed_played":"-8694635089843939608","potions_obtained":[{"floor":2,"key":"Dexterity Potion"},{"floor":8,"key":"Block Potion"},{"floor":12,"key":"Block Potion"},{"floor":16,"key":"Ancient Potion"},{"floor":19,"key":"EntropicBrew"},{"floor":22,"key":"Swift Potion"}],"is_trial":false,"path_per_floor":["M","M","?","$","?","E","R","E","T","E","?","M","M","?","R","B",null,"M","M","?","M","M","E","M"],"character_chosen":"IRONCLAD","items_purchased":[],"campfire_rested":0,"item_purchase_floors":[],"current_hp_per_floor":[78,80,85,85,85,85,85,77,77,51,51,57,58,41,41,47,77,80,67,43,40,20,13,0],"gold":427,"neow_bonus":"THREE_ENEMY_KILL","is_prod":false,"is_daily":false,"chose_seed":false,"campfire_upgraded":2,"win_rate":0,"timestamp":1549597922,"path_taken":["M","M","?","$","?","E","R","E","T","E","?","M","?","?","R","BOSS","M","M","?","?","M","E","M"],"build_version":"2019-01-23","purchased_purges":1,"victory":false,"max_hp_per_floor":[80,80,85,85,85,85,85,85,85,85,85,85,87,87,87,87,87,89,89,89,91,91,93,93],"card_choices":[{"not_picked":["Havoc","Infernal Blade"],"picked":"Shockwave","floor":1},{"not_picked":["Body Slam","Clash"],"picked":"Battle Trance","floor":2},{"not_picked":["Sever Soul","Cleave"],"picked":"Armaments","floor":6},{"not_picked":["Dark Embrace","Shrug It Off"],"picked":"Ghostly Armor","floor":8},{"not_picked":["Armaments","Pommel Strike"],"picked":"Body Slam","floor":10},{"not_picked":["Metallicize","Flex"],"picked":"Spot Weakness","floor":12},{"not_picked":["Iron Wave","Havoc","Brutality"],"picked":"Singing Bowl","floor":13},{"not_picked":["Dark Embrace","Exhume"],"picked":"Berserk","floor":16},{"not_picked":["Clash","Cleave","Flex"],"picked":"Singing Bowl","floor":18},{"not_picked":["Twin Strike+1","Iron Wave"],"picked":"Heavy Blade","floor":19},{"not_picked":["Blood for Blood","Anger","Pommel Strike"],"picked":"Singing Bowl","floor":21},{"not_picked":["Infernal Blade","Fiend Fire"],"picked":"Disarm+1","floor":22},{"not_picked":["Blood for Blood","Headbutt+1","Entrench"],"picked":"Singing Bowl","floor":23}],"player_experience":530679,"relics_obtained":[{"floor":6,"key":"Singing Bowl"},{"floor":8,"key":"Ancient Tea Set"},{"floor":9,"key":"Vajra"},{"floor":10,"key":"Sundial"},{"floor":23,"key":"Bag of Marbles"}],"event_choices":[{"damage_healed":0,"gold_gain":0,"player_choice":"Donut","damage_taken":0,"max_hp_gain":5,"max_hp_loss":0,"event_name":"Big Fish","floor":3,"gold_loss":0},{"cards_removed":["Strike_R"],"damage_healed":0,"gold_gain":0,"player_choice":"Card Removal","damage_taken":0,"max_hp_gain":0,"max_hp_loss":0,"event_name":"The Cleric","floor":5,"gold_loss":50},{"damage_healed":0,"gold_gain":0,"player_choice":"0 cards matched","damage_taken":0,"max_hp_gain":0,"max_hp_loss":0,"event_name":"Match and Keep!","floor":11,"gold_loss":0,"cards_obtained":[]},{"damage_healed":0,"gold_gain":0,"player_choice":"Entered Light","damage_taken":17,"max_hp_gain":0,"max_hp_loss":0,"event_name":"Shining Light","floor":14,"gold_loss":0,"cards_upgraded":["Defend_R","Ghostly Armor"]},{"damage_healed":0,"gold_gain":180,"player_choice":"GOLD GOLD ","damage_taken":24,"max_hp_gain":0,"max_hp_loss":0,"event_name":"Knowing Skull","floor":20,"potions_obtained":[],"gold_loss":0,"cards_obtained":[]}],"is_beta":false,"boss_relics":[{"not_picked":["Lizard Tail","Velvet Choker"],"picked":"Black Blood"}],"items_purged_floors":[4],"is_endless":false,"potions_floor_spawned":[2,8,12,16,19,22],"killed_by":"Cultist and Chosen","ascension_level":13}