{"gold_per_floor":[20,34,52,202,202,202,45,45,121,121,140,156,181,181,181,275,275,290,290,205,205,51,51,84,84,84,102,102],"floor_reached":28,"playtime":1560,"items_purged":["Doubt","Strike_B"],"score":410,"play_id":"02241b12-4e25-44c5-92b0-bc3cd058aada","local_time":"20181118221421","is_ascension_mode":true,"campfire_choices":[{"data":"White Noise","floor":6,"key":"SMITH"},{"data":"Defragment","floor":8,"key":"SMITH"},{"data":"Zap","floor":10,"key":"SMITH"},{"floor":15,"key":"REST"},{"data":"Creative AI","floor":23,"key":"SMITH"},{"data":"Fission","floor":25,"key":"SMITH"}],"neow_cost":"NO_GOLD","seed_source_timestamp":63090492737570,"circlet_count":0,"master_deck":["AscendersBane","Strike_B","Strike_B","Defend_B","Defend_B","Defend_B+1","Defend_B+1","Zap+1","Dualcast","Trip","Impatience","Conserve Battery","Conserve Battery","White Noise+1","Defragment+1","Fission+1","Chill","Ball Lightning","Creative AI+1","Force Field","Conserve Battery+1","Rainbow+1","Tempest+1"],"relics":["Cracked Core","Bottled Tornado","Pear","Golden Idol","Coffee Dripper","Dead Branch","Toxic Egg 2","Vajra","Symbiotic Virus"],"potions_floor_usage":[13],"damage_taken":[{"damage":0,"enemies":"2 Louse","floor":1,"turns":2},{"damage":5,"enemies":"Jaw Worm","floor":2,"turns":3},{"damage":2,"enemies":"Small Slimes","floor":3,"turns":3},{"damage":0,"enemies":"Looter","floor":11,"turns":2},{"damage":1,"enemies":"Blue Slaver","floor":12,"turns":4},{"damage":2,"enemies":"3 Sentries","floor":13,"turns":9},{"damage":17,"enemies":"Slime Boss","floor":16,"turns":11},{"damage":22,"enemies":"3 Byrds","floor":18,"turns":5},{"damage":22,"enemies":"Book of Stabbing","floor":24,"turns":6},{"damage":7,"enemies":"2 Thieves","floor":27,"turns":2},{"damage":23,"enemies":"Slavers","floor":28,"turns":1}],"seed_played":"-3771021239236899427","potions_obtained":[{"floor":1,"key":"SkillPotion"},{"floor":13,"key":"Ancient Potion"},{"floor":24,"key":"SpeedPotion"}],"is_trial":false,"path_per_floor":["M","M","M","?","?","R","$","R","T","R","M","M","E","?","R","B",null,"M","?","?","T","$","R","E","R","T","M","E"],"character_chosen":"DEFECT","items_purchased":["Defragment","Conserve Battery+1"],"campfire_rested":1,"item_purchase_floors":[7,22],"current_hp_per_floor":[64,59,57,57,36,36,36,36,36,36,36,35,43,15,39,22,66,44,44,44,44,44,44,22,22,22,15,0],"gold":102,"neow_bonus":"RANDOM_COLORLESS_2","is_prod":false,"is_daily":false,"chose_seed":false,"campfire_upgraded":5,"win_rate":0,"timestamp":1542539661,"path_taken":["M","M","M","?","?","R","?","R","T","R","M","M","E","?","R","BOSS","M","?","?","?","$","R","E","R","T","M","E"],"build_version":"2018-11-15","purchased_purges":2,"victory":false,"max_hp_per_floor":[71,71,71,71,71,71,71,71,71,71,71,71,81,81,81,81,81,81,81,81,81,81,81,81,81,81,81,81],"card_choices":[{"not_picked":["Rebound","Beam Cell"],"picked":"Conserve Battery","floor":1},{"not_picked":["Doom and Gloom","Hologram"],"picked":"Conserve Battery","floor":2},{"not_picked":["Conserve Battery","Rip and Tear"],"picked":"White Noise","floor":3},{"not_picked":["Barrage","Steam"],"picked":"Fission","floor":11},{"not_picked":["Defragment","Streamline"],"picked":"Chill","floor":12},{"not_picked":["Beam Cell","Rebound"],"picked":"Ball Lightning","floor":13},{"not_picked":["Core Surge","Thunder Strike"],"picked":"Creative AI","floor":16},{"not_picked":["Sweeping Beam","Steam"],"picked":"Force Field","floor":18},{"not_picked":["Ball Lightning+1","Compile Driver"],"picked":"Rainbow+1","floor":24},{"not_picked":["Scrape","Barrage"],"picked":"Tempest+1","floor":27}],"player_experience":862366,"relics_obtained":[{"floor":9,"key":"Bottled Tornado"},{"floor":13,"key":"Pear"},{"floor":21,"key":"Toxic Egg 2"},{"floor":24,"key":"Vajra"},{"floor":26,"key":"Symbiotic Virus"}],"event_choices":[{"damage_healed":0,"gold_gain":150,"player_choice":"AGREE","damage_taken":0,"max_hp_gain":0,"max_hp_loss":0,"event_name":"Liars Game","floor":4,"gold_loss":0,"cards_obtained":["Doubt"]},{"damage_healed":0,"gold_gain":0,"player_choice":"Entered Light","damage_taken":21,"max_hp_gain":0,"max_hp_loss":0,"event_name":"Shining Light","floor":5,"gold_loss":0,"cards_upgraded":["Defend_B","Defend_B"]},{"damage_healed":0,"gold_gain":0,"player_choice":"Take Damage","damage_taken":28,"relics_obtained":["Golden Idol"],"max_hp_gain":0,"max_hp_loss":0,"event_name":"Golden Idol","floor":14,"gold_loss":0},{"cards_removed":["Strike_B"],"damage_healed":0,"gold_gain":0,"player_choice":"Elegance","damage_taken":0,"max_hp_gain":0,"max_hp_loss":0,"event_name":"Back to Basics","floor":19,"gold_loss":0},{"damage_healed":0,"gold_gain":0,"player_choice":"Obtained Relic","damage_taken":0,"relics_obtained":["Dead Branch"],"max_hp_gain":0,"max_hp_loss":0,"event_name":"Addict","floor":20,"gold_loss":85}],"is_beta":true,"boss_relics":[{"not_picked":["Inserter","White Beast Statue"],"picked":"Coffee Dripper"}],"items_purged_floors":[7,22],"is_endless":false,"potions_floor_spawned":[1,13,24],"killed_by":"Slavers","ascension_level":15}