{"path_per_floor":["M","?","M","M","?","R","M","R","T","M","E","?","M","M","R"],"character_chosen":"DEFECT","items_purchased":[],"gold_per_floor":[113,113,126,146,146,146,158,158,212,225,251,251,270,282,282,282],"floor_reached":16,"campfire_rested":2,"playtime":584,"current_hp_per_floor":[74,74,73,68,68,68,41,63,63,52,35,23,23,22,44,0],"items_purged":[],"gold":282,"score":104,"play_id":"8d10905b-94c9-495e-a97d-be001c664989","local_time":"20180506145612","is_prod":false,"is_daily":false,"chose_seed":false,"is_ascension_mode":false,"campfire_upgraded":1,"timestamp":1525611372,"path_taken":["M","?","M","?","?","R","M","R","T","M","E","?","M","M","R","BOSS"],"build_version":"2018-05-03","seed_source_timestamp":21732485616518,"purchased_purges":0,"victory":false,"master_deck":["Strike_B","Strike_B","Strike_B","Defend_B","Defend_B","Defend_B","Zap","Dualcast","Consume","Leap","Zap+1","Axe Kick","Axe Kick","Beam Cell","Scrape","Beam Cell","Lockon","Capacitor"],"max_hp_per_floor":[75,75,75,75,75,75,75,75,75,75,75,75,75,75,75,75],"relics":["Cracked Core","Bag of Marbles","Vajra","Mummified Hand"],"card_choices":[{"not_picked":["Rebound","Stack"],"picked":"Leap","floor":1},{"not_picked":["Cold Snap","Hologram"],"picked":"Axe Kick","floor":3},{"not_picked":["Turbo","Rebound"],"picked":"Axe Kick","floor":4},{"not_picked":["Barrage","Go for the Eyes"],"picked":"Beam Cell","floor":7},{"not_picked":["Double Energy","Seek"],"picked":"Scrape","floor":10},{"not_picked":["Defragment","Aggregate"],"picked":"Beam Cell","floor":11},{"not_picked":["Barrage","Stack"],"picked":"Lockon","floor":13},{"not_picked":["Cold Snap","Streamline"],"picked":"Capacitor","floor":14}],"player_experience":35116,"potions_floor_usage":[],"damage_taken":[{"damage":1,"enemies":"Jaw Worm","floor":1,"turns":3},{"damage":1,"enemies":"Cultist","floor":3,"turns":3},{"damage":5,"enemies":"2 Louse","floor":4,"turns":2},{"damage":27,"enemies":"Gremlin Gang","floor":7,"turns":5},{"damage":11,"enemies":"Large Slime","floor":10,"turns":5},{"damage":17,"enemies":"Gremlin Nob","floor":11,"turns":4},{"damage":0,"enemies":"2 Fungi Beasts","floor":13,"turns":2},{"damage":1,"enemies":"Looter","floor":14,"turns":2},{"damage":46,"enemies":"The Guardian","floor":16,"turns":8}],"event_choices":[{"event_name":"Match and Keep!","player_choice":"1 cards matched","floor":2,"damage_taken":0},{"event_name":"Bonfire Elementals","player_choice":"BASIC","floor":5,"damage_taken":0},{"event_name":"Scrap Ooze","player_choice":"success","floor":12,"damage_taken":12}],"boss_relics":[],"potions_floor_spawned":[7,10,13],"seed_played":"-4339862344471771744","killed_by":"The Guardian","ascension_level":0,"is_trial":false}