{"path_per_floor":["M","$","?","M","M","R","?","R","T","M","M","M","R","M","R","B",null,"M","$","M","M","M","R","M","M","T","R","M","M","T","M","R","B",null,"M","$","?","M","$","R","?","R","T","M","M","T","R","M","R"],"character_chosen":"DEFECT","items_purchased":["Lantern","Doom and Gloom","Self Repair","Lee\u0027s Waffle"],"gold_per_floor":[364,71,71,90,105,105,105,105,158,168,179,190,190,200,200,302,302,322,222,232,251,267,267,285,301,301,301,316,335,335,354,354,457,457,469,263,263,276,76,76,76,76,76,94,109,109,109,121,121,121],"floor_reached":50,"campfire_rested":3,"playtime":2412,"item_purchase_floors":[],"current_hp_per_floor":[67,67,64,59,59,59,64,64,64,56,52,40,40,40,40,40,73,73,73,56,39,28,49,43,43,43,43,41,37,37,37,58,46,73,58,58,58,35,80,80,70,70,70,60,58,58,58,34,58,0],"items_purged":["Strike_B","Strike_B","Strike_B"],"gold":121,"score":541,"play_id":"81db41e0-923a-429e-b7c3-65d1acdb4da5","local_time":"20180615083511","is_prod":false,"is_daily":false,"chose_seed":false,"is_ascension_mode":true,"campfire_upgraded":8,"win_rate":0,"timestamp":1529076911,"campfire_choices":[{"data":"Zap","floor":6.0,"key":"SMITH"},{"data":"Cold Snap","floor":8.0,"key":"SMITH"},{"data":"Ball Lightning","floor":13.0,"key":"SMITH"},{"data":"Conserve Battery","floor":15.0,"key":"SMITH"},{"floor":23.0,"key":"REST"},{"data":"Loop","floor":27.0,"key":"SMITH"},{"floor":32.0,"key":"REST"},{"data":"Electrodynamics","floor":40,"key":"SMITH"},{"data":"Madness","floor":42,"key":"SMITH"},{"data":"Barrage","floor":47,"key":"SMITH"},{"floor":49,"key":"REST"}],"path_taken":["M","$","?","M","M","R","?","R","T","?","M","M","R","M","R","BOSS","M","$","M","M","M","R","M","M","T","R","M","M","?","M","R","BOSS","M","$","?","M","$","R","?","R","T","M","M","?","R","?","R","BOSS"],"build_version":"2018-06-14v2","seed_source_timestamp":137662485282344,"purchased_purges":3,"victory":false,"master_deck":["Strike_B","Defend_B","Defend_B","Defend_B","Defend_B","Zap+1","Dualcast","Cold Snap+1","Doom and Gloom","Electrodynamics+1","Compile Driver","Ball Lightning+1","Conserve Battery+1","Loop+1","Steam","All For One","Redo+1","Genetic Algorithm+1","Gash+1","Gash+1","Go for the Eyes+1","Conserve Battery","Gash+1","Stack","Buffer","Self Repair","Skim+1","Madness+1","Madness","Cold Snap","Barrage+1","Chaos+1"],"max_hp_per_floor":[68,68,68,68,68,68,73,73,73,73,73,73,73,73,73,73,73,73,73,73,73,73,73,73,73,73,73,73,73,73,73,73,73,73,73,73,73,73,80,80,80,80,80,80,80,80,80,80,80,80],"special_seed":0,"relics":["Cracked Core","Lantern","Happy Flower","Tiny Chest","Velvet Choker","Vajra","Question Card","Inserter","Lee\u0027s Waffle","Mummified Hand","Ornamental Fan"],"card_choices":[{"not_picked":["Steam","Static Discharge"],"picked":"Cold Snap","floor":1.0},{"not_picked":["Gash","Coolheaded"],"picked":"Electrodynamics","floor":4.0},{"not_picked":["Coolheaded","Aggregate"],"picked":"Compile Driver","floor":5.0},{"not_picked":["Stack","Rip and Tear"],"picked":"Ball Lightning","floor":10.0},{"not_picked":["Compile Driver","Stack"],"picked":"Conserve Battery","floor":11.0},{"not_picked":["Static Discharge","Hyperbeam"],"picked":"Loop","floor":12.0},{"not_picked":["Stack","Lockon"],"picked":"Steam","floor":14.0},{"not_picked":["Multi-Cast","Rainbow"],"picked":"All For One","floor":16.0},{"not_picked":["Chill+1","Sunder"],"picked":"Redo+1","floor":18.0},{"not_picked":["Turbo","Stack"],"picked":"Genetic Algorithm+1","floor":20.0},{"not_picked":["Cold Snap","Ball Lightning","Static Discharge"],"picked":"SKIP","floor":21.0},{"not_picked":["Loop","Coolheaded"],"picked":"Gash+1","floor":22.0},{"not_picked":["Reboot","Fusion+1"],"picked":"Gash+1","floor":24.0},{"not_picked":["Genetic Algorithm+1","Compile Driver"],"picked":"Go for the Eyes+1","floor":25.0},{"not_picked":["Darkness","Reprogram"],"picked":"Conserve Battery","floor":28.0},{"not_picked":["FTL","Go for the Eyes"],"picked":"Gash+1","floor":29.0},{"not_picked":["Rebound+1","Beam Cell","Cold Snap"],"picked":"Stack","floor":31.0},{"not_picked":["Rainbow","Reboot","Electrodynamics"],"picked":"Buffer","floor":33},{"not_picked":["Steam","Sweeping Beam+1","Heatsinks+1","FTL"],"picked":"SKIP","floor":35},{"not_picked":["Scrape+1","Coolheaded","Compile Driver"],"picked":"Skim+1","floor":38},{"not_picked":["Beam Cell","Coolheaded","Skim+1"],"picked":"Cold Snap","floor":44},{"not_picked":["Sweeping Beam+1","Go for the Eyes+1","Chaos"],"picked":"Barrage","floor":45},{"not_picked":["Rebound","Redo","Melter+1"],"picked":"Chaos+1","floor":48}],"player_experience":866003,"potions_floor_usage":[33,33,48],"damage_taken":[{"damage":1.0,"enemies":"2 Louse","floor":1.0,"turns":2.0},{"damage":5.0,"enemies":"Jaw Worm","floor":4.0,"turns":2.0},{"damage":0.0,"enemies":"Small Slimes","floor":5.0,"turns":2.0},{"damage":8.0,"enemies":"Blue Slaver","floor":10.0,"turns":2.0},{"damage":4.0,"enemies":"Lots of Slimes","floor":11.0,"turns":2.0},{"damage":12.0,"enemies":"Exordium Thugs","floor":12.0,"turns":3.0},{"damage":0.0,"enemies":"Exordium Wildlife","floor":14.0,"turns":2.0},{"damage":0.0,"enemies":"Hexaghost","floor":16.0,"turns":8.0},{"damage":0.0,"enemies":"Chosen","floor":18.0,"turns":4.0},{"damage":17.0,"enemies":"2 Thieves","floor":20.0,"turns":2.0},{"damage":17.0,"enemies":"Cultist and Chosen","floor":21.0,"turns":6.0},{"damage":11.0,"enemies":"Centurion and Healer","floor":22.0,"turns":4.0},{"damage":6.0,"enemies":"Chosen and Byrds","floor":24.0,"turns":5.0},{"damage":0.0,"enemies":"Cultist and Chosen","floor":25.0,"turns":4.0},{"damage":2.0,"enemies":"Centurion and Healer","floor":28.0,"turns":5.0},{"damage":4.0,"enemies":"3 Cultists","floor":29.0,"turns":4.0},{"damage":0.0,"enemies":"Snecko","floor":31.0,"turns":3.0},{"damage":12,"enemies":"Champ","floor":33,"turns":10},{"damage":15,"enemies":"3 Shapes","floor":35,"turns":4},{"damage":23,"enemies":"3 Darklings","floor":38,"turns":5},{"damage":17,"enemies":"Sphere and 2 Shapes","floor":44,"turns":4},{"damage":2,"enemies":"4 Shapes","floor":45,"turns":6},{"damage":31,"enemies":"Maw","floor":48,"turns":8},{"damage":58,"enemies":"Donu and Deca","floor":50,"turns":4}],"relics_obtained":[{"floor":9.0,"key":"Tiny Chest"},{"floor":26.0,"key":"Vajra"},{"floor":30.0,"key":"Question Card"},{"floor":43,"key":"Mummified Hand"},{"floor":46,"key":"Ornamental Fan"}],"event_choices":[{"event_name":"Scrap Ooze","player_choice":"success","floor":3.0,"damage_taken":3.0},{"event_name":"Big Fish","player_choice":"Donut","floor":7.0,"damage_taken":0.0},{"event_name":"The Lab","player_choice":"Got Potions","floor":37,"damage_taken":0},{"event_name":"Winding Halls","player_choice":"Embrace Madness","floor":41,"damage_taken":0}],"boss_relics":[{"not_picked":["Runic Dome","White Beast Statue"],"picked":"Velvet Choker"},{"not_picked":["Fusion Hammer","Cursed Key"],"picked":"Inserter"}],"items_purged_floors":[],"is_endless":false,"potions_floor_spawned":[5,10,12,14,16,18,21,25,28,29,33,45],"seed_played":"-6452869848732221817","killed_by":"Donu and Deca","ascension_level":2,"potions_obtained":[{"floor":5.0,"key":"FearPotion"},{"floor":10.0,"key":"Block Potion"},{"floor":12.0,"key":"Strength Potion"},{"floor":14.0,"key":"Block Potion"},{"floor":16.0,"key":"Weak Potion"},{"floor":25.0,"key":"Ancient Potion"},{"floor":33,"key":"Block Potion"},{"floor":37,"key":"SmokeBomb"}],"is_trial":false}