{"path_per_floor":["M","$","?","?","M","E","?","M","T","M","M","E","M","M","R"],"character_chosen":"THE_SILENT","items_purchased":[],"gold_per_floor":[116,41,41,41,55,87,87,103,128,139,156,184,201,220,220,220],"floor_reached":16,"campfire_rested":1,"playtime":609,"current_hp_per_floor":[64,64,64,57,57,18,18,12,12,12,12,12,5,5,28,0],"items_purged":["Strike_G"],"gold":220,"score":137,"play_id":"e88f28a5-fd15-4b1c-b3c1-cf18fbaa739d","local_time":"20180415174723","is_prod":false,"is_daily":false,"chose_seed":false,"is_ascension_mode":true,"campfire_upgraded":0,"timestamp":1523832443,"path_taken":["M","$","?","?","M","E","?","?","T","M","M","E","M","M","R","BOSS"],"build_version":"2018-04-12","seed_source_timestamp":1806099648408673,"purchased_purges":1,"victory":false,"master_deck":["Defend_G","Defend_G","Defend_G","Strike_G","Strike_G","Strike_G","Strike_G","Survivor","Neutralize+1","Blur","Heel Hook","Bane","Sucker Punch","Prepared","Dagger Throw","Poisoned Stab","Tactician","Acrobatics"],"max_hp_per_floor":[70,70,70,70,70,70,70,70,70,70,70,77,77,77,77,77],"relics":["Ring of the Snake","Snake Skull","Bag of Marbles","Vajra","Strawberry"],"card_choices":[{"not_picked":["Dodge and Roll","Dagger Spray"],"picked":"Blur","floor":1},{"not_picked":["Backflip","Flying Knee"],"picked":"Heel Hook","floor":5},{"not_picked":["Malaise","Accuracy"],"picked":"Bane","floor":6},{"not_picked":["Backflip","Prepared"],"picked":"Sucker Punch","floor":8},{"not_picked":["Skewer","Endless Agony"],"picked":"Prepared","floor":10},{"not_picked":["Concentrate","Dagger Spray"],"picked":"Dagger Throw","floor":11},{"not_picked":["Backstab","Setup"],"picked":"Poisoned Stab","floor":12},{"not_picked":["Dodge and Roll","Underhanded Strike"],"picked":"Tactician","floor":13},{"not_picked":["Backflip","Deflect"],"picked":"Acrobatics","floor":14}],"player_experience":163008,"potions_floor_usage":[11,12,12,16],"damage_taken":[{"damage":6,"enemies":"Cultist","floor":1,"turns":4},{"damage":0,"enemies":"Small Slimes","floor":5,"turns":3},{"damage":39,"enemies":"Gremlin Nob","floor":6,"turns":6},{"damage":6,"enemies":"2 Louse","floor":8,"turns":2},{"damage":0,"enemies":"Looter","floor":10,"turns":3},{"damage":0,"enemies":"Large Slime","floor":11,"turns":6},{"damage":7,"enemies":"Lagavulin","floor":12,"turns":3},{"damage":7,"enemies":"Lots of Slimes","floor":13,"turns":2},{"damage":0,"enemies":"2 Fungi Beasts","floor":14,"turns":2},{"damage":36,"enemies":"Slime Boss","floor":16,"turns":6}],"event_choices":[{"event_name":"Living Wall","player_choice":"Grow","floor":3,"damage_taken":0},{"event_name":"Golden Wing","player_choice":"Card Removal","floor":4,"damage_taken":0},{"event_name":"Purifier","player_choice":"One Purge","floor":7,"damage_taken":0}],"boss_relics":[],"potions_floor_spawned":[1,8,10,11,13],"seed_played":"-469489683655701942","killed_by":"Slime Boss","ascension_level":4,"is_trial":false}