{"gold_per_floor":[117,131,56,56,56,56,81,94,94,106,121,121,141,173,173,252,252,271,283,283,283],"floor_reached":21,"playtime":689,"items_purged":[],"score":382,"play_id":"1378fdea-0ed1-4a71-af60-a79b4f4f0e87","local_time":"20181211163236","is_ascension_mode":true,"campfire_choices":[{"data":"True Grit","floor":6.0,"key":"SMITH"},{"data":"Demon Form","floor":15,"key":"SMITH"}],"neow_cost":"NONE","seed_source_timestamp":0,"circlet_count":0,"master_deck":["AscendersBane","Strike_R","Strike_R","Strike_R","Strike_R","Bash","True Grit+1","Uppercut","Twin Strike","Demon Form+1","True Grit","Shrug It Off","Shrug It Off","Dark Embrace","Pummel+1","Thunderclap+1","Sword Boomerang+1","Cleave"],"special_seed":0,"relics":["Burning Blood","Gambling Chip","Du-Vu Doll","Kunai","Mummified Hand","Astrolabe","FaceOfCleric"],"potions_floor_usage":[14,19,21],"damage_taken":[{"damage":9.0,"enemies":"2 Louse","floor":1.0,"turns":3.0},{"damage":3.0,"enemies":"Small Slimes","floor":2.0,"turns":3.0},{"damage":32.0,"enemies":"Gremlin Nob","floor":7.0,"turns":4.0},{"damage":0.0,"enemies":"Jaw Worm","floor":8.0,"turns":1.0},{"damage":18.0,"enemies":"Exordium Thugs","floor":10.0,"turns":4.0},{"damage":10,"enemies":"2 Fungi Beasts","floor":11,"turns":3},{"damage":14,"enemies":"Red Slaver","floor":13,"turns":3},{"damage":30,"enemies":"3 Sentries","floor":14,"turns":6},{"damage":31,"enemies":"The Guardian","floor":16,"turns":10},{"damage":54,"enemies":"Chosen","floor":18,"turns":6},{"damage":11,"enemies":"2 Thieves","floor":19,"turns":3},{"damage":12,"enemies":"3 Cultists","floor":21,"turns":2}],"seed_played":"5243076837112697621","potions_obtained":[{"floor":7.0,"key":"AttackPotion"},{"floor":8.0,"key":"BloodPotion"},{"floor":13,"key":"Swift Potion"},{"floor":18,"key":"PowerPotion"},{"floor":19,"key":"AttackPotion"}],"is_trial":false,"path_per_floor":["M","M","?","?","$","R","E","M","T","M","M","?","M","E","R","B",null,"M","M","?","M"],"character_chosen":"IRONCLAD","items_purchased":[],"campfire_rested":0,"item_purchase_floors":[],"current_hp_per_floor":[65,68,68,57,57,57,31,37,37,32,28,75,67,43,43,18,61,13,8,8,0],"gold":283,"neow_bonus":"REMOVE_CARD","is_prod":false,"is_daily":false,"chose_seed":false,"campfire_upgraded":2,"win_rate":0,"timestamp":1544571156,"path_taken":["M","M","?","?","?","R","E","M","T","?","M","?","M","E","R","BOSS","M","M","?","?"],"build_version":"2018-12-06","purchased_purges":0,"victory":false,"max_hp_per_floor":[75,75,75,75,75,75,75,75,75,75,75,75,75,75,75,75,75,75,75,75,75],"card_choices":[{"not_picked":["Headbutt","Evolve"],"picked":"Carnage","floor":1.0},{"not_picked":["Blood for Blood","Sentinel"],"picked":"True Grit","floor":2.0},{"not_picked":["Clash","True Grit"],"picked":"Uppercut","floor":7.0},{"not_picked":["Clash","Rampage"],"picked":"Twin Strike","floor":8.0},{"not_picked":["Uppercut","Fire Breathing"],"picked":"Demon Form","floor":10.0},{"not_picked":["Combust","Corruption"],"picked":"True Grit","floor":11},{"not_picked":["Sword Boomerang","Flex"],"picked":"Shrug It Off","floor":13},{"not_picked":["Clash","Corruption"],"picked":"Shrug It Off","floor":14},{"not_picked":["Reaper","Barricade"],"picked":"Dark Embrace","floor":16},{"not_picked":["Perfected Strike","Havoc","Disarm"],"picked":"SKIP","floor":18},{"not_picked":["Reckless Charge","Dual Wield"],"picked":"Cleave","floor":19}],"player_experience":600244,"relics_obtained":[{"floor":7.0,"key":"Du-Vu Doll"},{"floor":9.0,"key":"Kunai"},{"floor":14,"key":"Mummified Hand"}],"event_choices":[{"cards_removed":["Defend_R"],"damage_healed":0.0,"max_hp_gain":0.0,"max_hp_loss":0.0,"gold_gain":0.0,"event_name":"The Cleric","player_choice":"Card Removal","floor":3.0,"gold_loss":75.0,"damage_taken":0.0},{"damage_healed":0.0,"max_hp_gain":0.0,"max_hp_loss":0.0,"gold_gain":0.0,"event_name":"Scrap Ooze","player_choice":"Success","floor":4.0,"gold_loss":0.0,"damage_taken":11.0,"relics_obtained":["Gambling Chip"]},{"cards_removed":["Carnage"],"damage_healed":47,"gold_gain":0,"player_choice":"Offered Uncommon","damage_taken":0,"max_hp_gain":0,"max_hp_loss":0,"event_name":"Bonfire Elementals","floor":12,"gold_loss":0},{"damage_healed":0,"gold_gain":0,"player_choice":"Trade","damage_taken":0,"relics_obtained":["FaceOfCleric"],"max_hp_gain":0,"max_hp_loss":0,"event_name":"FaceTrader","floor":20,"gold_loss":0}],"is_beta":false,"boss_relics":[{"not_picked":["Busted Crown","Coffee Dripper"],"picked":"Astrolabe"}],"items_purged_floors":[],"is_endless":false,"potions_floor_spawned":[7,8,13,18,19],"killed_by":"3 Cultists","ascension_level":20}