{"gold_per_floor":[116,133,147,147,59,59,92,92,92,104,118,118,136,155,155,228,228,246,171,203,203,16,16,33,33,33,44,60,60,260,260],"floor_reached":31,"playtime":2269,"items_purged":[],"score":462,"play_id":"af1a9ed8-cc07-45ad-82fd-4731b64c66c2","local_time":"20190122142750","is_ascension_mode":true,"campfire_choices":[{"data":"Neutralize","floor":6.0,"key":"SMITH"},{"data":"Bouncing Flask","floor":8.0,"key":"SMITH"},{"data":"Footwork","floor":12.0,"key":"SMITH"},{"floor":15.0,"key":"REST"},{"floor":23.0,"key":"REST"},{"floor":25.0,"key":"REST"}],"neow_cost":"NONE","seed_source_timestamp":0,"circlet_count":0,"master_deck":["AscendersBane","Defend_G","Defend_G","Defend_G","Defend_G+1","Defend_G","Strike_G","Strike_G","Strike_G","Strike_G","Survivor","Neutralize+1","Slice","Noxious Fumes+1","Bouncing Flask+1","Footwork+1","After Image","Well Laid Plans","Dodge and Roll","Malaise+1","Cloak And Dagger","Well Laid Plans","Cloak And Dagger","Parasite","Envenom"],"special_seed":0,"relics":["Ring of the Snake","Happy Flower","Shuriken","Darkstone Periapt","Cursed Key","Red Mask","PreservedInsect","War Paint"],"potions_floor_usage":[28,31],"damage_taken":[{"damage":1.0,"enemies":"Cultist","floor":1.0,"turns":5.0},{"damage":6.0,"enemies":"Small Slimes","floor":2.0,"turns":4.0},{"damage":2.0,"enemies":"Jaw Worm","floor":3.0,"turns":5.0},{"damage":15.0,"enemies":"Lagavulin","floor":7.0,"turns":6.0},{"damage":8.0,"enemies":"3 Louse","floor":10.0,"turns":5.0},{"damage":0.0,"enemies":"Blue Slaver","floor":11.0,"turns":5.0},{"damage":7.0,"enemies":"2 Fungi Beasts","floor":13.0,"turns":3.0},{"damage":6.0,"enemies":"Red Slaver","floor":14.0,"turns":4.0},{"damage":12.0,"enemies":"Hexaghost","floor":16.0,"turns":9.0},{"damage":0.0,"enemies":"Spheric Guardian","floor":18.0,"turns":4.0},{"damage":31.0,"enemies":"Masked Bandits","floor":20.0,"turns":6.0},{"damage":23.0,"enemies":"Colosseum Slavers","floor":21.0,"turns":5.0},{"damage":10.0,"enemies":"3 Byrds","floor":24.0,"turns":5.0},{"damage":0.0,"enemies":"Sentry and Sphere","floor":27.0,"turns":8.0},{"damage":32,"enemies":"Cultist and Chosen","floor":28,"turns":10},{"damage":8,"enemies":"Snake Plant","floor":31,"turns":1}],"seed_played":"-4157322082516700930","potions_obtained":[{"floor":3.0,"key":"GhostInAJar"},{"floor":7.0,"key":"Explosive Potion"},{"floor":14.0,"key":"Explosive Potion"},{"floor":28,"key":"LiquidBronze"}],"is_trial":false,"path_per_floor":["M","M","M","?","$","R","E","R","T","M","M","R","M","M","R","B",null,"M","?","?","?","$","R","M","R","T","M","M","$","?","M"],"character_chosen":"THE_SILENT","items_purchased":["Bouncing Flask","Cloak And Dagger","PreservedInsect"],"campfire_rested":3,"item_purchase_floors":[5,22,22],"current_hp_per_floor":[58,52,50,50,50,50,35,35,35,27,27,27,20,14,33,21,55,55,55,24,1,1,20,10,29,35,35,3,3,3,0],"gold":260,"neow_bonus":"RANDOM_COMMON_RELIC","is_prod":false,"is_daily":false,"chose_seed":false,"campfire_upgraded":3,"win_rate":0,"timestamp":1548196070,"path_taken":["M","M","M","?","$","R","E","R","T","M","M","R","M","?","R","BOSS","M","?","?","?","?","R","M","R","T","M","M","$","?","?"],"build_version":"2019-01-17v2","purchased_purges":0,"victory":false,"max_hp_per_floor":[66,66,66,66,66,66,66,66,66,66,66,66,66,66,66,66,66,66,66,66,66,66,66,66,66,72,72,72,72,72,72],"card_choices":[{"not_picked":["Backflip","Underhanded Strike"],"picked":"Slice","floor":1.0},{"not_picked":["Backflip","Masterful Stab","Accuracy"],"picked":"SKIP","floor":2.0},{"not_picked":["Tactician","Backflip"],"picked":"Noxious Fumes","floor":3.0},{"not_picked":["Deflect","Outmaneuver","Bane"],"picked":"SKIP","floor":7.0},{"not_picked":["Noxious Fumes","Dagger Spray"],"picked":"Footwork","floor":10.0},{"not_picked":["All Out Attack","Flying Knee"],"picked":"After Image","floor":11.0},{"not_picked":["Slice","Backflip"],"picked":"Well Laid Plans","floor":13.0},{"not_picked":["Blur","Predator"],"picked":"Dodge and Roll","floor":14.0},{"not_picked":["Bullet Time","Phantasmal Killer"],"picked":"Malaise","floor":16.0},{"not_picked":["Deflect","Quick Slash"],"picked":"Cloak And Dagger","floor":18.0},{"not_picked":["Dagger Throw","Slice"],"picked":"Well Laid Plans","floor":20.0},{"not_picked":["Sucker Punch","Dagger Spray","Prepared"],"picked":"SKIP","floor":24.0},{"not_picked":["Outmaneuver","Choke","Riddle With Holes"],"picked":"SKIP","floor":27.0},{"not_picked":["Endless Agony","Dagger Throw"],"picked":"Envenom","floor":28}],"player_experience":1720598,"relics_obtained":[{"floor":7.0,"key":"Shuriken"},{"floor":9.0,"key":"Darkstone Periapt"},{"floor":20.0,"key":"Red Mask"},{"floor":26.0,"key":"War Paint"}],"event_choices":[{"damage_healed":0.0,"max_hp_gain":0.0,"max_hp_loss":0.0,"gold_gain":0.0,"event_name":"Accursed Blacksmith","player_choice":"Forge","floor":4.0,"gold_loss":0.0,"damage_taken":0.0,"cards_upgraded":["Noxious Fumes"]},{"cards_removed":["Strike_G"],"damage_healed":0.0,"max_hp_gain":0.0,"max_hp_loss":0.0,"gold_gain":0.0,"event_name":"Beggar","player_choice":"Gave Gold","floor":19.0,"gold_loss":75.0,"damage_taken":0.0},{"damage_healed":0.0,"max_hp_gain":0.0,"max_hp_loss":0.0,"gold_gain":0.0,"event_name":"Masked Bandits","player_choice":"Fought Bandits","floor":20.0,"gold_loss":0.0,"damage_taken":0.0},{"damage_healed":0.0,"max_hp_gain":0.0,"max_hp_loss":0.0,"gold_gain":0.0,"event_name":"Colosseum","player_choice":"Fight","floor":21.0,"gold_loss":0.0,"damage_taken":0.0},{"damage_healed":0.0,"max_hp_gain":0.0,"max_hp_loss":0.0,"gold_gain":0.0,"event_name":"Colosseum","player_choice":"Fled From Nobs","floor":21.0,"gold_loss":0.0,"damage_taken":0.0},{"damage_healed":0,"gold_gain":200,"player_choice":"Gold","damage_taken":0,"max_hp_gain":0,"max_hp_loss":0,"event_name":"Wheel of Change","floor":30,"gold_loss":0}],"is_beta":false,"boss_relics":[{"not_picked":["Busted Crown","Velvet Choker"],"picked":"Cursed Key"}],"items_purged_floors":[],"is_endless":false,"potions_floor_spawned":[3,7,10,14,16,21,24,28],"killed_by":"Snake Plant","ascension_level":19}