{"gold_per_floor":[116,116,41,41,52,52,116,116,116,142,161,6,22,10,10,83,83,100,100,0,0,20,49,62,62,86,106,106,141,141,157,157,157],"floor_reached":33,"playtime":1777,"items_purged":["Strike_R","Strike_R"],"score":487,"play_id":"e3b9c2c4-24a6-4ba3-9d28-715260a7c5c3","local_time":"20190207223000","is_ascension_mode":true,"campfire_choices":[{"data":"Flame Barrier","floor":6,"key":"SMITH"},{"data":"Flame Barrier","floor":15,"key":"SMITH"},{"data":"Metallicize","floor":25,"key":"SMITH"},{"data":"Disarm","floor":28,"key":"SMITH"},{"data":"Immolate","floor":30,"key":"SMITH"},{"data":"Feel No Pain","floor":32,"key":"SMITH"}],"neow_cost":"NONE","seed_source_timestamp":875149160193340,"circlet_count":0,"master_deck":["AscendersBane","Strike_R","Strike_R","Defend_R+1","Defend_R","Defend_R","Defend_R+1","Bash","Flame Barrier+1","Pommel Strike","Iron Wave+1","Carnage","Impervious","Flame Barrier+1","Immolate+1","Infernal Blade","Intimidate","Reaper","Cleave","Whirlwind","Metallicize+1","Impervious","Feel No Pain","Parasite","Disarm+1","Feel No Pain+1","Heavy Blade"],"relics":["Burning Blood","Oddly Smooth Stone","Unceasing Top","Tiny Chest","War Paint","Boot","Cursed Key","Potion Belt","Dream Catcher","Meat on the Bone"],"potions_floor_usage":[16,18,27,29,33,33],"damage_taken":[{"damage":0,"enemies":"Jaw Worm","floor":1,"turns":3},{"damage":0,"enemies":"Small Slimes","floor":5,"turns":5},{"damage":38,"enemies":"Lagavulin","floor":7,"turns":7},{"damage":17,"enemies":"3 Sentries","floor":10,"turns":12},{"damage":0,"enemies":"Cultist","floor":11,"turns":3},{"damage":8,"enemies":"Blue Slaver","floor":13,"turns":3},{"damage":0,"enemies":"Exordium Thugs","floor":14,"turns":4},{"damage":43,"enemies":"Hexaghost","floor":16,"turns":15},{"damage":0,"enemies":"3 Byrds","floor":18,"turns":3},{"damage":13,"enemies":"Shell Parasite","floor":22,"turns":7},{"damage":38,"enemies":"Gremlin Leader","floor":23,"turns":8},{"damage":1,"enemies":"Snake Plant","floor":24,"turns":5},{"damage":0,"enemies":"3 Cultists","floor":27,"turns":5},{"damage":24,"enemies":"Book of Stabbing","floor":29,"turns":7},{"damage":13,"enemies":"Sentry and Sphere","floor":31,"turns":7},{"damage":76,"enemies":"Collector","floor":33,"turns":12}],"seed_played":"-1772944339329507358","potions_obtained":[{"floor":1,"key":"Energy Potion"},{"floor":10,"key":"Swift Potion"},{"floor":18,"key":"SpeedPotion"},{"floor":22,"key":"SpeedPotion"},{"floor":23,"key":"Fire Potion"},{"floor":24,"key":"Poison Potion"},{"floor":31,"key":"SmokeBomb"}],"is_trial":false,"path_per_floor":["M","?","$","?","M","R","E","?","T","E","M","$","M","M","R","B",null,"M","?","$","?","M","E","M","R","T","M","R","E","R","M","R","B"],"character_chosen":"IRONCLAD","items_purchased":["Immolate"],"campfire_rested":0,"item_purchase_floors":[12],"current_hp_per_floor":[78,78,78,71,77,77,45,45,45,34,40,40,38,44,44,7,62,68,68,68,68,61,44,54,54,54,75,75,62,62,55,55,0],"gold":157,"neow_bonus":"RANDOM_COMMON_RELIC","is_prod":false,"is_daily":false,"chose_seed":false,"campfire_upgraded":6,"win_rate":0,"timestamp":1549600200,"path_taken":["M","?","$","?","M","R","E","?","T","E","M","$","?","M","R","BOSS","M","?","?","?","M","E","M","R","T","M","R","E","R","?","R","BOSS"],"build_version":"2019-01-23","purchased_purges":2,"victory":false,"max_hp_per_floor":[80,80,80,80,80,80,80,80,80,80,80,80,80,80,80,80,80,80,80,80,80,80,80,80,80,80,80,80,80,80,80,80,80],"card_choices":[{"not_picked":["Havoc","Heavy Blade"],"picked":"Flame Barrier","floor":1},{"not_picked":["Heavy Blade","Burning Pact"],"picked":"Iron Wave","floor":5},{"not_picked":["Entrench","Clash"],"picked":"Carnage","floor":7},{"not_picked":["Spot Weakness","Combust"],"picked":"Impervious","floor":10},{"not_picked":["Spot Weakness","Rampage"],"picked":"Flame Barrier","floor":11},{"not_picked":["Twin Strike","Pommel Strike"],"picked":"Infernal Blade","floor":13},{"not_picked":["Wild Strike","Feel No Pain"],"picked":"Intimidate","floor":14},{"not_picked":["Limit Break","Double Tap"],"picked":"Reaper","floor":16},{"not_picked":["Perfected Strike","Twin Strike"],"picked":"Cleave","floor":18},{"not_picked":["Iron Wave","Dropkick"],"picked":"Metallicize","floor":22},{"not_picked":["Pommel Strike","Intimidate"],"picked":"Impervious","floor":23},{"not_picked":["Heavy Blade","Perfected Strike"],"picked":"Feel No Pain","floor":24},{"not_picked":["Anger","Perfected Strike"],"picked":"Disarm","floor":27},{"not_picked":["Iron Wave","Perfected Strike"],"picked":"Feel No Pain","floor":29},{"not_picked":["Flex","Anger"],"picked":"Heavy Blade","floor":31}],"player_experience":532476,"relics_obtained":[{"floor":7,"key":"Tiny Chest"},{"floor":9,"key":"War Paint"},{"floor":10,"key":"Boot"},{"floor":23,"key":"Potion Belt"},{"floor":26,"key":"Dream Catcher"},{"floor":29,"key":"Meat on the Bone"}],"event_choices":[{"damage_healed":0,"gold_gain":0,"cards_transformed":["Strike_R"],"player_choice":"Change","damage_taken":0,"max_hp_gain":0,"max_hp_loss":0,"event_name":"Living Wall","floor":2,"gold_loss":0,"cards_obtained":["Pommel Strike"]},{"damage_healed":0,"gold_gain":0,"player_choice":"Success","damage_taken":7,"relics_obtained":["Unceasing Top"],"max_hp_gain":0,"max_hp_loss":0,"event_name":"Scrap Ooze","floor":4,"gold_loss":0},{"damage_healed":0,"gold_gain":0,"player_choice":"Upgraded","damage_taken":0,"max_hp_gain":0,"max_hp_loss":0,"event_name":"Upgrade Shrine","floor":8,"gold_loss":0,"cards_upgraded":["Iron Wave"]},{"damage_healed":0,"gold_gain":0,"player_choice":"Read","damage_taken":0,"max_hp_gain":0,"max_hp_loss":0,"event_name":"The Library","floor":19,"gold_loss":0,"cards_obtained":["Whirlwind"]},{"damage_healed":0,"gold_gain":0,"player_choice":"Ignored","damage_taken":0,"max_hp_gain":0,"max_hp_loss":0,"event_name":"Vampires","floor":21,"gold_loss":0}],"is_beta":false,"boss_relics":[{"not_picked":["Calling Bell","Ectoplasm"],"picked":"Cursed Key"}],"items_purged_floors":[3,20],"is_endless":false,"potions_floor_spawned":[1,10,13,18,22,23,24,31],"killed_by":"Collector","ascension_level":13}