{"gold_per_floor":[112,112,262,276,276,304,304,316,316,316,346,362,388,363,363,363],"floor_reached":16,"playtime":459,"items_purged":[],"score":270,"play_id":"bbaec5f6-e4e2-4e01-921d-1c8a6c63eaa7","local_time":"20181218214619","is_ascension_mode":true,"campfire_choices":[{"data":"Armaments","floor":7,"key":"SMITH"},{"data":"Pommel Strike","floor":10,"key":"SMITH"},{"floor":15,"key":"RECALL"}],"neow_cost":"NONE","seed_source_timestamp":340678631958493,"circlet_count":0,"master_deck":["AscendersBane","Strike_R","Strike_R","Strike_R","Strike_R","Strike_R","Defend_R","Defend_R","Defend_R","Defend_R","Bash","Armaments+1","Doubt","Shrug It Off","Pommel Strike+1","Ghostly Armor","Clothesline","Exhume","Iron Wave","Headbutt"],"relics":["Burning Blood","NeowsBlessing","FossilizedHelix","Question Card","Mercury Hourglass","Letter Opener","Anchor","Odd Mushroom"],"potions_floor_usage":[11,16,16],"damage_taken":[{"damage":0,"enemies":"Jaw Worm","floor":1,"turns":1},{"damage":0,"enemies":"Small Slimes","floor":4,"turns":1},{"damage":0,"enemies":"Lagavulin","floor":6,"turns":2},{"damage":0,"enemies":"Cultist","floor":8,"turns":3},{"damage":10,"enemies":"3 Sentries","floor":11,"turns":6},{"damage":0,"enemies":"Blue Slaver","floor":12,"turns":4},{"damage":6,"enemies":"The Mushroom Lair","floor":13,"turns":5},{"damage":0,"enemies":"Exordium Thugs","floor":14,"turns":4},{"damage":77,"enemies":"Hexaghost","floor":16,"turns":12}],"seed_played":"-7822095958666250421","potions_obtained":[{"floor":1,"key":"Fire Potion"},{"floor":11,"key":"Block Potion"},{"floor":12,"key":"Weak Potion"}],"is_trial":false,"path_per_floor":["M","?","?","M","T","E","R","M","T","R","E","M","?","M","R","B"],"character_chosen":"IRONCLAD","items_purchased":[],"campfire_rested":0,"item_purchase_floors":[],"current_hp_per_floor":[74,48,48,54,54,60,60,66,66,66,62,68,68,74,74,0],"gold":363,"neow_bonus":"THREE_ENEMY_KILL","is_prod":false,"is_daily":false,"chose_seed":false,"campfire_upgraded":2,"win_rate":0,"timestamp":1545194779,"path_taken":["M","?","?","M","?","E","R","M","T","R","E","M","?","M","R","BOSS"],"build_version":"2018-12-13","purchased_purges":0,"victory":false,"max_hp_per_floor":[75,75,75,75,75,75,75,75,75,75,75,75,75,75,75,75],"card_choices":[{"not_picked":["Power Through","Pommel Strike"],"picked":"Armaments","floor":1},{"not_picked":["Headbutt","Rupture"],"picked":"Shrug It Off","floor":4},{"not_picked":["Limit Break","Armaments","Searing Blow"],"picked":"Pommel Strike","floor":6},{"not_picked":["Rampage","Iron Wave","Warcry"],"picked":"Ghostly Armor","floor":8},{"not_picked":["Heavy Blade","Evolve","Shrug It Off"],"picked":"Clothesline","floor":11},{"not_picked":["Rupture","Combust","Armaments"],"picked":"Exhume","floor":12},{"not_picked":["Clothesline","Twin Strike","Hemokinesis"],"picked":"Iron Wave","floor":13},{"not_picked":["Sever Soul","Wild Strike","Blood for Blood"],"picked":"Headbutt","floor":14}],"player_experience":711854,"relics_obtained":[{"floor":5,"key":"Question Card"},{"floor":6,"key":"Mercury Hourglass"},{"floor":9,"key":"Letter Opener"},{"floor":11,"key":"Anchor"},{"floor":13,"key":"Odd Mushroom"}],"event_choices":[{"damage_healed":0,"gold_gain":0,"player_choice":"Success","damage_taken":26,"relics_obtained":["FossilizedHelix"],"max_hp_gain":0,"max_hp_loss":0,"event_name":"Scrap Ooze","floor":2,"gold_loss":0},{"damage_healed":0,"gold_gain":150,"player_choice":"AGREE","damage_taken":0,"max_hp_gain":0,"max_hp_loss":0,"event_name":"Liars Game","floor":3,"gold_loss":0,"cards_obtained":["Doubt"]},{"damage_healed":0,"gold_gain":0,"player_choice":"Fought Mushrooms","damage_taken":0,"max_hp_gain":0,"max_hp_loss":0,"event_name":"Mushrooms","floor":13,"gold_loss":0}],"is_beta":false,"boss_relics":[],"items_purged_floors":[],"is_endless":false,"potions_floor_spawned":[1,11,12,13],"killed_by":"Hexaghost","ascension_level":20}