{"gold_per_floor":[118,129,148,159,6,33,33,49,49,49,75,35,35,68,68,171,171,185,196,210,310,328,353,268,268,294,320,320,90,103,115,115,211,211,223,143,143,43,70,70,84,117,143,168,168,168,168,184,184,184,184,184,41,71,71],"floor_reached":56,"playtime":3948,"items_purged":["Strike_R","Pain"],"score":1552,"play_id":"d3e3c911-374d-463b-9c42-c336d9720f38","local_time":"20190103225827","is_ascension_mode":true,"campfire_choices":[{"data":"Feed","floor":10,"key":"SMITH"},{"data":"Metallicize","floor":13,"key":"SMITH"},{"data":"Shockwave","floor":15,"key":"SMITH"},{"floor":25,"key":"REST"},{"data":"Juggernaut","floor":28,"key":"SMITH"},{"floor":32,"key":"REST"},{"floor":40,"key":"RECALL"},{"data":"Metallicize","floor":47,"key":"SMITH"},{"data":"Metallicize","floor":49,"key":"SMITH"},{"data":"Flame Barrier","floor":52,"key":"SMITH"}],"neow_cost":"TEN_PERCENT_HP_LOSS","seed_source_timestamp":1389941628947775,"circlet_count":0,"master_deck":["Bash","Feed+1","Rage","Inflame","Fire Breathing","Ghostly Armor","Metallicize+1","Carnage","Shockwave+1","Metallicize+1","Feel No Pain","Reaper","Pommel Strike+1","Uppercut","Corruption","Flame Barrier+1","Juggernaut+1","Reaper","Pommel Strike","Fire Breathing","Spot Weakness","Intimidate","Disarm","Impervious","Iron Wave","Berserk","Metallicize+1","Dropkick+1","Juggernaut"],"relics":["Burning Blood","Regal Pillow","Happy Flower","Paper Frog","Bottled Tornado","PreservedInsect","Sozu","Calipers","Bottled Lightning","Boot","Orichalcum","Bottled Flame","Pen Nib","Pandora\u0027s Box","WarpedTongs","Oddly Smooth Stone","Question Card","Strawberry","Pocketwatch","Bronze Scales","Dead Branch"],"potions_floor_usage":[6,8,11,14,14,16],"damage_taken":[{"damage":0,"enemies":"Small Slimes","floor":1,"turns":2},{"damage":6,"enemies":"Cultist","floor":2,"turns":3},{"damage":6,"enemies":"2 Louse","floor":3,"turns":2},{"damage":6,"enemies":"Looter","floor":4,"turns":3},{"damage":51,"enemies":"Lagavulin","floor":6,"turns":10},{"damage":1,"enemies":"Exordium Wildlife","floor":8,"turns":3},{"damage":22,"enemies":"3 Sentries","floor":11,"turns":9},{"damage":0,"enemies":"Lagavulin","floor":14,"turns":6},{"damage":54,"enemies":"Slime Boss","floor":16,"turns":16},{"damage":2,"enemies":"3 Byrds","floor":18,"turns":5},{"damage":0,"enemies":"Shell Parasite","floor":19,"turns":5},{"damage":15,"enemies":"3 Cultists","floor":20,"turns":5},{"damage":27,"enemies":"Colosseum Slavers","floor":21,"turns":5},{"damage":19,"enemies":"Colosseum Nobs","floor":21,"turns":4},{"damage":4,"enemies":"Snecko","floor":22,"turns":5},{"damage":75,"enemies":"Gremlin Leader","floor":23,"turns":8},{"damage":11,"enemies":"Book of Stabbing","floor":27,"turns":6},{"damage":17,"enemies":"Snake Plant","floor":30,"turns":3},{"damage":0,"enemies":"Chosen and Byrds","floor":31,"turns":5},{"damage":51,"enemies":"Collector","floor":33,"turns":9},{"damage":19,"enemies":"3 Shapes","floor":35,"turns":6},{"damage":2,"enemies":"Orb Walker","floor":41,"turns":5},{"damage":14,"enemies":"Nemesis","floor":42,"turns":6},{"damage":17,"enemies":"Giant Head","floor":44,"turns":8},{"damage":33,"enemies":"4 Shapes","floor":48,"turns":6},{"damage":81,"enemies":"Donu and Deca","floor":50,"turns":8},{"damage":55,"enemies":"Shield and Spear","floor":54,"turns":5},{"damage":73,"enemies":"The Heart","floor":55,"turns":9}],"seed_played":"257302704714551979","potions_obtained":[{"floor":4,"key":"SpeedPotion"},{"floor":6,"key":"Dexterity Potion"},{"floor":7,"key":"Regen Potion"},{"floor":7,"key":"Regen Potion"},{"floor":8,"key":"Weak Potion"},{"floor":11,"key":"SkillPotion"}],"is_trial":false,"path_per_floor":["M","M","M","M","$","E","?","M","T","R","E","$","R","E","R","B",null,"M","M","M","?","M","E","?","R","T","E","R","$","M","M","R","B",null,"M","$","?","$","T","R","M","E","T","E","$","?","R","M","R","B",null,"R","$","E","B",null],"character_chosen":"IRONCLAD","items_purchased":["Regal Pillow","Metallicize","Pen Nib","Metallicize","Bronze Scales"],"campfire_rested":2,"item_purchase_floors":[5,12,29,36,53],"current_hp_per_floor":[75,78,81,84,84,42,42,59,59,59,62,62,62,72,72,24,80,94,104,109,99,101,39,39,88,88,90,90,90,79,89,118,92,115,117,117,117,117,117,117,121,114,121,133,133,126,126,120,120,84,122,122,122,85,37],"gold":71,"neow_bonus":"THREE_RARE_CARDS","is_prod":false,"is_daily":false,"chose_seed":false,"campfire_upgraded":7,"win_rate":0,"timestamp":1546574307,"path_taken":["M","M","M","M","$","E","?","M","T","R","E","?","R","E","R","BOSS","M","M","?","?","M","E","?","R","T","E","R","?","?","M","R","BOSS","M","$","?","$","?","R","M","E","T","E","?","?","R","M","R","BOSS","R","$","E","BOSS"],"build_version":"2019-01-03","purchased_purges":2,"victory":true,"max_hp_per_floor":[75,78,81,84,84,87,87,90,90,90,94,94,94,98,98,98,98,102,106,110,114,114,114,114,114,114,114,114,114,114,118,118,122,122,126,126,126,126,126,126,126,126,133,133,133,126,126,130,130,134,134,134,134,134,134],"card_choices":[{"not_picked":["Limit Break","Bludgeon"],"picked":"Feed","floor":0},{"not_picked":["Clash","True Grit"],"picked":"Rage","floor":1},{"not_picked":["Shrug It Off","Twin Strike"],"picked":"Inflame","floor":2},{"not_picked":["Spot Weakness","Headbutt"],"picked":"Fire Breathing","floor":3},{"not_picked":["Pummel","Thunderclap"],"picked":"Ghostly Armor","floor":4},{"not_picked":["Searing Blow","Perfected Strike"],"picked":"Metallicize","floor":6},{"not_picked":["Body Slam","Thunderclap"],"picked":"Carnage","floor":8},{"not_picked":["Evolve","Clash"],"picked":"Shockwave","floor":11},{"not_picked":["Reckless Charge","Havoc"],"picked":"Feel No Pain","floor":14},{"not_picked":["Berserk","Bludgeon"],"picked":"Reaper","floor":16},{"not_picked":["Havoc","Sever Soul","Twin Strike"],"picked":"SKIP","floor":18},{"not_picked":["Clash+1","Body Slam"],"picked":"Pommel Strike+1","floor":19},{"not_picked":["Carnage","Cleave"],"picked":"Uppercut","floor":20},{"not_picked":["Inflame","Clothesline+1"],"picked":"Corruption","floor":21},{"not_picked":["Disarm+1","Berserk","True Grit"],"picked":"SKIP","floor":22},{"not_picked":["Headbutt","Entrench"],"picked":"Flame Barrier","floor":23},{"not_picked":["Heavy Blade","Shrug It Off"],"picked":"Juggernaut","floor":27},{"not_picked":["Body Slam","Evolve+1","Shrug It Off"],"picked":"SKIP","floor":30},{"not_picked":["Berserk","Searing Blow+1","Headbutt"],"picked":"SKIP","floor":31},{"not_picked":["Demon Form","Bludgeon"],"picked":"Reaper","floor":33},{"not_picked":["Shrug It Off","Iron Wave","Cleave"],"picked":"SKIP","floor":35},{"not_picked":["Sword Boomerang+1","Cleave+1","Warcry+1"],"picked":"SKIP","floor":41},{"not_picked":["Uppercut","Twin Strike"],"picked":"Dropkick+1","floor":42},{"not_picked":["Spot Weakness+1","Flex+1","Inflame+1"],"picked":"Juggernaut","floor":44},{"not_picked":["Blood for Blood","Flex","Headbutt","Power Through"],"picked":"SKIP","floor":48},{"not_picked":["Warcry","Pummel","Brutality","Dual Wield"],"picked":"SKIP","floor":54}],"player_experience":329466,"relics_obtained":[{"floor":6,"key":"Happy Flower"},{"floor":9,"key":"Paper Frog"},{"floor":11,"key":"Bottled Tornado"},{"floor":14,"key":"PreservedInsect"},{"floor":21,"key":"Calipers"},{"floor":21,"key":"Bottled Lightning"},{"floor":23,"key":"Boot"},{"floor":27,"key":"Bottled Flame"},{"floor":39,"key":"Oddly Smooth Stone"},{"floor":42,"key":"Question Card"},{"floor":43,"key":"Strawberry"},{"floor":44,"key":"Pocketwatch"},{"floor":54,"key":"Dead Branch"}],"event_choices":[{"damage_healed":0,"gold_gain":0,"player_choice":"Got Potions","damage_taken":0,"max_hp_gain":0,"max_hp_loss":0,"event_name":"Lab","floor":7,"gold_loss":0},{"damage_healed":0,"gold_gain":0,"player_choice":"Fight","damage_taken":0,"max_hp_gain":0,"max_hp_loss":0,"event_name":"Colosseum","floor":21,"gold_loss":0},{"damage_healed":0,"gold_gain":0,"player_choice":"Fought Nobs","damage_taken":0,"max_hp_gain":0,"max_hp_loss":0,"event_name":"Colosseum","floor":21,"gold_loss":0},{"damage_healed":0,"gold_gain":0,"player_choice":"Obtained Relic","damage_taken":0,"relics_obtained":["Orichalcum"],"max_hp_gain":0,"max_hp_loss":0,"event_name":"Addict","floor":24,"gold_loss":85},{"damage_healed":0,"gold_gain":0,"player_choice":"Rummage","damage_taken":0,"relics_obtained":["WarpedTongs"],"max_hp_gain":0,"max_hp_loss":0,"event_name":"Accursed Blacksmith","floor":37,"gold_loss":0,"cards_obtained":["Pain"]},{"damage_healed":0,"gold_gain":0,"player_choice":"Max HP","damage_taken":0,"max_hp_gain":0,"max_hp_loss":7,"event_name":"Winding Halls","floor":46,"gold_loss":0}],"is_beta":false,"boss_relics":[{"not_picked":["Lizard Tail","Runic Cube"],"picked":"Sozu"},{"not_picked":["Philosopher\u0027s Stone","Velvet Choker"],"picked":"Pandora\u0027s Box"}],"items_purged_floors":[29,38],"is_endless":false,"potions_floor_spawned":[4,6,8,11,19,20,27,31,41,42,44],"ascension_level":6}