{"path_per_floor":["M","M","?","?","M","E","T","R","T","E","M","$","R","M","R","B",null,"M","?","?","?","M","R","$","R","T","?","M","M","?","M","R"],"character_chosen":"THE_SILENT","items_purchased":["Prepared"],"gold_per_floor":[119,136,136,96,115,142,142,142,142,168,184,184,184,194,194,294,294,278,193,193,193,205,205,129,129,199,399,417,432,355,370,370,370],"floor_reached":33,"campfire_rested":2,"playtime":2353,"item_purchase_floors":[24],"current_hp_per_floor":[58,52,52,52,45,32,32,53,53,52,52,52,52,50,50,12,56,35,35,19,19,4,33,33,41,41,41,43,34,34,22,32,0],"items_purged":["Writhe"],"gold":370,"score":344,"play_id":"ccfcb4ff-6355-4aaf-9e37-072e39170d0c","local_time":"20180609214528","is_prod":false,"is_daily":false,"chose_seed":false,"is_ascension_mode":true,"campfire_upgraded":4,"win_rate":0,"timestamp":1528598728,"campfire_choices":[{"floor":8,"key":"REST"},{"data":"Underhanded Strike","floor":13,"key":"SMITH"},{"data":"Eviscerate","floor":15,"key":"SMITH"},{"floor":23,"key":"REST"},{"data":"Prepared","floor":25,"key":"SMITH"},{"data":"Tactician","floor":32,"key":"SMITH"}],"path_taken":["M","M","?","?","M","E","?","R","T","E","M","$","R","M","R","BOSS","M","?","?","?","M","R","$","R","T","?","?","M","?","M","R","BOSS"],"build_version":"2018-06-07v3","seed_source_timestamp":53094219727359,"purchased_purges":1,"victory":false,"master_deck":["Defend_G","Defend_G","Defend_G+1","Defend_G","Defend_G","Strike_G","Strike_G","Strike_G","Strike_G","Strike_G","Survivor","Neutralize","Dodge and Roll","Dagger Throw","Neutralize","Underhanded Strike+1","Dodge and Roll+1","Well Laid Plans+1","Footwork+1","Eviscerate+1","Tools of the Trade+1","Cloak And Dagger","Prepared+1","Tactician+1","J.A.X."],"max_hp_per_floor":[70,70,70,70,70,70,70,70,70,70,70,70,70,70,70,70,70,70,70,70,70,72,72,72,72,72,72,74,74,74,76,76,76],"relics":["Ring of the Snake","Potion Belt","Smiling Mask","Frozen Egg 2","Tough Bandages","Eternal Feather","Singing Bowl","Nilry\u0027s Codex","War Paint","Pantograph"],"card_choices":[{"not_picked":["Acrobatics","Eviscerate"],"picked":"Dodge and Roll","floor":1},{"not_picked":["Endless Agony","Eviscerate"],"picked":"Dagger Throw","floor":2},{"not_picked":["Acrobatics","Setup"],"picked":"Underhanded Strike","floor":5},{"not_picked":["Blur","Acrobatics"],"picked":"Dodge and Roll","floor":6},{"not_picked":["Backflip","PiercingWail"],"picked":"Well Laid Plans+1","floor":10},{"not_picked":["Dodge and Roll","Masterful Stab"],"picked":"Footwork+1","floor":11},{"not_picked":["Quick Slash","Glass Knife"],"picked":"Eviscerate","floor":14},{"not_picked":["Envenom+1","A Thousand Cuts+1"],"picked":"Tools of the Trade+1","floor":16},{"not_picked":["Catalyst","Endless Agony"],"picked":"Cloak And Dagger","floor":18},{"not_picked":["Dagger Spray","Cloak And Dagger","Catalyst"],"picked":"Singing Bowl","floor":22},{"not_picked":["Cloak And Dagger","Caltrops+1","Heel Hook"],"picked":"Singing Bowl","floor":28},{"not_picked":["Slice","Underhanded Strike+1"],"picked":"Tactician","floor":29},{"not_picked":["Crippling Poison","Flying Knee","Deflect"],"picked":"Singing Bowl","floor":31}],"player_experience":250170,"potions_floor_usage":[10,10,16,16,16,16,31,33],"damage_taken":[{"damage":5,"enemies":"Jaw Worm","floor":1,"turns":5},{"damage":6,"enemies":"Cultist","floor":2,"turns":5},{"damage":7,"enemies":"Small Slimes","floor":5,"turns":4},{"damage":13,"enemies":"3 Sentries","floor":6,"turns":8},{"damage":1,"enemies":"Gremlin Nob","floor":10,"turns":3},{"damage":0,"enemies":"Red Slaver","floor":11,"turns":5},{"damage":2,"enemies":"Blue Slaver","floor":14,"turns":4},{"damage":38,"enemies":"Hexaghost","floor":16,"turns":20},{"damage":21,"enemies":"2 Thieves","floor":18,"turns":4},{"damage":17,"enemies":"Chosen","floor":22,"turns":6},{"damage":0,"enemies":"Snecko","floor":28,"turns":6},{"damage":9,"enemies":"Slaver and Parasite","floor":29,"turns":7},{"damage":14,"enemies":"Cultist and Chosen","floor":31,"turns":8},{"damage":59,"enemies":"Collector","floor":33,"turns":5}],"relics_obtained":[{"floor":6,"key":"Potion Belt"},{"floor":7,"key":"Smiling Mask"},{"floor":9,"key":"Frozen Egg 2"},{"floor":10,"key":"Tough Bandages"},{"floor":20,"key":"Nilry\u0027s Codex"},{"floor":26,"key":"Pantograph"}],"event_choices":[{"event_name":"Match and Keep!","player_choice":"1 cards matched","floor":3,"damage_taken":0},{"event_name":"The Woman in Blue","player_choice":"Bought 3 Potions","floor":4,"damage_taken":0},{"event_name":"Addict","player_choice":"Obtained Relic","floor":19,"damage_taken":0},{"event_name":"Cursed Tome","player_choice":"Obtained Book","floor":20,"damage_taken":0},{"event_name":"The Mausoleum","player_choice":"Yes","floor":21,"damage_taken":0},{"event_name":"Wheel of Change","player_choice":"Gold","floor":27,"damage_taken":0},{"event_name":"Drug Dealer","player_choice":"Got JAXXED","floor":30,"damage_taken":0}],"boss_relics":[{"not_picked":["Philosopher\u0027s Stone","Ectoplasm"],"picked":"Eternal Feather"}],"items_purged_floors":[24],"potions_floor_spawned":[5,6,11,14,28,31],"seed_played":"-3840153663166706419","killed_by":"Collector","ascension_level":7,"potions_obtained":[{"floor":4,"key":"GhostInAJar"},{"floor":4,"key":"GhostInAJar"},{"floor":4,"key":"Poison Potion"},{"floor":5,"key":"GhostInAJar"},{"floor":6,"key":"SkillPotion"},{"floor":11,"key":"Fire Potion"},{"floor":14,"key":"GhostInAJar"},{"floor":28,"key":"Dexterity Potion"},{"floor":31,"key":"Energy Potion"}],"is_trial":false}