{"gold_per_floor":[118,118,29,46,46,46,86,104,130,144,183,133,174,189,189,317,317,332,351,238,257,257,61,75,108,108,142,142,172,72,90,90,90],"floor_reached":33,"playtime":1186,"items_purged":["Strike_B","Strike_B"],"score":394,"play_id":"2d200a2b-3ef6-45aa-a1fb-3da7d0f6b7b9","local_time":"20190118125306","is_ascension_mode":true,"campfire_choices":[{"data":"Zap","floor":6,"key":"SMITH"},{"floor":15,"key":"REST"},{"floor":28,"key":"REST"},{"data":"Capacitor","floor":32,"key":"SMITH"}],"neow_cost":"NONE","seed_source_timestamp":98420391826577,"circlet_count":0,"master_deck":["Strike_B+1","Defend_B","Defend_B","Defend_B","Defend_B","Zap+1","Dualcast","Tempest","Ball Lightning+1","Self Repair","Ball Lightning","Capacitor+1","Thunder Strike","Thunder Strike","Conserve Battery+1","Tempest"],"relics":["FrozenCore","NeowsBlessing","PreservedInsect","Bag of Preparation","Whetstone","Cables","Matryoshka","Nloth\u0027s Gift","Chemical X","Anchor","Blue Candle","Singing Bowl","Bronze Scales","Art of War"],"potions_floor_usage":[11,13,13,16,25,29,29,33],"damage_taken":[{"damage":0,"enemies":"Jaw Worm","floor":1,"turns":1},{"damage":0,"enemies":"Small Slimes","floor":4,"turns":1},{"damage":0,"enemies":"3 Sentries","floor":7,"turns":1},{"damage":7,"enemies":"2 Louse","floor":8,"turns":3},{"damage":19,"enemies":"Exordium Thugs","floor":10,"turns":3},{"damage":0,"enemies":"Gremlin Nob","floor":11,"turns":2},{"damage":19,"enemies":"3 Sentries","floor":13,"turns":5},{"damage":2,"enemies":"2 Fungi Beasts","floor":14,"turns":2},{"damage":11,"enemies":"The Guardian","floor":16,"turns":7},{"damage":21,"enemies":"3 Byrds","floor":18,"turns":4},{"damage":7,"enemies":"Chosen","floor":19,"turns":5},{"damage":13,"enemies":"Shelled Parasite and Fungi","floor":21,"turns":7},{"damage":20,"enemies":"Cultist and Chosen","floor":24,"turns":5},{"damage":14,"enemies":"Book of Stabbing","floor":25,"turns":3},{"damage":18,"enemies":"Gremlin Leader","floor":27,"turns":4},{"damage":2,"enemies":"Book of Stabbing","floor":29,"turns":2},{"damage":14,"enemies":"Centurion and Healer","floor":31,"turns":4},{"damage":39,"enemies":"Collector","floor":33,"turns":6}],"seed_played":"-1115694431001967349","potions_obtained":[{"floor":4,"key":"Fire Potion"},{"floor":7,"key":"FocusPotion"},{"floor":11,"key":"Dexterity Potion"},{"floor":13,"key":"SkillPotion"},{"floor":19,"key":"Fire Potion"},{"floor":24,"key":"EssenceOfSteel"},{"floor":27,"key":"Fruit Juice"},{"floor":31,"key":"LiquidBronze"}],"is_trial":false,"path_per_floor":["M","?","$","M","?","R","E","M","T","M","E","?","E","M","R","B",null,"M","M","$","M","?","$","M","E","T","E","R","E","$","M","R","B"],"character_chosen":"DEFECT","items_purchased":["Ball Lightning","Self Repair","Tempest","Chemical X"],"campfire_rested":2,"item_purchase_floors":[3,3,20,23],"current_hp_per_floor":[75,50,50,50,32,32,32,32,32,20,20,20,8,6,28,24,75,61,61,61,55,55,55,35,21,21,12,35,40,40,35,35,0],"gold":90,"neow_bonus":"THREE_ENEMY_KILL","is_prod":false,"is_daily":false,"chose_seed":false,"campfire_upgraded":2,"win_rate":0,"timestamp":1547776386,"path_taken":["M","?","$","M","?","R","E","M","T","M","E","?","E","M","R","BOSS","M","M","$","M","?","$","M","E","T","E","R","E","?","M","R","BOSS"],"build_version":"2018-11-15","purchased_purges":2,"victory":false,"max_hp_per_floor":[75,75,75,75,75,75,75,75,75,75,75,75,75,75,75,75,75,75,75,75,75,75,75,75,75,75,77,77,84,84,86,86,86],"card_choices":[{"not_picked":["Compile Driver","Cold Snap"],"picked":"Tempest","floor":1},{"not_picked":["Beam Cell","Turbo"],"picked":"Ball Lightning","floor":4},{"not_picked":["Rip and Tear","Machine Learning"],"picked":"Capacitor","floor":7},{"not_picked":["Coolheaded","Turbo","Conserve Battery"],"picked":"SKIP","floor":8},{"not_picked":["Redo","Darkness","Compile Driver"],"picked":"SKIP","floor":10},{"not_picked":["Static Discharge","Hologram","Coolheaded"],"picked":"SKIP","floor":11},{"not_picked":["Genetic Algorithm","Gash","Stack"],"picked":"SKIP","floor":13},{"not_picked":["Rebound","Ball Lightning"],"picked":"Thunder Strike","floor":14},{"not_picked":["Rainbow","Hyperbeam"],"picked":"Thunder Strike","floor":16},{"not_picked":["Compile Driver","Stack","Recycle"],"picked":"SKIP","floor":18},{"not_picked":["Sweeping Beam","Leap"],"picked":"Conserve Battery+1","floor":19},{"not_picked":["Doom and Gloom+1","Gash+1","Leap"],"picked":"SKIP","floor":21},{"not_picked":["Stack","Blizzard","Redo"],"picked":"SKIP","floor":24},{"not_picked":["Machine Learning","All For One","Compile Driver+1"],"picked":"SKIP","floor":25},{"not_picked":["Coolheaded","Redo","Streamline+1"],"picked":"Singing Bowl","floor":27},{"not_picked":["Steam","Compile Driver","Ball Lightning"],"picked":"Singing Bowl","floor":29},{"not_picked":["Leap","Gash+1","Barrage"],"picked":"Singing Bowl","floor":31}],"player_experience":1112531,"relics_obtained":[{"floor":7,"key":"Bag of Preparation"},{"floor":9,"key":"Whetstone"},{"floor":11,"key":"Cables"},{"floor":13,"key":"Matryoshka"},{"floor":25,"key":"Anchor"},{"floor":26,"key":"Blue Candle"},{"floor":26,"key":"Singing Bowl"},{"floor":27,"key":"Bronze Scales"},{"floor":29,"key":"Art of War"}],"event_choices":[{"damage_healed":0,"gold_gain":0,"player_choice":"Success","damage_taken":25,"relics_obtained":["PreservedInsect"],"max_hp_gain":0,"max_hp_loss":0,"event_name":"Scrap Ooze","floor":2,"gold_loss":0},{"damage_healed":0,"gold_gain":0,"player_choice":"Take Damage","damage_taken":18,"relics_obtained":["Golden Idol"],"max_hp_gain":0,"max_hp_loss":0,"event_name":"Golden Idol","floor":5,"gold_loss":0},{"cards_removed":["Strike_B"],"damage_healed":0,"gold_gain":0,"player_choice":"Card Removal","damage_taken":0,"max_hp_gain":0,"max_hp_loss":0,"event_name":"The Cleric","floor":12,"gold_loss":50},{"damage_healed":0,"gold_gain":0,"player_choice":"Traded Relic","damage_taken":0,"relics_obtained":["Nloth\u0027s Gift"],"max_hp_gain":0,"max_hp_loss":0,"event_name":"N\u0027loth","floor":22,"relics_lost":["Golden Idol"],"gold_loss":0}],"is_beta":true,"boss_relics":[{"not_picked":["Lizard Tail","Snecko Eye"],"picked":"FrozenCore"}],"items_purged_floors":[20,30],"is_endless":false,"potions_floor_spawned":[4,7,11,13,19,24,27,31],"killed_by":"Collector","ascension_level":1}