{"gold_per_floor":[112,112,112,112,126,126,152,152,152,163,163,190,190,223,223,318,318,328,253,269,184,203,203,234,234,234,234,265,56,56,66,66,163,163,181,181,181,181,0,63,63,88,88,119,44,92,92,124,124,124],"floor_reached":51,"playtime":2897,"items_purged":["Defend_B"],"score":1226,"play_id":"ab372b6c-f87c-4df4-8df5-b48485d76ba7","local_time":"20190111202816","is_ascension_mode":true,"campfire_choices":[{"data":"Buffer","floor":6,"key":"SMITH"},{"data":"Chill","floor":8,"key":"SMITH"},{"data":"Zap","floor":15,"key":"SMITH"},{"data":"Seek","floor":23,"key":"SMITH"},{"data":"Hologram","floor":25,"key":"SMITH"},{"data":"Stack","floor":27,"key":"SMITH"},{"data":"Defragment","floor":32,"key":"SMITH"},{"floor":47,"key":"REST"},{"data":"Machine Learning","floor":49,"key":"SMITH"}],"neow_cost":"NONE","seed_source_timestamp":85446515394090,"circlet_count":0,"master_deck":["Strike_B","Strike_B","Zap+1","Dualcast","Buffer+1","Cold Snap","Chill+1","Cold Snap","Glacier","Stack+1","Tempest","Core Surge","Seek+1","Compile Driver","Genetic Algorithm","Leap","Hologram+1","Compile Driver","Defragment+1","Machine Learning+1","Force Field+1","Panacea","Defragment+1","Loop+1","Gash+1","Stack","Cold Snap"],"relics":["Cracked Core","Ice Cream","Blood Vial","Bottled Lightning","Lantern","Shuriken","Vajra","Busted Crown","Ginger","Symbiotic Virus","Omamori","Juzu Bracelet","Lee\u0027s Waffle","Kunai","Sozu","Red Mask","Tiny Chest","Pen Nib","Incense Burner","Centennial Puzzle","Torii","Mummified Hand"],"potions_floor_usage":[16,24,28],"damage_taken":[{"damage":1,"enemies":"Cultist","floor":1,"turns":3},{"damage":5,"enemies":"Jaw Worm","floor":5,"turns":4},{"damage":0,"enemies":"Lagavulin","floor":7,"turns":8},{"damage":0,"enemies":"Small Slimes","floor":10,"turns":2},{"damage":6,"enemies":"3 Sentries","floor":12,"turns":9},{"damage":18,"enemies":"Gremlin Nob","floor":14,"turns":4},{"damage":18,"enemies":"Hexaghost","floor":16,"turns":16},{"damage":0,"enemies":"Shell Parasite","floor":18,"turns":4},{"damage":0,"enemies":"Spheric Guardian","floor":20,"turns":3},{"damage":8,"enemies":"3 Cultists","floor":22,"turns":6},{"damage":19,"enemies":"Slavers","floor":24,"turns":9},{"damage":13,"enemies":"Book of Stabbing","floor":28,"turns":5},{"damage":0,"enemies":"Chosen and Byrds","floor":31,"turns":5},{"damage":2,"enemies":"Automaton","floor":33,"turns":11},{"damage":0,"enemies":"3 Shapes","floor":35,"turns":5},{"damage":5,"enemies":"Giant Head","floor":40,"turns":9},{"damage":17,"enemies":"Reptomancer","floor":42,"turns":10},{"damage":8,"enemies":"Giant Head","floor":44,"turns":8},{"damage":4,"enemies":"2 Orb Walkers","floor":46,"turns":6},{"damage":0,"enemies":"Nemesis","floor":48,"turns":5},{"damage":12,"enemies":"Donu and Deca","floor":50,"turns":11}],"seed_played":"7710464756504934884","potions_obtained":[{"floor":1,"key":"Energy Potion"},{"floor":5,"key":"SkillPotion"},{"floor":12,"key":"SteroidPotion"},{"floor":18,"key":"GamblersBrew"},{"floor":24,"key":"LiquidBronze"},{"floor":33,"key":"FearPotion"}],"is_trial":false,"path_per_floor":["M","$","?","?","M","R","E","R","T","M","?","E","?","E","R","B",null,"M","?","M","?","M","R","E","R","T","R","E","$","?","M","R","B",null,"M","?","?","?","?","E","?","E","T","E","$","?","R","E","R","B",null],"character_chosen":"DEFECT","items_purchased":["Lee\u0027s Waffle"],"campfire_rested":1,"item_purchase_floors":[29],"current_hp_per_floor":[67,67,49,49,46,46,48,48,48,50,43,39,39,23,23,7,58,60,60,62,62,56,56,39,39,39,39,28,82,82,82,82,80,82,82,82,82,82,82,77,77,62,62,56,56,54,78,80,80,70],"gold":124,"neow_bonus":"ONE_RANDOM_RARE_CARD","is_prod":false,"is_daily":false,"chose_seed":false,"campfire_upgraded":8,"win_rate":0,"timestamp":1547260096,"path_taken":["M","$","?","?","?","R","E","R","T","M","?","E","?","E","R","BOSS","M","?","M","?","M","R","E","R","T","R","E","?","?","M","R","BOSS","M","?","?","?","?","E","?","E","T","E","$","?","R","E","R","BOSS"],"build_version":"2019-01-10","purchased_purges":1,"victory":true,"max_hp_per_floor":[75,75,75,75,75,75,75,75,75,75,75,75,75,75,75,75,75,75,75,75,75,75,75,75,75,75,75,75,82,82,82,82,82,82,82,82,82,82,82,82,82,82,82,82,82,82,82,82,82,82],"card_choices":[{"not_picked":["Fusion","Turbo"],"picked":"Cold Snap","floor":1},{"not_picked":["Steam","Compile Driver"],"picked":"Chill","floor":5},{"not_picked":["Amplify","Sweeping Beam"],"picked":"Cold Snap","floor":7},{"not_picked":["Conserve Battery","Hologram"],"picked":"Glacier","floor":10},{"not_picked":["Redo","Turbo"],"picked":"Stack","floor":12},{"not_picked":["Doom and Gloom","Leap"],"picked":"Core Surge","floor":14},{"not_picked":["Reboot","Hyperbeam"],"picked":"Seek","floor":16},{"not_picked":[],"picked":"Compile Driver","floor":18},{"not_picked":[],"picked":"Genetic Algorithm","floor":20},{"not_picked":[],"picked":"Leap","floor":22},{"not_picked":[],"picked":"Hologram","floor":24},{"not_picked":[],"picked":"Compile Driver","floor":28},{"not_picked":[],"picked":"Defragment","floor":31},{"not_picked":[],"picked":"Machine Learning","floor":33},{"not_picked":[],"picked":"Force Field+1","floor":35},{"not_picked":[],"picked":"Panacea","floor":37},{"not_picked":[],"picked":"Loop+1","floor":40},{"not_picked":[],"picked":"Gash+1","floor":42},{"not_picked":["Aggregate+1"],"picked":"SKIP","floor":44},{"not_picked":[],"picked":"Stack","floor":46},{"not_picked":[],"picked":"Cold Snap","floor":48}],"player_experience":435657,"relics_obtained":[{"floor":7,"key":"Bottled Lightning"},{"floor":9,"key":"Lantern"},{"floor":12,"key":"Shuriken"},{"floor":14,"key":"Vajra"},{"floor":24,"key":"Symbiotic Virus"},{"floor":26,"key":"Omamori"},{"floor":28,"key":"Juzu Bracelet"},{"floor":40,"key":"Tiny Chest"},{"floor":42,"key":"Pen Nib"},{"floor":43,"key":"Incense Burner"},{"floor":44,"key":"Centennial Puzzle"},{"floor":46,"key":"Torii"},{"floor":48,"key":"Mummified Hand"}],"event_choices":[{"damage_healed":0,"gold_gain":0,"player_choice":"Success","damage_taken":18,"relics_obtained":["Ice Cream"],"max_hp_gain":0,"max_hp_loss":0,"event_name":"Scrap Ooze","floor":3,"gold_loss":0},{"damage_healed":0,"gold_gain":0,"player_choice":"Gave Potion","damage_taken":0,"relics_obtained":["Blood Vial"],"max_hp_gain":0,"max_hp_loss":0,"event_name":"WeMeetAgain","floor":4,"gold_loss":0},{"cards_removed":["Defend_B"],"damage_healed":0,"gold_gain":0,"player_choice":"Card Removal","damage_taken":7,"max_hp_gain":0,"max_hp_loss":0,"event_name":"Golden Wing","floor":11,"gold_loss":0},{"damage_healed":0,"gold_gain":0,"cards_transformed":["Strike_B"],"player_choice":"Transformed","damage_taken":0,"max_hp_gain":0,"max_hp_loss":0,"event_name":"Transmorgrifier","floor":13,"gold_loss":0,"cards_obtained":["Tempest"]},{"cards_removed":["Defend_B"],"damage_healed":0,"gold_gain":0,"player_choice":"Gave Gold","damage_taken":0,"max_hp_gain":0,"max_hp_loss":0,"event_name":"Beggar","floor":19,"gold_loss":75},{"damage_healed":0,"gold_gain":0,"player_choice":"Obtained Relic","damage_taken":0,"relics_obtained":["Ginger"],"max_hp_gain":0,"max_hp_loss":0,"event_name":"Addict","floor":21,"gold_loss":85},{"damage_healed":0,"gold_gain":0,"player_choice":"Opened","damage_taken":0,"relics_obtained":["Kunai"],"max_hp_gain":0,"max_hp_loss":0,"event_name":"The Mausoleum","floor":30,"gold_loss":0,"cards_obtained":["Writhe"]},{"cards_removed":["Defend_B"],"damage_healed":0,"gold_gain":0,"player_choice":"Removed Skill","damage_taken":0,"max_hp_gain":0,"max_hp_loss":0,"event_name":"Falling","floor":36,"gold_loss":0},{"damage_healed":0,"gold_gain":0,"player_choice":"Memory 1","damage_taken":0,"max_hp_gain":0,"max_hp_loss":0,"event_name":"SensoryStone","floor":37,"gold_loss":0},{"damage_healed":0,"gold_gain":0,"player_choice":"Copied","damage_taken":0,"max_hp_gain":0,"max_hp_loss":0,"event_name":"Duplicator","floor":38,"gold_loss":0,"cards_obtained":["Defragment"]},{"damage_healed":0,"gold_gain":0,"player_choice":"Paid","damage_taken":0,"relics_obtained":["Red Mask"],"max_hp_gain":0,"max_hp_loss":0,"event_name":"Tomb of Lord Red Mask","floor":39,"gold_loss":181},{"cards_removed":["Strike_B"],"damage_healed":0,"gold_gain":0,"player_choice":"Purged","damage_taken":0,"max_hp_gain":0,"max_hp_loss":0,"event_name":"Purifier","floor":41,"gold_loss":0},{"damage_healed":0,"gold_gain":0,"player_choice":"Fight","damage_taken":0,"max_hp_gain":0,"max_hp_loss":0,"event_name":"Mysterious Sphere","floor":46,"gold_loss":0}],"is_beta":false,"boss_relics":[{"not_picked":["Coffee Dripper","Calling Bell"],"picked":"Busted Crown"},{"not_picked":["Velvet Choker","Runic Pyramid"],"picked":"Sozu"}],"items_purged_floors":[45],"is_endless":false,"potions_floor_spawned":[1,5,12,18,24,33,40,48],"ascension_level":9}