{"gold_per_floor":[110,130,149,163,88,121,121,137,183,209,209,223,223,243,243,338,338,350,370,370],"floor_reached":20,"playtime":34802,"items_purged":["Strike_R"],"score":254,"play_id":"48a8a610-f5fe-4b08-b185-c8a1bfe4386d","local_time":"20190106141756","is_ascension_mode":true,"campfire_choices":[{"data":"Bash","floor":7,"key":"SMITH"},{"floor":11,"key":"REST"},{"data":"Body Slam","floor":13,"key":"SMITH"},{"data":"True Grit","floor":15,"key":"SMITH"}],"neow_cost":"NONE","seed_source_timestamp":1586957276381299,"circlet_count":0,"master_deck":["Strike_R","Strike_R","Strike_R+1","Strike_R+1","Defend_R","Defend_R","Defend_R","Defend_R","Bash+1","True Grit+1","Armaments","Body Slam+1","Flex","Seeing Red","Ghostly Armor","True Grit","Dark Embrace","Iron Wave+1","Twin Strike+1"],"special_seed":0,"relics":["Burning Blood","Whetstone","Juzu Bracelet","Regal Pillow","Sozu"],"potions_floor_usage":[6,8,16,16,18,19],"damage_taken":[{"damage":1.0,"enemies":"Cultist","floor":1.0,"turns":4.0},{"damage":0.0,"enemies":"Small Slimes","floor":2.0,"turns":3.0},{"damage":2.0,"enemies":"2 Louse","floor":3.0,"turns":3.0},{"damage":10.0,"enemies":"Exordium Thugs","floor":4.0,"turns":4.0},{"damage":20,"enemies":"Lagavulin","floor":6,"turns":6},{"damage":11,"enemies":"2 Fungi Beasts","floor":8,"turns":4},{"damage":30,"enemies":"3 Sentries","floor":10,"turns":13},{"damage":9,"enemies":"Red Slaver","floor":12,"turns":3},{"damage":6,"enemies":"Blue Slaver","floor":14,"turns":4},{"damage":50,"enemies":"The Guardian","floor":16,"turns":17},{"damage":20,"enemies":"2 Thieves","floor":18,"turns":5},{"damage":47,"enemies":"3 Byrds","floor":19,"turns":10},{"damage":12,"enemies":"Shelled Parasite and Fungi","floor":20,"turns":3}],"seed_played":"-8897680733037814916","potions_obtained":[{"floor":3.0,"key":"PowerPotion"},{"floor":4.0,"key":"Weak Potion"},{"floor":6,"key":"GamblersBrew"},{"floor":12,"key":"Swift Potion"},{"floor":14,"key":"Weak Potion"},{"floor":16,"key":"PowerPotion"}],"is_trial":false,"path_per_floor":["M","M","M","M","$","E","R","M","T","E","R","M","R","M","R","B",null,"M","M","M"],"character_chosen":"IRONCLAD","items_purchased":[],"campfire_rested":1,"item_purchase_floors":[],"current_hp_per_floor":[77,80,80,76,76,62,62,57,57,33,72,69,69,69,69,25,66,52,11,0],"gold":370,"neow_bonus":"RANDOM_COMMON_RELIC","is_prod":false,"is_daily":false,"chose_seed":false,"campfire_upgraded":3,"win_rate":0,"timestamp":1546802276,"path_taken":["M","?","M","M","$","E","R","M","T","E","R","M","R","M","R","BOSS","M","M","M"],"build_version":"2019-01-03v4","purchased_purges":1,"victory":false,"max_hp_per_floor":[80,80,80,80,80,80,80,80,80,80,80,80,80,80,80,80,80,80,80,80],"card_choices":[{"not_picked":["Cleave","Rampage"],"picked":"True Grit","floor":1.0},{"not_picked":["Flex","Entrench"],"picked":"Armaments","floor":2.0},{"not_picked":["Perfected Strike","Sentinel"],"picked":"Body Slam","floor":3.0},{"not_picked":["Perfected Strike","Cleave"],"picked":"Flex","floor":4.0},{"not_picked":["Flame Barrier","True Grit"],"picked":"Seeing Red","floor":6},{"not_picked":["Body Slam","Berserk"],"picked":"Ghostly Armor","floor":8},{"not_picked":["Sword Boomerang","Anger","Reckless Charge"],"picked":"SKIP","floor":10},{"not_picked":["Sentinel","Cleave","Rupture"],"picked":"SKIP","floor":12},{"not_picked":["Body Slam","Searing Blow"],"picked":"True Grit","floor":14},{"not_picked":["Impervious","Offering"],"picked":"Dark Embrace","floor":16},{"not_picked":["Rampage","Whirlwind"],"picked":"Iron Wave+1","floor":18},{"not_picked":["Sentinel+1","Heavy Blade"],"picked":"Twin Strike+1","floor":19}],"player_experience":365172,"relics_obtained":[{"floor":6,"key":"Juzu Bracelet"},{"floor":9,"key":"Regal Pillow"}],"event_choices":[],"is_beta":false,"boss_relics":[{"not_picked":["Coffee Dripper","Lizard Tail"],"picked":"Sozu"}],"items_purged_floors":[5],"is_endless":false,"potions_floor_spawned":[3,4,6,12,14,16],"killed_by":"Shelled Parasite and Fungi","ascension_level":7}