{"path_per_floor":["M","M","M","?","?","R","E","M","T","R","E","$","M","$","R","B",null,"M","?","M","$","?","E","$","R","T","R","$","T","M","M","R"],"character_chosen":"IRONCLAD","items_purchased":["Flash of Steel","Unceasing Top"],"gold_per_floor":[143,156,168,168,168,168,202,227,227,227,558,379,400,2,2,125,125,141,141,162,37,37,78,78,78,159,159,9,35,50,64,64,64],"floor_reached":33,"campfire_rested":4,"playtime":1351,"current_hp_per_floor":[71,77,80,85,79,79,57,56,56,79,56,56,62,62,62,17,79,77,77,52,52,52,14,14,37,37,60,60,60,42,44,67,0],"items_purged":["Strike_R","Defend_R","Strike_R","Writhe"],"gold":64,"score":273,"play_id":"19847954-7504-40d3-a893-1caaed0486e5","local_time":"20180512234248","is_prod":false,"is_daily":false,"chose_seed":false,"is_ascension_mode":false,"campfire_upgraded":2,"timestamp":1526161368,"path_taken":["M","M","M","?","?","R","E","?","T","R","E","?","?","$","R","BOSS","M","?","?","$","?","E","?","R","T","R","$","?","M","M","R","BOSS"],"build_version":"2018-05-12v2","seed_source_timestamp":21813890454969,"purchased_purges":4,"victory":false,"master_deck":["Strike_R","Strike_R+1","Strike_R+1","Defend_R","Defend_R","Defend_R","Bash","Pommel Strike+1","Inflame+1","Shrug It Off","Battle Trance","Seeing Red","Wild Strike","Flash of Steel","Offering","Decay","Flex","Perfected Strike","Flex"],"max_hp_per_floor":[80,80,80,85,79,79,79,79,79,79,79,79,79,79,79,79,79,79,79,79,79,79,79,79,79,79,79,79,79,79,79,79,79],"relics":["Burning Blood","Tiny Chest","Golden Idol","Matryoshka","Pen Nib","Shuriken","Old Coin","Unceasing Top","Runic Pyramid","Question Card","Frozen Egg 2","Bag of Preparation","Centennial Puzzle","Whetstone"],"card_choices":[{"not_picked":["Sword Boomerang","Wild Strike"],"picked":"Pommel Strike","floor":1},{"not_picked":["Clash","True Grit"],"picked":"Inflame","floor":2},{"not_picked":["Shockwave","Iron Wave"],"picked":"Shrug It Off","floor":3},{"not_picked":["Second Wind","Rupture"],"picked":"Battle Trance","floor":7},{"not_picked":["Iron Wave","True Grit"],"picked":"Seeing Red","floor":8},{"not_picked":["Body Slam","True Grit"],"picked":"Wild Strike","floor":11},{"not_picked":["Sever Soul","Headbutt","Shockwave"],"picked":"SKIP","floor":13},{"not_picked":["Berserk","Immolate"],"picked":"Offering","floor":16},{"not_picked":["Clothesline+1","Shockwave","Whirlwind"],"picked":"SKIP","floor":18},{"not_picked":["Anger","Spot Weakness","Second Wind"],"picked":"SKIP","floor":20},{"not_picked":["Warcry+1","Second Wind","Rampage+1"],"picked":"Flex","floor":23},{"not_picked":["Battle Trance","Pommel Strike","Sever Soul"],"picked":"Perfected Strike","floor":30},{"not_picked":["Metallicize+1","Anger","Blood for Blood"],"picked":"Flex","floor":31}],"player_experience":75504,"potions_floor_usage":[23,23,23],"damage_taken":[{"damage":15,"enemies":"Jaw Worm","floor":1,"turns":5},{"damage":0,"enemies":"Small Slimes","floor":2,"turns":3},{"damage":1,"enemies":"Cultist","floor":3,"turns":3},{"damage":28,"enemies":"Gremlin Nob","floor":7,"turns":4},{"damage":7,"enemies":"Large Slime","floor":8,"turns":10},{"damage":29,"enemies":"Lagavulin","floor":11,"turns":8},{"damage":0,"enemies":"Looter","floor":13,"turns":3},{"damage":51,"enemies":"The Guardian","floor":16,"turns":8},{"damage":8,"enemies":"Shell Parasite","floor":18,"turns":3},{"damage":31,"enemies":"2 Thieves","floor":20,"turns":3},{"damage":51,"enemies":"Slavers","floor":23,"turns":7},{"damage":24,"enemies":"Centurion and Healer","floor":30,"turns":4},{"damage":4,"enemies":"Snecko","floor":31,"turns":2},{"damage":95,"enemies":"Automaton","floor":33,"turns":6}],"event_choices":[{"event_name":"Big Fish","player_choice":"Donut","floor":4,"damage_taken":0},{"event_name":"Golden Idol","player_choice":"Lose Max HP","floor":5,"damage_taken":0},{"event_name":"Wheel of Change","player_choice":"Curse","floor":19,"damage_taken":0},{"event_name":"The Mausoleum","player_choice":"Yes","floor":22,"damage_taken":0}],"boss_relics":[{"not_picked":["Snecko Eye","Cursed Key"],"picked":"Runic Pyramid"}],"potions_floor_spawned":[8,13,20,30,31],"seed_played":"-8421896226791071427","killed_by":"Automaton","ascension_level":0,"is_trial":false}