{"path_per_floor":["M","?","$","?","?","E","R","E","T","R","$","M","E","?","R","B",null,"M","M","?","M","?"],"character_chosen":"IRONCLAD","items_purchased":[],"gold_per_floor":[110,185,110,110,60,95,95,123,123,123,23,40,71,71,71,168,168,178,191,191,202,117,117],"floor_reached":23,"campfire_rested":1,"playtime":981,"current_hp_per_floor":[74,63,63,68,68,46,46,24,38,68,68,78,74,67,67,43,111,94,92,67,54,54,0],"items_purged":["Strike_R","Strike_R"],"gold":117,"score":286,"play_id":"3737444f-6555-480a-8167-9391224d0586","local_time":"20180404222612","is_prod":false,"is_daily":false,"is_ascension_mode":true,"campfire_upgraded":2,"timestamp":1522898772,"path_taken":["M","?","$","?","?","E","R","E","T","R","$","M","E","?","R","BOSS","M","?","?","M","?","E"],"build_version":"2018-03-29v2","purchased_purges":2,"victory":false,"master_deck":["Strike_R","Strike_R","Strike_R","Defend_R","Defend_R","Bash+1","Shrug It Off","Feed+1","Spot Weakness","Flex+1","Limit Break","Seeing Red","Headbutt"],"max_hp_per_floor":[80,80,80,85,85,85,85,89,103,103,103,107,111,111,111,111,111,115,119,124,128,128,128],"relics":["Burning Blood","Kunai","Mercury Hourglass","Mango","Blue Candle","Cursed Key","Singing Bowl"],"card_choices":[{"not_picked":["Twin Strike","Rage"],"picked":"Shrug It Off","floor":1},{"not_picked":["Rupture","Sentinel"],"picked":"Feed","floor":6},{"not_picked":["Thunderclap","True Grit"],"picked":"Spot Weakness","floor":8},{"not_picked":["Wild Strike","Clothesline"],"picked":"Flex","floor":13},{"not_picked":["Barricade","Exhume"],"picked":"Limit Break","floor":16},{"not_picked":["Iron Wave","Thunderclap"],"picked":"Seeing Red","floor":18},{"not_picked":["Clash","Armaments"],"picked":"Headbutt","floor":19}],"player_experience":126738,"potions_floor_usage":[23],"damage_taken":[{"damage":12,"enemies":"Jaw Worm","floor":1,"turns":2},{"damage":28,"enemies":"3 Sentries","floor":6,"turns":13},{"damage":32,"enemies":"Lagavulin","floor":8,"turns":5},{"damage":0,"enemies":"Small Slimes","floor":12,"turns":2},{"damage":14,"enemies":"3 Sentries","floor":13,"turns":6},{"damage":30,"enemies":"The Guardian","floor":16,"turns":9},{"damage":27,"enemies":"Shell Parasite","floor":18,"turns":4},{"damage":12,"enemies":"3 Byrds","floor":19,"turns":4},{"damage":23,"enemies":"Centurion and Healer","floor":21,"turns":6},{"damage":60,"enemies":"Slavers","floor":23,"turns":3}],"event_choices":[{"event_name":"World of Goop","player_choice":"Gather Gold","floor":2,"damage_taken":0},{"event_name":"Big Fish","player_choice":"Donut","floor":4,"damage_taken":0},{"event_name":"The Cleric","player_choice":"Card Removal","floor":5,"damage_taken":0},{"event_name":"Golden Wing","player_choice":"Card Removal","floor":14,"damage_taken":0},{"event_name":"Forgotten Altar","player_choice":"Shed Blood","floor":20,"damage_taken":0},{"event_name":"Addict","player_choice":"Obtained Relic","floor":22,"damage_taken":0}],"boss_relics":[{"not_picked":["Orrery","Astrolabe"],"picked":"Cursed Key"}],"potions_floor_spawned":[13,19],"seed_played":"9121076688903886247","killed_by":"Slavers","ascension_level":3,"is_trial":false}