{"gold_per_floor":[109,119,130,147,159,159,190,190,271,271,196,196,121,142,142,237,237,253,277,277,277],"floor_reached":21,"playtime":1059,"items_purged":["Injury"],"score":353,"play_id":"f9781c93-1d46-4929-8541-3c655dc2604b","local_time":"20190126093708","is_ascension_mode":true,"campfire_choices":[{"data":"Footwork","floor":6.0,"key":"SMITH"},{"data":"Cloak And Dagger","floor":8.0,"key":"SMITH"},{"data":"Neutralize","floor":10.0,"key":"SMITH"},{"data":"Sucker Punch","floor":15.0,"key":"SMITH"}],"neow_cost":"NONE","seed_source_timestamp":0,"circlet_count":0,"master_deck":["AscendersBane","Defend_G","Defend_G","Defend_G","Defend_G","Defend_G","Strike_G","Strike_G","Survivor","Neutralize+1","Venomology","Dash","Footwork+1","Quick Slash","Dodge and Roll","Dagger Throw","Cloak And Dagger+1","Sucker Punch+1","Envenom","PiercingWail","Prepared"],"special_seed":0,"relics":["Ring of the Snake","Snake Skull","Bottled Flame","Golden Idol","WristBlade"],"potions_floor_usage":[21,21],"damage_taken":[{"damage":6.0,"enemies":"Jaw Worm","floor":1.0,"turns":7.0},{"damage":2.0,"enemies":"Small Slimes","floor":2.0,"turns":4.0},{"damage":5.0,"enemies":"Cultist","floor":3.0,"turns":5.0},{"damage":0.0,"enemies":"Exordium Wildlife","floor":4.0,"turns":2.0},{"damage":8.0,"enemies":"3 Louse","floor":5.0,"turns":6.0},{"damage":6.0,"enemies":"Lagavulin","floor":7.0,"turns":8.0},{"damage":0.0,"enemies":"Exordium Thugs","floor":14.0,"turns":6.0},{"damage":17.0,"enemies":"The Guardian","floor":16.0,"turns":21.0},{"damage":14.0,"enemies":"Shell Parasite","floor":18.0,"turns":10.0},{"damage":38.0,"enemies":"Spheric Guardian","floor":19.0,"turns":8.0},{"damage":44,"enemies":"Masked Bandits","floor":21,"turns":4}],"seed_played":"3641635644367989119","potions_obtained":[{"floor":1.0,"key":"Explosive Potion"},{"floor":14.0,"key":"Energy Potion"},{"floor":16.0,"key":"Regen Potion"}],"is_trial":false,"path_per_floor":["M","M","M","M","M","R","E","R","T","R","?","?","$","M","R","B",null,"M","M","?","?"],"character_chosen":"THE_SILENT","items_purchased":[],"campfire_rested":0,"item_purchase_floors":[],"current_hp_per_floor":[53,51,46,46,38,38,32,32,32,32,32,32,32,32,32,15,53,39,41,41,0],"gold":277,"neow_bonus":"ONE_RANDOM_RARE_CARD","is_prod":false,"is_daily":false,"chose_seed":false,"campfire_upgraded":4,"win_rate":0,"timestamp":1548524228,"path_taken":["M","M","M","M","M","R","E","R","T","R","?","?","?","M","R","BOSS","M","M","?","?"],"build_version":"2019-01-23","purchased_purges":1,"victory":false,"max_hp_per_floor":[66,66,66,66,66,66,66,66,66,66,66,66,66,66,66,66,66,66,66,66,66],"card_choices":[{"not_picked":["Blur","Heel Hook"],"picked":"Dash","floor":1.0},{"not_picked":["Finisher","PiercingWail"],"picked":"Footwork","floor":2.0},{"not_picked":["Reflex","Riddle With Holes"],"picked":"Quick Slash","floor":3.0},{"not_picked":["Skewer","PiercingWail"],"picked":"Dodge and Roll","floor":4.0},{"not_picked":["Flying Knee","Outmaneuver"],"picked":"Dagger Throw","floor":5.0},{"not_picked":["Flying Knee","Quick Slash"],"picked":"Cloak And Dagger","floor":7.0},{"not_picked":["Phantasmal Killer","Concentrate"],"picked":"Sucker Punch","floor":14.0},{"not_picked":["Bullet Time","Storm of Steel"],"picked":"Envenom","floor":16.0},{"not_picked":["Slice","Setup","Prepared"],"picked":"SKIP","floor":18.0},{"not_picked":["Underhanded Strike","Endless Agony","Riddle With Holes"],"picked":"SKIP","floor":19.0}],"player_experience":990154,"relics_obtained":[{"floor":7.0,"key":"Snake Skull"},{"floor":9.0,"key":"Bottled Flame"}],"event_choices":[{"cards_removed":["Strike_G"],"damage_healed":0.0,"max_hp_gain":0.0,"max_hp_loss":0.0,"gold_gain":0.0,"event_name":"The Cleric","player_choice":"Card Removal","floor":11.0,"gold_loss":75.0,"damage_taken":0.0},{"damage_healed":0.0,"max_hp_gain":0.0,"max_hp_loss":0.0,"gold_gain":0.0,"event_name":"Golden Idol","player_choice":"Take Wound","floor":12.0,"gold_loss":0.0,"damage_taken":0.0,"relics_obtained":["Golden Idol"],"cards_obtained":["Injury"]},{"damage_healed":0.0,"max_hp_gain":0.0,"max_hp_loss":0.0,"gold_gain":0.0,"cards_transformed":["Strike_G","Strike_G"],"event_name":"Drug Dealer","player_choice":"Became Test Subject","floor":20.0,"gold_loss":0.0,"damage_taken":0.0,"cards_obtained":["PiercingWail","Prepared"]},{"damage_healed":0,"gold_gain":0,"player_choice":"Fought Bandits","damage_taken":0,"max_hp_gain":0,"max_hp_loss":0,"event_name":"Masked Bandits","floor":21,"gold_loss":0}],"is_beta":true,"boss_relics":[{"not_picked":["Eternal Feather","Fusion Hammer"],"picked":"WristBlade"}],"items_purged_floors":[13],"is_endless":false,"potions_floor_spawned":[1,2,3,14,16],"killed_by":"Masked Bandits","ascension_level":19}