{"gold_per_floor":[116,134,151,165,165,165,165,184,233,246,246,275,295,22,22,96,96,108,122,122,122,46,46,78,78],"floor_reached":25,"playtime":1001,"items_purged":[],"score":435,"play_id":"34d6aa7a-ee56-4cef-bea5-8919fa45d0eb","local_time":"20190121105323","is_ascension_mode":true,"campfire_choices":[{"data":"Neutralize","floor":6,"key":"SMITH"},{"data":"Bouncing Flask","floor":11,"key":"SMITH"},{"data":"Bouncing Flask","floor":15,"key":"SMITH"},{"data":"Noxious Fumes","floor":23,"key":"SMITH"}],"neow_cost":"TEN_PERCENT_HP_LOSS","seed_source_timestamp":46924001737847,"circlet_count":0,"master_deck":["AscendersBane","Defend_G","Defend_G","Defend_G","Defend_G","Defend_G+1","Strike_G","Strike_G","Strike_G","Strike_G","Survivor+1","Neutralize+1","Dash","Quick Slash","Bouncing Flask+1","All Out Attack","Bouncing Flask+1","Well Laid Plans","Acrobatics","Burst","Backstab","Noxious Fumes+1"],"relics":["Ring of the Snake","Bird Faced Urn","Lantern","Gremlin Horn","Paper Crane","Eternal Feather","Incense Burner","War Paint"],"potions_floor_usage":[4,12,24,24],"damage_taken":[{"damage":2,"enemies":"2 Louse","floor":1,"turns":4},{"damage":0,"enemies":"Cultist","floor":2,"turns":4},{"damage":1,"enemies":"Jaw Worm","floor":3,"turns":3},{"damage":7,"enemies":"Gremlin Gang","floor":4,"turns":5},{"damage":0,"enemies":"Looter","floor":8,"turns":3},{"damage":14,"enemies":"Exordium Wildlife","floor":10,"turns":6},{"damage":12,"enemies":"Lagavulin","floor":12,"turns":5},{"damage":0,"enemies":"2 Fungi Beasts","floor":13,"turns":3},{"damage":17,"enemies":"Hexaghost","floor":16,"turns":8},{"damage":18,"enemies":"3 Byrds","floor":18,"turns":4},{"damage":5,"enemies":"Chosen","floor":19,"turns":4},{"damage":49,"enemies":"Gremlin Leader","floor":24,"turns":7},{"damage":10,"enemies":"Snake Plant","floor":25,"turns":4}],"seed_played":"-5245280662779216666","potions_obtained":[{"floor":2,"key":"PowerPotion"},{"floor":3,"key":"Poison Potion"},{"floor":13,"key":"SpeedPotion"},{"floor":16,"key":"Dexterity Potion"}],"is_trial":false,"path_per_floor":["?","?","M","?","T"],"character_chosen":"THE_SILENT","items_purchased":["Paper Crane","Noxious Fumes"],"campfire_rested":0,"item_purchase_floors":[14,22],"current_hp_per_floor":[57,57,56,49,49,49,49,49,49,35,35,25,27,27,27,12,48,32,27,39,39,39,51,6,0],"gold":78,"neow_bonus":"ONE_RARE_RELIC","is_prod":false,"is_daily":false,"chose_seed":false,"campfire_upgraded":4,"win_rate":0,"timestamp":1548096803,"path_taken":["M","M","M","M","?","R","?","?","T","M","R","E","M","$","R","BOSS","M","M","?","?","$","R","E","M"],"build_version":"2019-01-20","purchased_purges":0,"victory":false,"max_hp_per_floor":[60,60,60,60,60,60,60,60,60,60,60,60,60,60,60,60,60,60,60,60,60,60,60,60,60],"card_choices":[{"not_picked":["Prepared","Expertise"],"picked":"Dash","floor":1},{"not_picked":["Outmaneuver","Flechettes","Bane"],"picked":"SKIP","floor":2},{"not_picked":["Bane","Predator"],"picked":"Quick Slash","floor":3},{"not_picked":["Infinite Blades","Deadly Poison"],"picked":"Bouncing Flask","floor":4},{"not_picked":["Tactician","PiercingWail"],"picked":"All Out Attack","floor":8},{"not_picked":["Deadly Poison","Phantasmal Killer"],"picked":"Bouncing Flask","floor":10},{"not_picked":["Slice","Backflip"],"picked":"Well Laid Plans","floor":12},{"not_picked":["Slice","Flechettes"],"picked":"Acrobatics","floor":13},{"not_picked":["Wraith Form v2","Unload"],"picked":"Burst","floor":16},{"not_picked":["Backflip","Slice"],"picked":"Backstab","floor":18},{"not_picked":["PiercingWail","Acrobatics","Deflect"],"picked":"SKIP","floor":19},{"not_picked":["Bouncing Flask","Well Laid Plans+1","Riddle With Holes"],"picked":"SKIP","floor":24}],"player_experience":985130,"relics_obtained":[{"floor":9,"key":"Lantern"},{"floor":12,"key":"Gremlin Horn"},{"floor":21,"key":"Incense Burner"},{"floor":24,"key":"War Paint"}],"event_choices":[{"damage_healed":0,"gold_gain":0,"player_choice":"Ignored","damage_taken":0,"max_hp_gain":0,"max_hp_loss":0,"event_name":"Liars Game","floor":5,"gold_loss":0},{"cards_removed":["Strike_G"],"damage_healed":0,"gold_gain":0,"player_choice":"Offered Basic","damage_taken":0,"max_hp_gain":0,"max_hp_loss":0,"event_name":"Bonfire Elementals","floor":7,"gold_loss":0},{"damage_healed":12,"gold_gain":0,"player_choice":"Heal","damage_taken":0,"max_hp_gain":0,"max_hp_loss":0,"event_name":"The Library","floor":20,"gold_loss":0}],"is_beta":true,"boss_relics":[{"not_picked":["Runic Dome","WristBlade"],"picked":"Eternal Feather"}],"items_purged_floors":[],"is_endless":false,"potions_floor_spawned":[2,3,13,16],"killed_by":"Snake Plant","ascension_level":19}