{"gold_per_floor":[114,114,39,52,22,57,69,91,150,195,207,219],"floor_reached":12,"playtime":380,"items_purged":["Normality"],"score":176,"play_id":"4f23aca4-a0ba-47b0-b302-c2e7b3a50f03","local_time":"20181210111430","is_ascension_mode":true,"campfire_choices":[{"floor":7,"key":"REST"}],"neow_cost":"CURSE","seed_source_timestamp":251546298910294,"circlet_count":0,"master_deck":["AscendersBane","Strike_R","Strike_R","Strike_R","Strike_R","Strike_R","Defend_R","Defend_R","Defend_R","Defend_R","Bash","Headbutt","Body Slam","Sword Boomerang","Feel No Pain","Pummel","Armaments"],"relics":["Burning Blood","FossilizedHelix","MawBank","Smiling Mask","Shuriken"],"potions_floor_usage":[6,11,11],"damage_taken":[{"damage":12,"enemies":"Jaw Worm","floor":1,"turns":4},{"damage":0,"enemies":"Cultist","floor":4,"turns":3},{"damage":45,"enemies":"3 Sentries","floor":6,"turns":11},{"damage":0,"enemies":"Small Slimes","floor":8,"turns":4},{"damage":48,"enemies":"Gremlin Nob","floor":10,"turns":5},{"damage":0,"enemies":"Exordium Wildlife","floor":11,"turns":3},{"damage":25,"enemies":"Red Slaver","floor":12,"turns":4}],"seed_played":"7995573090421241166","potions_obtained":[{"floor":1,"key":"SmokeBomb"},{"floor":2,"key":"AttackPotion"},{"floor":10,"key":"SkillPotion"}],"is_trial":false,"path_per_floor":["M","?","$","M","$","E","R","M","T","E","M","M"],"character_chosen":"IRONCLAD","items_purchased":["Sword Boomerang"],"campfire_rested":1,"item_purchase_floors":[5],"current_hp_per_floor":[62,62,62,68,68,29,51,57,57,15,21,0],"gold":219,"neow_bonus":"ONE_RARE_RELIC","is_prod":false,"is_daily":false,"chose_seed":false,"campfire_upgraded":0,"win_rate":0,"timestamp":1544465670,"path_taken":["M","?","$","M","?","E","R","M","T","E","?","M"],"build_version":"2018-12-06","purchased_purges":1,"victory":false,"max_hp_per_floor":[75,75,75,75,75,75,75,75,75,75,75,75],"card_choices":[{"not_picked":["Perfected Strike","Disarm"],"picked":"Headbutt","floor":1},{"not_picked":["Bloodletting","Wild Strike"],"picked":"Body Slam","floor":4},{"not_picked":["Flex","Seeing Red"],"picked":"Feel No Pain","floor":6},{"not_picked":["Entrench","Power Through"],"picked":"Pummel","floor":8},{"not_picked":["Perfected Strike","Shrug It Off"],"picked":"Armaments","floor":10}],"player_experience":581456,"relics_obtained":[{"floor":6,"key":"MawBank"},{"floor":9,"key":"Smiling Mask"},{"floor":10,"key":"Shuriken"}],"event_choices":[{"damage_healed":0,"gold_gain":0,"player_choice":"Got Potions","damage_taken":0,"max_hp_gain":0,"max_hp_loss":0,"event_name":"Lab","floor":2,"gold_loss":0}],"is_beta":false,"boss_relics":[],"items_purged_floors":[3],"is_endless":false,"potions_floor_spawned":[1,10,11],"killed_by":"Red Slaver","ascension_level":20}