{"gold_per_floor":[11,11,29,29,49,49,80,80,80,96,96,171,171,181,181,279,279,289,301,316,328,142,142,173,173,173,190,190,105,5,18,18,118,118,129,129,129],"floor_reached":37,"playtime":2748,"items_purged":["Strike_B","Decay"],"score":497,"play_id":"bef977f5-200e-41b9-8d45-33bdd2e38a63","local_time":"20180829063642","is_ascension_mode":true,"campfire_choices":[{"data":"Zap","floor":6,"key":"SMITH"},{"data":"Dualcast","floor":8,"key":"SMITH"},{"data":"Ball Lightning","floor":13,"key":"SMITH"},{"data":"Chaos","floor":15,"key":"SMITH"},{"data":"Defragment","floor":23,"key":"SMITH"},{"floor":25,"key":"REST"},{"floor":28,"key":"REST"},{"data":"Skim","floor":32,"key":"SMITH"}],"neow_cost":"NO_GOLD","seed_source_timestamp":1167443762897262,"circlet_count":0,"master_deck":["Strike_B","Strike_B","Strike_B+1","Defend_B","Defend_B","Defend_B","Defend_B","Zap+1","Dualcast+1","Ball Lightning+1","FTL","Undo","BootSequence+1","Chaos+1","Echo Form","Conserve Battery","Cold Snap","Leap","Rebound+1","Defragment+1","Skim+1","Echo Form"],"relics":["Cracked Core","Turnip","Gambling Chip","Blood Vial","StoneCalendar","Cursed Key","Anchor","Singing Bowl","Matryoshka","Inserter"],"potions_floor_usage":[20,21,21],"damage_taken":[{"damage":0,"enemies":"Cultist","floor":1,"turns":3},{"damage":0,"enemies":"Small Slimes","floor":3,"turns":3},{"damage":0,"enemies":"2 Louse","floor":5,"turns":2},{"damage":0,"enemies":"Gremlin Nob","floor":7,"turns":3},{"damage":3,"enemies":"Blue Slaver","floor":10,"turns":3},{"damage":0,"enemies":"Gremlin Gang","floor":14,"turns":4},{"damage":9,"enemies":"The Guardian","floor":16,"turns":9},{"damage":0,"enemies":"Spheric Guardian","floor":18,"turns":4},{"damage":0,"enemies":"Shell Parasite","floor":19,"turns":7},{"damage":8,"enemies":"Snecko","floor":20,"turns":5},{"damage":3,"enemies":"Cultist and Chosen","floor":21,"turns":7},{"damage":44,"enemies":"Slavers","floor":24,"turns":7},{"damage":4,"enemies":"3 Cultists","floor":27,"turns":6},{"damage":0,"enemies":"Snake Plant","floor":31,"turns":4},{"damage":50,"enemies":"Champ","floor":33,"turns":12},{"damage":35,"enemies":"3 Darklings","floor":35,"turns":6},{"damage":52,"enemies":"Flame Bruiser 1 Orb","floor":37,"turns":4}],"seed_played":"-1625028349639856893","potions_obtained":[{"floor":1,"key":"Ancient Potion"},{"floor":7,"key":"Block Potion"},{"floor":10,"key":"Weak Potion"},{"floor":19,"key":"SpeedPotion"},{"floor":20,"key":"SteroidPotion"},{"floor":21,"key":"SpeedPotion"},{"floor":33,"key":"Regen Potion"}],"is_trial":false,"path_per_floor":["M","?","M","?","M","R","E","R","T","M","?","?","R","M","R","B",null,"M","M","M","M","$","R","E","R","T","M","R","?","$","M","R","B",null,"M","$"],"character_chosen":"DEFECT","items_purchased":["Defragment","Skim"],"campfire_rested":2,"item_purchase_floors":[22,22],"current_hp_per_floor":[75,75,75,75,75,75,75,75,75,72,57,46,46,48,48,41,75,75,75,67,66,66,66,24,46,46,46,69,69,69,73,73,25,79,46,46,0],"gold":129,"neow_bonus":"ONE_RARE_RELIC","is_prod":false,"is_daily":false,"chose_seed":false,"campfire_upgraded":6,"win_rate":0,"timestamp":1535549802,"path_taken":["M","?","M","?","M","R","E","R","T","M","?","?","R","M","R","BOSS","M","M","M","M","$","R","E","R","T","M","R","?","$","M","R","BOSS","M","$","M"],"build_version":"2018-08-23v2","purchased_purges":2,"victory":false,"max_hp_per_floor":[75,75,75,75,75,75,75,75,75,75,75,75,75,75,75,75,75,75,75,75,75,75,75,75,75,75,77,77,77,77,79,79,79,79,81,81,81],"card_choices":[{"not_picked":["Doom and Gloom","Steam"],"picked":"Ball Lightning","floor":1},{"not_picked":["Ball Lightning","Go for the Eyes"],"picked":"FTL","floor":3},{"not_picked":["Scrape","Gash"],"picked":"Undo","floor":5},{"not_picked":["Rebound","Steam"],"picked":"BootSequence","floor":7},{"not_picked":["Blizzard","Tempest","Force Field"],"picked":"SKIP","floor":10},{"not_picked":["Steam Power","BootSequence"],"picked":"Chaos","floor":14},{"not_picked":["Buffer","Fission"],"picked":"Echo Form","floor":16},{"not_picked":["Beam Cell","Turbo"],"picked":"Conserve Battery","floor":18},{"not_picked":["Sweeping Beam","Recycle"],"picked":"Cold Snap","floor":19},{"not_picked":["Barrage+1","Force Field+1"],"picked":"Leap","floor":20},{"not_picked":["Undo","Compile Driver"],"picked":"Rebound+1","floor":21},{"not_picked":["Machine Learning","Barrage+1","Recycle"],"picked":"SKIP","floor":24},{"not_picked":["Compile Driver","Consume","Rip and Tear"],"picked":"Singing Bowl","floor":27},{"not_picked":["Conserve Battery+1","Rip and Tear","Turbo"],"picked":"Singing Bowl","floor":31},{"not_picked":["Fission","Amplify"],"picked":"Echo Form","floor":33},{"not_picked":["Doom and Gloom+1","Cold Snap+1","Leap"],"picked":"Singing Bowl","floor":35}],"player_experience":984359,"relics_obtained":[{"floor":7,"key":"Blood Vial"},{"floor":9,"key":"StoneCalendar"},{"floor":24,"key":"Anchor"},{"floor":26,"key":"Singing Bowl"}],"event_choices":[{"event_name":"WeMeetAgain","player_choice":"Potion","floor":2,"damage_taken":0},{"event_name":"The Cleric","player_choice":"Leave","floor":4,"damage_taken":0},{"event_name":"Shining Light","player_choice":"Entered Light","floor":11,"damage_taken":0},{"event_name":"World of Goop","player_choice":"Gather Gold","floor":12,"damage_taken":0},{"event_name":"Addict","player_choice":"Obtained Relic","floor":29,"damage_taken":0}],"is_beta":false,"boss_relics":[{"not_picked":["Tiny House","Orrery"],"picked":"Cursed Key"},{"not_picked":["Black Star","Pandora\u0027s Box"],"picked":"Inserter"}],"items_purged_floors":[22,30],"is_endless":false,"potions_floor_spawned":[1,7,10,19,20,21,33,35],"killed_by":"Flame Bruiser 1 Orb","ascension_level":4}