{"gold_per_floor":[13,30,30,30,46,46,81,81,104,131,143,176,176,190,190,263,263,283,283,134,151,165,165,165],"floor_reached":24,"playtime":2033,"items_purged":["Strike_B"],"score":378,"play_id":"6df049c7-77bc-4d1b-8820-5188128cbd14","local_time":"20181119185414","is_ascension_mode":true,"campfire_choices":[{"data":"Zap","floor":6,"key":"SMITH"},{"data":"Dualcast","floor":8,"key":"SMITH"},{"floor":15,"key":"REST"},{"data":"Chill","floor":23,"key":"SMITH"}],"neow_cost":"NO_GOLD","seed_source_timestamp":81947847328451,"circlet_count":0,"master_deck":["AscendersBane","Strike_B","Strike_B","Strike_B","Defend_B","Defend_B","Defend_B","Defend_B","Zap+1","Dualcast+1","FTL","Conserve Battery","Doom and Gloom","Defragment","Biased Cognition","Doom and Gloom","Chill+1","Electrodynamics","Capacitor","RitualDagger","Loop","Defragment"],"relics":["Cracked Core","Mango","Happy Flower","Sundial","Anchor","Oddly Smooth Stone","Pen Nib","Velvet Choker"],"potions_floor_usage":[12,12,12,16,16,22,24],"damage_taken":[{"damage":1,"enemies":"Cultist","floor":1,"turns":3},{"damage":2,"enemies":"Jaw Worm","floor":2,"turns":3},{"damage":6,"enemies":"2 Louse","floor":5,"turns":3},{"damage":18,"enemies":"Lagavulin","floor":7,"turns":5},{"damage":11,"enemies":"3 Sentries","floor":10,"turns":5},{"damage":7,"enemies":"Exordium Thugs","floor":11,"turns":5},{"damage":22,"enemies":"Lagavulin","floor":12,"turns":5},{"damage":0,"enemies":"3 Louse","floor":14,"turns":2},{"damage":27,"enemies":"The Guardian","floor":16,"turns":8},{"damage":0,"enemies":"3 Byrds","floor":18,"turns":2},{"damage":0,"enemies":"Spheric Guardian","floor":21,"turns":3},{"damage":20,"enemies":"Snake Plant","floor":22,"turns":3},{"damage":41,"enemies":"Book of Stabbing","floor":24,"turns":4}],"seed_played":"-317793757937089439","potions_obtained":[{"floor":1,"key":"EntropicBrew"},{"floor":2,"key":"SteroidPotion"},{"floor":7,"key":"Energy Potion"},{"floor":14,"key":"Energy Potion"},{"floor":21,"key":"Block Potion"},{"floor":22,"key":"Swift Potion"}],"is_trial":false,"path_per_floor":["M","M","?","$","M","R","E","R","T","E","M","E","?","M","R","B",null,"M","?","$","M","M","R","E"],"character_chosen":"DEFECT","items_purchased":["Loop"],"campfire_rested":1,"item_purchase_floors":[20],"current_hp_per_floor":[77,75,64,64,58,58,40,40,40,29,22,14,14,14,39,12,67,67,61,61,61,41,41,0],"gold":165,"neow_bonus":"ONE_RARE_RELIC","is_prod":false,"is_daily":false,"chose_seed":false,"campfire_upgraded":3,"win_rate":0,"timestamp":1542614054,"path_taken":["M","?","?","$","M","R","E","R","T","E","M","E","?","?","R","BOSS","M","?","$","M","M","R","E"],"build_version":"2018-11-15","purchased_purges":1,"victory":false,"max_hp_per_floor":[85,85,85,85,85,85,85,85,85,85,85,85,85,85,85,85,85,85,85,85,85,85,85,85],"card_choices":[{"not_picked":["White Noise","Reinforced Body"],"picked":"FTL","floor":1},{"not_picked":["Consume","Chill"],"picked":"Conserve Battery","floor":2},{"not_picked":["Barrage","Lockon"],"picked":"Doom and Gloom","floor":5},{"not_picked":["Compile Driver","Stack","Leap"],"picked":"SKIP","floor":7},{"not_picked":["Cold Snap","Reprogram"],"picked":"Defragment","floor":10},{"not_picked":["Turbo","Rip and Tear"],"picked":"Biased Cognition","floor":11},{"not_picked":["Redo","Amplify"],"picked":"Doom and Gloom","floor":12},{"not_picked":["Gash","Compile Driver"],"picked":"Chill","floor":14},{"not_picked":["Buffer","Thunder Strike"],"picked":"Electrodynamics","floor":16},{"not_picked":["Hologram","Doom and Gloom+1"],"picked":"Capacitor","floor":18},{"not_picked":["Storm","Stack","Double Energy"],"picked":"SKIP","floor":21},{"not_picked":["Tempest","Chill"],"picked":"Defragment","floor":22}],"player_experience":868128,"relics_obtained":[{"floor":7,"key":"Sundial"},{"floor":9,"key":"Anchor"},{"floor":10,"key":"Oddly Smooth Stone"},{"floor":12,"key":"Pen Nib"}],"event_choices":[{"damage_healed":0,"gold_gain":0,"player_choice":"Success","damage_taken":11,"relics_obtained":["Happy Flower"],"max_hp_gain":0,"max_hp_loss":0,"event_name":"Scrap Ooze","floor":3,"gold_loss":0},{"damage_healed":0,"gold_gain":0,"player_choice":"Ignored","damage_taken":0,"max_hp_gain":0,"max_hp_loss":0,"event_name":"Golden Idol","floor":13,"gold_loss":0},{"damage_healed":0,"gold_gain":0,"player_choice":"Joined the Cult","damage_taken":6,"max_hp_gain":0,"max_hp_loss":0,"event_name":"Nest","floor":19,"gold_loss":0,"cards_obtained":["RitualDagger"]}],"is_beta":true,"boss_relics":[{"not_picked":["Calling Bell","Philosopher\u0027s Stone"],"picked":"Velvet Choker"}],"items_purged_floors":[20],"is_endless":false,"potions_floor_spawned":[1,2,7,14,21,22],"killed_by":"Book of Stabbing","ascension_level":15}