{"gold_per_floor":[116,86,106,106,181,181,214,214,214,249,260,271,271,291,291,366,366,382,402,413,363,363],"floor_reached":22,"playtime":659,"items_purged":["Strike_B"],"score":431,"play_id":"e3dddbed-74ac-4597-9ebb-b91a99c12633","local_time":"20190122095305","is_ascension_mode":true,"campfire_choices":[{"data":"Ball Lightning","floor":6,"key":"SMITH"},{"data":"Zap","floor":8,"key":"SMITH"},{"floor":15,"key":"REST"}],"neow_cost":"NONE","seed_source_timestamp":495425517672748,"circlet_count":0,"master_deck":["AscendersBane","Strike_B","Strike_B+1","Strike_B+1","Defend_B","Defend_B","Defend_B","Defend_B","Zap+1","Dualcast","Ball Lightning+1","Self Repair","Electrodynamics","Leap","Coolheaded","Ball Lightning","Conserve Battery","Core Surge","White Noise","Rebound+1","Hologram"],"relics":["Cracked Core","NeowsBlessing","Whetstone","Smiling Mask","Happy Flower","Sozu"],"potions_floor_usage":[10,10],"damage_taken":[{"damage":0,"enemies":"Jaw Worm","floor":1,"turns":1},{"damage":0,"enemies":"Cultist","floor":3,"turns":1},{"damage":0,"enemies":"3 Sentries","floor":7,"turns":1},{"damage":39,"enemies":"Lagavulin","floor":10,"turns":4},{"damage":2,"enemies":"2 Louse","floor":11,"turns":3},{"damage":0,"enemies":"2 Fungi Beasts","floor":12,"turns":2},{"damage":4,"enemies":"Looter","floor":14,"turns":2},{"damage":18,"enemies":"Slime Boss","floor":16,"turns":8},{"damage":11,"enemies":"Chosen","floor":18,"turns":4},{"damage":19,"enemies":"Spheric Guardian","floor":19,"turns":4},{"damage":41,"enemies":"Cultist and Chosen","floor":20,"turns":6},{"damage":6,"enemies":"Chosen and Byrds","floor":22,"turns":2}],"seed_played":"-4018605598554703765","potions_obtained":[{"floor":2,"key":"Poison Potion"},{"floor":2,"key":"SkillPotion"},{"floor":11,"key":"FocusPotion"},{"floor":14,"key":"SmokeBomb"}],"is_trial":false,"path_per_floor":["M","?","M","$","?","R","E","R","T","E","M","M","?","M","R","B",null,"M","M","M","$","M"],"character_chosen":"DEFECT","items_purchased":[],"campfire_rested":1,"item_purchase_floors":[],"current_hp_per_floor":[64,64,64,64,53,53,53,53,53,21,26,26,26,22,43,32,61,57,45,11,11,5],"gold":363,"neow_bonus":"THREE_ENEMY_KILL","is_prod":false,"is_daily":false,"chose_seed":false,"campfire_upgraded":2,"win_rate":0,"timestamp":1548179585,"path_taken":["M","?","M","?","?","R","E","R","T","E","M","M","?","M","R","BOSS","M","M","M","$","M"],"build_version":"2019-01-17v2","purchased_purges":1,"victory":false,"max_hp_per_floor":[71,71,71,71,71,71,71,71,71,71,71,71,71,71,71,71,71,71,71,71,71,71],"card_choices":[{"not_picked":["Stack","Sunder","Ball Lightning"],"picked":"SKIP","floor":1},{"not_picked":["Stack","Sunder"],"picked":"Ball Lightning","floor":1},{"not_picked":["Rebound","Hello World"],"picked":"Self Repair","floor":3},{"not_picked":["Recycle","Core Surge"],"picked":"Electrodynamics","floor":7},{"not_picked":["Fusion","Beam Cell"],"picked":"Leap","floor":10},{"not_picked":["Barrage","BootSequence"],"picked":"Coolheaded","floor":11},{"not_picked":["Rebound","Hologram"],"picked":"Ball Lightning","floor":12},{"not_picked":["Rebound","Redo"],"picked":"Conserve Battery","floor":14},{"not_picked":["Fission","Thunder Strike"],"picked":"Core Surge","floor":16},{"not_picked":["Reprogram","Go for the Eyes"],"picked":"White Noise","floor":18},{"not_picked":["Go for the Eyes","Double Energy"],"picked":"Rebound+1","floor":19},{"not_picked":["Beam Cell","Rebound"],"picked":"Hologram","floor":20}],"player_experience":1711866,"relics_obtained":[{"floor":7,"key":"Whetstone"},{"floor":9,"key":"Smiling Mask"},{"floor":10,"key":"Happy Flower"}],"event_choices":[{"damage_healed":0,"gold_gain":0,"player_choice":"Bought 2 Potions","damage_taken":0,"max_hp_gain":0,"max_hp_loss":0,"event_name":"The Woman in Blue","floor":2,"gold_loss":0},{"damage_healed":0,"gold_gain":75,"player_choice":"Gather Gold","damage_taken":11,"max_hp_gain":0,"max_hp_loss":0,"event_name":"World of Goop","floor":5,"gold_loss":0},{"damage_healed":0,"gold_gain":0,"player_choice":"Ignored","damage_taken":0,"max_hp_gain":0,"max_hp_loss":0,"event_name":"Liars Game","floor":13,"gold_loss":0}],"is_beta":false,"boss_relics":[{"not_picked":["Black Star","Calling Bell"],"picked":"Sozu"}],"items_purged_floors":[21],"is_endless":false,"potions_floor_spawned":[3,11,14,16,19],"killed_by":"Chosen and Byrds","ascension_level":19}