{"gold_per_floor":[115,40,40,60,77,109,284,284,311,327,346,363,22,48,48,147,177,192,212,53,53],"floor_reached":21,"playtime":967,"items_purged":["Defend_G","Doubt"],"score":229,"play_id":"0842e4b0-500c-4304-a936-c98e1d94bd37","local_time":"20180703221937","is_ascension_mode":true,"campfire_choices":[{"floor":8,"key":"REST"},{"floor":15,"key":"REST"}],"neow_cost":"","seed_source_timestamp":5913461389753,"circlet_count":0,"master_deck":["Defend_G","Defend_G+1","Defend_G","Defend_G","Strike_G","Strike_G","Strike_G","Strike_G","Strike_G","Survivor","Neutralize","Deadly Poison","Prepared","Noxious Fumes","Well Laid Plans","Escape Plan","Noxious Fumes","Backflip","Distraction","Mind Blast","Calculated Gamble"],"relics":["Ring of the Snake","Bronze Scales","Prayer Wheel","Anchor","Bag of Preparation","Bag of Marbles","Tiny House"],"potions_floor_usage":[11,14,14,16,18],"damage_taken":[{"damage":1,"enemies":"2 Louse","floor":1,"turns":4},{"damage":1,"enemies":"Jaw Worm","floor":4,"turns":3},{"damage":0,"enemies":"Small Slimes","floor":5,"turns":3},{"damage":29,"enemies":"Lagavulin","floor":6,"turns":7},{"damage":12,"enemies":"Exordium Thugs","floor":10,"turns":5},{"damage":5,"enemies":"Gremlin Gang","floor":11,"turns":3},{"damage":12,"enemies":"Looter","floor":12,"turns":4},{"damage":4,"enemies":"3 Sentries","floor":14,"turns":5},{"damage":29,"enemies":"The Guardian","floor":16,"turns":9},{"damage":0,"enemies":"3 Byrds","floor":18,"turns":3},{"damage":14,"enemies":"Chosen","floor":19,"turns":6},{"damage":0,"enemies":"Centurion and Healer","floor":21,"turns":1}],"seed_played":"-4108892137755126043","potions_obtained":[{"floor":5,"key":"Energy Potion"},{"floor":10,"key":"Explosive Potion"},{"floor":11,"key":"Swift Potion"},{"floor":14,"key":"Ancient Potion"},{"floor":16,"key":"LiquidBronze"},{"floor":17,"key":"Swift Potion"},{"floor":18,"key":"GhostInAJar"}],"is_trial":false,"path_per_floor":["M","$","?","M","M","E","?","R","T","M","M","M","$","E","R","B",null,"M","M","$"],"character_chosen":"THE_SILENT","items_purchased":["Noxious Fumes","Bag of Preparation","Backflip","Mind Blast","Calculated Gamble"],"campfire_rested":2,"item_purchase_floors":[13,13,13,20,20],"current_hp_per_floor":[69,69,62,61,61,32,32,53,53,41,36,24,24,20,41,12,75,75,61,61,61],"gold":53,"neow_bonus":"","is_prod":false,"is_daily":false,"chose_seed":false,"campfire_upgraded":0,"win_rate":0,"timestamp":1530649177,"path_taken":["M","$","?","M","M","E","?","R","T","M","M","M","$","E","R","BOSS","M","M","$","M"],"build_version":"2018-07-02","purchased_purges":2,"victory":false,"max_hp_per_floor":[70,70,70,70,70,70,70,70,70,70,70,70,70,70,70,70,75,75,75,75,75],"card_choices":[{"not_picked":["Quick Slash","Backstab"],"picked":"Deadly Poison","floor":1},{"not_picked":["Flying Knee","Poisoned Stab"],"picked":"Prepared","floor":4},{"not_picked":["Dagger Throw","Acrobatics"],"picked":"Noxious Fumes","floor":5},{"not_picked":["Night Terror","Flying Knee","Quick Slash"],"picked":"SKIP","floor":6},{"not_picked":["Underhanded Strike","Deflect","Poisoned Stab"],"picked":"SKIP","floor":10},{"not_picked":["PiercingWail","Skewer","Tactician"],"picked":"SKIP","floor":10},{"not_picked":["Flying Knee","All Out Attack"],"picked":"Well Laid Plans","floor":11},{"not_picked":["Dagger Throw","Bane","Malaise"],"picked":"SKIP","floor":11},{"not_picked":["Slice","Dagger Throw"],"picked":"Escape Plan","floor":12},{"not_picked":["Blade Dance","Predator","Bane"],"picked":"SKIP","floor":12},{"not_picked":["Malaise","Acrobatics","Dagger Spray"],"picked":"SKIP","floor":14},{"not_picked":["Cloak And Dagger","Setup"],"picked":"Distraction","floor":17},{"not_picked":["Underhanded Strike+1","Malaise","Dash"],"picked":"SKIP","floor":18},{"not_picked":["Bane","Cloak And Dagger","Concentrate"],"picked":"SKIP","floor":18},{"not_picked":["Outmaneuver","Quick Slash","Accuracy"],"picked":"SKIP","floor":19},{"not_picked":["Sucker Punch","Leg Sweep+1","Caltrops+1"],"picked":"SKIP","floor":19}],"player_experience":287886,"relics_obtained":[{"floor":6,"key":"Prayer Wheel"},{"floor":9,"key":"Anchor"},{"floor":14,"key":"Bag of Marbles"}],"event_choices":[{"event_name":"Scrap Ooze","player_choice":"success","floor":3,"damage_taken":7},{"event_name":"Liars Game","player_choice":"agreed","floor":7,"damage_taken":0}],"boss_relics":[{"not_picked":["Calling Bell","Lizard Tail"],"picked":"Tiny House"}],"items_purged_floors":[2,13],"is_endless":false,"potions_floor_spawned":[5,10,11,14,16,18],"killed_by":"Centurion and Healer","ascension_level":4}