{"gold_per_floor":[111,121,140,155,155,155,167,167,167,14,45,45,61,81,81,81],"floor_reached":16,"playtime":653,"items_purged":[],"score":156,"play_id":"affd1f69-bac2-4500-995b-7f9b7fd51621","local_time":"20190116010409","is_ascension_mode":true,"campfire_choices":[{"floor":6,"key":"REST"},{"floor":8,"key":"REST"},{"data":"Hyperbeam","floor":12,"key":"SMITH"},{"floor":15,"key":"REST"}],"neow_cost":"PERCENT_DAMAGE","seed_source_timestamp":95653861088813,"circlet_count":0,"master_deck":["AscendersBane","Strike_B","Strike_B","Strike_B","Strike_B","Defend_B","Defend_B","Defend_B","Defend_B","Zap","Dualcast","Sweeping Beam","Cold Snap","Sweeping Beam","Glacier+1","Hyperbeam+1","Gash","Steam+1","White Noise+1"],"relics":["Cracked Core","Emotion Chip","Toxic Egg 2","PreservedInsect","Smiling Mask"],"potions_floor_usage":[11,16],"damage_taken":[{"damage":1,"enemies":"Cultist","floor":1,"turns":3},{"damage":6,"enemies":"2 Louse","floor":2,"turns":2},{"damage":0,"enemies":"Small Slimes","floor":3,"turns":2},{"damage":7,"enemies":"2 Fungi Beasts","floor":4,"turns":4},{"damage":0,"enemies":"Exordium Wildlife","floor":7,"turns":3},{"damage":20,"enemies":"3 Sentries","floor":11,"turns":3},{"damage":0,"enemies":"Exordium Thugs","floor":13,"turns":2},{"damage":5,"enemies":"Blue Slaver","floor":14,"turns":2},{"damage":74,"enemies":"Hexaghost","floor":16,"turns":11}],"seed_played":"-6381567096340877312","potions_obtained":[{"floor":3,"key":"PowerPotion"},{"floor":4,"key":"Energy Potion"},{"floor":7,"key":"SpeedPotion"},{"floor":14,"key":"SpeedPotion"}],"is_trial":false,"path_per_floor":["M","M","M","M","?","R","M","R","T","$","E","R","M","M","R","B"],"character_chosen":"DEFECT","items_purchased":["PreservedInsect"],"campfire_rested":3,"item_purchase_floors":[10],"current_hp_per_floor":[49,43,43,36,36,58,58,75,75,75,55,55,55,50,72,0],"gold":81,"neow_bonus":"ONE_RARE_RELIC","is_prod":false,"is_daily":false,"chose_seed":false,"campfire_upgraded":1,"win_rate":0,"timestamp":1547618649,"path_taken":["M","M","M","?","?","R","M","R","T","$","E","R","M","M","R","BOSS"],"build_version":"2019-01-10","purchased_purges":0,"victory":false,"max_hp_per_floor":[75,75,75,75,75,75,75,75,75,75,75,75,75,75,75,75],"card_choices":[{"not_picked":["Leap","BootSequence"],"picked":"Sweeping Beam","floor":1},{"not_picked":["Undo","Barrage"],"picked":"Cold Snap","floor":2},{"not_picked":["Steam Power","Heatsinks"],"picked":"Sweeping Beam","floor":3},{"not_picked":["Redo","Go for the Eyes"],"picked":"Glacier","floor":4},{"not_picked":["Turbo","Go for the Eyes"],"picked":"Hyperbeam","floor":7},{"not_picked":["Compile Driver","Ball Lightning"],"picked":"Gash","floor":11},{"not_picked":["Turbo+1","Skim+1"],"picked":"Steam+1","floor":13},{"not_picked":["Turbo+1","Sunder"],"picked":"White Noise+1","floor":14}],"player_experience":497117,"relics_obtained":[{"floor":9,"key":"Toxic Egg 2"},{"floor":11,"key":"Smiling Mask"}],"event_choices":[{"damage_healed":0,"gold_gain":0,"player_choice":"Grow","damage_taken":0,"max_hp_gain":0,"max_hp_loss":0,"event_name":"Living Wall","floor":5,"gold_loss":0,"cards_upgraded":["Glacier"]}],"is_beta":false,"boss_relics":[],"items_purged_floors":[],"is_endless":false,"potions_floor_spawned":[3,4,7,14],"killed_by":"Hexaghost","ascension_level":10}