{"gold_per_floor":[119,119,119,135,145,145,155,170,170,182,182,200,200,219,219,349,349,370,388,131,131],"floor_reached":21,"playtime":2111,"items_purged":[],"score":280,"play_id":"a71fd33b-0504-4091-a87e-4a77b1b9074e","local_time":"20180716082842","is_ascension_mode":true,"campfire_choices":[{"data":"Bash","floor":6.0,"key":"SMITH"},{"data":"Armaments","floor":11.0,"key":"SMITH"},{"floor":15.0,"key":"REST"}],"neow_cost":"","seed_source_timestamp":0,"circlet_count":0,"master_deck":["Strike_R","Strike_R","Defend_R","Defend_R","Defend_R","Defend_R","Bash+1","AscendersBane","Carnage","Good Instincts","Hemokinesis","Dropkick","Headbutt","Clothesline","Armaments+1","Rampage","Inflame","Barricade","Intimidate+1","Disarm+1","Spot Weakness+1","True Grit","Feel No Pain","Disarm"],"special_seed":0,"relics":["Burning Blood","Darkstone Periapt","Calipers","Golden Idol","Astrolabe"],"potions_floor_usage":[16,16,18,21,21],"damage_taken":[{"damage":7.0,"enemies":"Jaw Worm","floor":1.0,"turns":3.0},{"damage":4.0,"enemies":"Cultist","floor":4.0,"turns":3.0},{"damage":9.0,"enemies":"Small Slimes","floor":5.0,"turns":3.0},{"damage":7.0,"enemies":"2 Fungi Beasts","floor":7.0,"turns":3.0},{"damage":10.0,"enemies":"Looter","floor":8.0,"turns":2.0},{"damage":25.0,"enemies":"Exordium Wildlife","floor":10.0,"turns":4.0},{"damage":14.0,"enemies":"Gremlin Gang","floor":12.0,"turns":4.0},{"damage":17.0,"enemies":"2 Fungi Beasts","floor":14.0,"turns":4.0},{"damage":30,"enemies":"Slime Boss","floor":16,"turns":7},{"damage":20,"enemies":"Shell Parasite","floor":18,"turns":6},{"damage":25,"enemies":"Chosen","floor":19,"turns":5},{"damage":50,"enemies":"3 Cultists","floor":21,"turns":4}],"seed_played":"-5688260226416479851","potions_obtained":[{"floor":1.0,"key":"Strength Potion"},{"floor":8.0,"key":"Dexterity Potion"},{"floor":10.0,"key":"Fire Potion"},{"floor":16,"key":"SkillPotion"}],"is_trial":false,"path_per_floor":["M","?","?","M","M","R","M","M","T","M","R","M","?","M","R","B",null,"M","M","$"],"character_chosen":"IRONCLAD","items_purchased":["Disarm","Fruit Juice","Regen Potion"],"campfire_rested":1,"item_purchase_floors":[20,20,20],"current_hp_per_floor":[71,71,68,70,67,67,66,62,62,43,43,35,35,24,46,22,61,47,28,28,0],"gold":131,"neow_bonus":"","is_prod":false,"is_daily":false,"chose_seed":false,"campfire_upgraded":2,"win_rate":0,"timestamp":1531754922,"path_taken":["M","?","?","?","M","R","M","M","T","M","R","M","?","?","R","BOSS","M","M","$","M"],"build_version":"2018-07-12","purchased_purges":0,"victory":false,"max_hp_per_floor":[80,80,80,80,80,80,80,80,80,80,80,80,74,74,74,74,74,74,74,74,79],"card_choices":[{"not_picked":["Dropkick","Warcry"],"picked":"Carnage","floor":1.0},{"not_picked":["Clash","Warcry"],"picked":"Dropkick","floor":4.0},{"not_picked":["Carnage","Entrench"],"picked":"Headbutt","floor":5.0},{"not_picked":["Havoc","Wild Strike","Anger"],"picked":"SKIP","floor":7.0},{"not_picked":["Dual Wield","Carnage"],"picked":"Clothesline","floor":8.0},{"not_picked":["Reckless Charge","Sword Boomerang"],"picked":"Armaments","floor":10.0},{"not_picked":["Sword Boomerang","Heavy Blade"],"picked":"Rampage","floor":12.0},{"not_picked":["Wild Strike","Shrug It Off"],"picked":"Inflame","floor":14.0},{"not_picked":["Juggernaut","Impervious"],"picked":"Barricade","floor":16},{"not_picked":["Iron Wave","Anger"],"picked":"True Grit","floor":18},{"not_picked":["Twin Strike","Warcry+1"],"picked":"Feel No Pain","floor":19}],"player_experience":961997,"relics_obtained":[{"floor":9.0,"key":"Calipers"}],"event_choices":[{"event_name":"Match and Keep!","player_choice":"2 cards matched","floor":2.0,"damage_taken":0.0},{"event_name":"Scrap Ooze","player_choice":"success","floor":3.0,"damage_taken":3.0},{"event_name":"Golden Idol","player_choice":"Lose Max HP","floor":13.0,"damage_taken":0.0}],"boss_relics":[{"not_picked":["Eternal Feather","Black Blood"],"picked":"Astrolabe"}],"items_purged_floors":[],"is_endless":false,"potions_floor_spawned":[1,8,10,12,16],"killed_by":"3 Cultists","ascension_level":12}