{"gold_per_floor":[214,214,229,244,319,319,339,364,439,439,79,99,115,128,128,233,233,253,253,162,172,172,204,204,216,239,273,273,306,306,19,19,123,123,135,150,372,121,134,161,161,194,233,590,602,641,83,83,83,83],"floor_reached":51,"playtime":2059,"items_purged":[],"score":1033,"play_id":"4f34b3b2-5b5a-4f87-a95a-cd787c88556b","local_time":"20190204180104","is_ascension_mode":true,"campfire_choices":[{"data":"Seeing Red","floor":6.0,"key":"SMITH"},{"floor":15.0,"key":"REST"},{"floor":24.0,"key":"REST"},{"data":"Immolate","floor":28.0,"key":"SMITH"},{"data":"Uppercut","floor":30.0,"key":"SMITH"},{"data":"Bash","floor":32.0,"key":"SMITH"},{"data":"Heavy Blade","floor":49,"key":"SMITH"}],"neow_cost":"NONE","seed_source_timestamp":0,"circlet_count":0,"master_deck":["Strike_R+1","Strike_R+1","Strike_R+1","Strike_R+1","Strike_R+1","Defend_R+1","Defend_R+1","Defend_R+1","Defend_R+1","Bash+1","Pommel Strike","Clash","Feed","Inflame","Seeing Red+1","Cleave","Dropkick","Immolate+1","Uppercut+1","Armaments+1","Feed","Flex+1","Blind","Spot Weakness+1","Necronomicurse","Warcry+1","Heavy Blade+1","Berserk","Flex","Double Tap","Heavy Blade+1","Anger","Anger+1","Bloodletting","Fiend Fire","Perfected Strike","Rage","Rage+1","Heavy Blade+1","Blind","Thinking Ahead"],"special_seed":0,"relics":["Burning Blood","Turnip","Bottled Flame","Juzu Bracelet","Toolbox","Philosopher\u0027s Stone","Necronomicon","Bronze Scales","Pen Nib","Red Mask","War Paint","Gambling Chip","Gremlin Horn","Darkstone Periapt","MawBank","Strawberry","Old Coin","Meat on the Bone","Bag of Preparation","Lee\u0027s Waffle","FossilizedHelix"],"potions_floor_usage":[36,40,50,50,50],"damage_taken":[{"damage":3.0,"enemies":"2 Louse","floor":1.0,"turns":3.0},{"damage":0.0,"enemies":"Cultist","floor":3.0,"turns":2.0},{"damage":12.0,"enemies":"Small Slimes","floor":4.0,"turns":2.0},{"damage":15.0,"enemies":"Gremlin Gang","floor":7.0,"turns":4.0},{"damage":16.0,"enemies":"Gremlin Nob","floor":8.0,"turns":3.0},{"damage":21.0,"enemies":"Exordium Wildlife","floor":12.0,"turns":4.0},{"damage":6.0,"enemies":"Looter","floor":13.0,"turns":3.0},{"damage":12.0,"enemies":"Blue Slaver","floor":14.0,"turns":3.0},{"damage":58.0,"enemies":"The Guardian","floor":16.0,"turns":8.0},{"damage":0.0,"enemies":"Spheric Guardian","floor":18.0,"turns":2.0},{"damage":17.0,"enemies":"3 Byrds","floor":21.0,"turns":4.0},{"damage":16.0,"enemies":"Book of Stabbing","floor":23.0,"turns":2.0},{"damage":19.0,"enemies":"Centurion and Healer","floor":25.0,"turns":3.0},{"damage":0.0,"enemies":"Masked Bandits","floor":27.0,"turns":1.0},{"damage":9.0,"enemies":"Gremlin Leader","floor":29.0,"turns":4.0},{"damage":6,"enemies":"Collector","floor":33,"turns":4},{"damage":0,"enemies":"Orb Walker","floor":35,"turns":1},{"damage":17,"enemies":"3 Darklings","floor":36,"turns":4},{"damage":12,"enemies":"Jaw Worm Horde","floor":39,"turns":4},{"damage":13,"enemies":"Reptomancer","floor":40,"turns":4},{"damage":17,"enemies":"Giant Head","floor":42,"turns":5},{"damage":0,"enemies":"2 Orb Walkers","floor":44,"turns":2},{"damage":40,"enemies":"Nemesis","floor":46,"turns":5},{"damage":29,"enemies":"Awakened One","floor":50,"turns":4}],"seed_played":"3305846424062679357","potions_obtained":[{"floor":1.0,"key":"Explosive Potion"},{"floor":8.0,"key":"Weak Potion"},{"floor":14.0,"key":"Fire Potion"},{"floor":21.0,"key":"SpeedPotion"},{"floor":23.0,"key":"GamblersBrew"},{"floor":27.0,"key":"Swift Potion"},{"floor":33,"key":"Poison Potion"},{"floor":35,"key":"Ancient Potion"},{"floor":44,"key":"Explosive Potion"},{"floor":46,"key":"Strength Potion"}],"is_trial":false,"path_per_floor":["M","?","M","M","?","R","M","E","T","$","$","M","M","M","R","B",null,"M","?","$","M","?","E","R","M","T","?","R","E","R","$","R","B",null,"M","M","?","$","M","E","?","E","T","?","T","E","$","?","R","B",null],"character_chosen":"IRONCLAD","items_purchased":["Juzu Bracelet","Toolbox","Blind","Gambling Chip","Gremlin Horn","Lee\u0027s Waffle","FossilizedHelix","Blind"],"campfire_rested":2,"item_purchase_floors":[11,11,20,31,38,47,47,47],"current_hp_per_floor":[80,80,83,80,72,72,66,56,56,56,56,41,41,35,61,9,89,92,92,92,84,68,58,86,76,76,82,82,79,79,79,79,79,98,98,87,87,87,84,77,77,66,73,79,79,57,115,115,115,92],"gold":83,"neow_bonus":"HUNDRED_GOLD","is_prod":false,"is_daily":false,"chose_seed":false,"campfire_upgraded":5,"win_rate":0,"timestamp":1549274464,"path_taken":["M","?","M","?","?","R","?","E","T","?","$","M","M","M","R","BOSS","M","?","$","M","?","E","R","M","T","?","R","E","R","?","R","BOSS","M","M","?","$","M","E","?","E","T","?","?","E","?","?","R","BOSS"],"build_version":"2019-01-23","purchased_purges":0,"victory":true,"max_hp_per_floor":[80,80,83,86,86,86,89,89,89,89,89,89,89,89,89,89,89,92,92,92,95,95,95,95,98,98,98,98,98,98,98,98,98,98,98,98,98,98,101,101,101,101,108,108,108,108,115,115,115,115],"card_choices":[{"not_picked":["Disarm","Searing Blow"],"picked":"Pommel Strike","floor":1.0},{"not_picked":["Searing Blow","Power Through"],"picked":"Inflame","floor":3.0},{"not_picked":["Clash","Intimidate"],"picked":"Seeing Red","floor":4.0},{"not_picked":["Shockwave","Sword Boomerang"],"picked":"Cleave","floor":7.0},{"not_picked":["Body Slam","Pommel Strike"],"picked":"Dropkick","floor":8.0},{"not_picked":["Sever Soul","Heavy Blade"],"picked":"Immolate","floor":12.0},{"not_picked":["Wild Strike","Whirlwind"],"picked":"Uppercut","floor":13.0},{"not_picked":["Clothesline","Battle Trance"],"picked":"Armaments","floor":14.0},{"not_picked":["Berserk","Limit Break"],"picked":"Feed","floor":16.0},{"not_picked":["Headbutt","Clash"],"picked":"Flex+1","floor":18.0},{"not_picked":["Uppercut","Cleave+1"],"picked":"Spot Weakness+1","floor":21.0},{"not_picked":["Fire Breathing","Evolve"],"picked":"Warcry","floor":23.0},{"not_picked":["Fire Breathing","Sword Boomerang"],"picked":"Heavy Blade+1","floor":25.0},{"not_picked":["Twin Strike","Cleave"],"picked":"Berserk","floor":27.0},{"not_picked":["Twin Strike+1","Thunderclap"],"picked":"Flex","floor":29.0},{"not_picked":["Demon Form","Dark Embrace"],"picked":"Double Tap","floor":33},{"not_picked":["Burning Pact","Iron Wave"],"picked":"Heavy Blade","floor":35},{"not_picked":["Rupture","Battle Trance"],"picked":"Anger","floor":36},{"not_picked":["Battle Trance+1","Headbutt"],"picked":"Anger+1","floor":39},{"not_picked":["Combust+1","Cleave"],"picked":"Bloodletting","floor":40},{"not_picked":["Wild Strike","Pommel Strike"],"picked":"Rage","floor":42},{"not_picked":["Headbutt+1","Iron Wave+1"],"picked":"Rage+1","floor":44},{"not_picked":["Sword Boomerang","Fire Breathing+1"],"picked":"Heavy Blade+1","floor":46},{"not_picked":["Chrysalis","HandOfGreed"],"picked":"Thinking Ahead","floor":48}],"player_experience":60451,"relics_obtained":[{"floor":8.0,"key":"Turnip"},{"floor":9.0,"key":"Bottled Flame"},{"floor":22.0,"key":"Necronomicon"},{"floor":23.0,"key":"Bronze Scales"},{"floor":26.0,"key":"Pen Nib"},{"floor":27.0,"key":"Red Mask"},{"floor":29.0,"key":"War Paint"},{"floor":40,"key":"Darkstone Periapt"},{"floor":42,"key":"MawBank"},{"floor":43,"key":"Strawberry"},{"floor":44,"key":"Old Coin"},{"floor":45,"key":"Meat on the Bone"},{"floor":46,"key":"Bag of Preparation"}],"event_choices":[{"damage_healed":0.0,"max_hp_gain":0.0,"max_hp_loss":0.0,"gold_gain":0.0,"event_name":"Match and Keep!","player_choice":"2 cards matched","floor":2.0,"gold_loss":0.0,"damage_taken":0.0,"cards_obtained":["Clash","Feed"]},{"damage_healed":0.0,"max_hp_gain":0.0,"max_hp_loss":0.0,"gold_gain":75.0,"event_name":"FaceTrader","player_choice":"Touch","floor":5.0,"gold_loss":0.0,"damage_taken":8.0},{"damage_healed":0.0,"max_hp_gain":0.0,"max_hp_loss":0.0,"gold_gain":0.0,"event_name":"Back to Basics","player_choice":"Simplicity","floor":19.0,"gold_loss":0.0,"damage_taken":0.0,"cards_upgraded":["Strike_R","Strike_R","Strike_R","Strike_R","Strike_R","Defend_R","Defend_R","Defend_R","Defend_R"]},{"damage_healed":0.0,"max_hp_gain":0.0,"max_hp_loss":0.0,"gold_gain":0.0,"event_name":"Cursed Tome","player_choice":"Obtained Book","floor":22.0,"gold_loss":0.0,"damage_taken":16.0},{"damage_healed":0.0,"max_hp_gain":0.0,"max_hp_loss":0.0,"gold_gain":0.0,"event_name":"Masked Bandits","player_choice":"Fought Bandits","floor":27.0,"gold_loss":0.0,"damage_taken":0.0},{"damage_healed":0,"gold_gain":222,"player_choice":"Wore Mask","damage_taken":0,"max_hp_gain":0,"max_hp_loss":0,"event_name":"Tomb of Lord Red Mask","floor":37,"gold_loss":0},{"damage_healed":0,"gold_gain":0,"player_choice":"2 cards matched","damage_taken":0,"max_hp_gain":0,"max_hp_loss":0,"event_name":"Match and Keep!","floor":41,"gold_loss":0,"cards_obtained":["Fiend Fire","Perfected Strike"]},{"damage_healed":0,"gold_gain":0,"player_choice":"Fight","damage_taken":0,"max_hp_gain":0,"max_hp_loss":0,"event_name":"Mysterious Sphere","floor":44,"gold_loss":0},{"damage_healed":0,"gold_gain":0,"player_choice":"Memory 1","damage_taken":0,"max_hp_gain":0,"max_hp_loss":0,"event_name":"SensoryStone","floor":48,"gold_loss":0}],"is_beta":false,"boss_relics":[{"not_picked":["Mark of Pain","Empty Cage"],"picked":"Philosopher\u0027s Stone"},{"not_picked":["Busted Crown","Velvet Choker","Coffee Dripper"]}],"items_purged_floors":[],"is_endless":false,"potions_floor_spawned":[1,8,14,21,23,27,33,35,44,46],"ascension_level":3}