{"gold_per_floor":[115,115,115,115,131,131,146,146,146,172,19,31,86,86,86,86],"floor_reached":16,"playtime":538,"items_purged":[],"score":103,"play_id":"ec4df802-42db-4bff-8fd5-0235609fe6fb","local_time":"20190108202256","is_ascension_mode":true,"campfire_choices":[{"data":"Zap","floor":6,"key":"SMITH"},{"data":"Coolheaded","floor":8,"key":"SMITH"},{"floor":15,"key":"REST"}],"neow_cost":"NONE","seed_source_timestamp":0,"circlet_count":0,"master_deck":["Strike_B","Strike_B","Strike_B","Defend_B","Defend_B","Defend_B","Defend_B","Zap+1","Dualcast","Coolheaded+1","Glacier","Ball Lightning","Compile Driver"],"special_seed":0,"relics":["Cracked Core","Ancient Tea Set","The Courier","Matryoshka","Omamori","Chemical X","Gremlin Horn"],"potions_floor_usage":[],"damage_taken":[{"damage":0.0,"enemies":"Small Slimes","floor":1.0,"turns":2.0},{"damage":1,"enemies":"2 Louse","floor":5,"turns":2},{"damage":1,"enemies":"Cultist","floor":7,"turns":3},{"damage":32,"enemies":"3 Sentries","floor":10,"turns":9},{"damage":6,"enemies":"Exordium Wildlife","floor":12,"turns":6},{"damage":30,"enemies":"Lagavulin Event","floor":13,"turns":10},{"damage":0,"enemies":"The Guardian","floor":16,"turns":1}],"seed_played":"-6162927472060047356","potions_obtained":[{"floor":5,"key":"EssenceOfSteel"},{"floor":12,"key":"SteroidPotion"},{"floor":13,"key":"EntropicBrew"}],"is_trial":false,"path_per_floor":["M","?","?","$","M","R","M","R","T","E","$","M","?","?","R","B"],"character_chosen":"DEFECT","items_purchased":["Chemical X"],"campfire_rested":1,"item_purchase_floors":[11],"current_hp_per_floor":[75,75,75,75,74,74,73,73,73,41,41,35,5,5,27,27],"gold":86,"neow_bonus":"RANDOM_COMMON_RELIC","is_prod":false,"is_daily":false,"chose_seed":false,"campfire_upgraded":2,"win_rate":0,"timestamp":1546939376,"path_taken":["M","?","?","$","M","R","M","R","T","E","$","?","?","?","R","BOSS"],"build_version":"2018-11-15","purchased_purges":0,"victory":false,"max_hp_per_floor":[75,75,75,75,75,75,75,75,75,75,75,75,75,75,75,75],"card_choices":[{"not_picked":["Redo","Rebound","Steam"],"picked":"SKIP","floor":1.0},{"not_picked":["Redo","Beam Cell"],"picked":"Coolheaded","floor":5},{"not_picked":["Leap","Reprogram","Streamline"],"picked":"SKIP","floor":7},{"not_picked":["Doom and Gloom","Compile Driver","Thunder Strike"],"picked":"SKIP","floor":10},{"not_picked":["Hello World","FTL"],"picked":"Glacier","floor":12},{"not_picked":["Hologram","Rebound"],"picked":"Ball Lightning","floor":13}],"player_experience":1052942,"relics_obtained":[{"floor":9,"key":"Matryoshka"},{"floor":10,"key":"Omamori"},{"floor":13,"key":"Gremlin Horn"}],"event_choices":[{"damage_healed":0,"gold_gain":0,"player_choice":"Box","damage_taken":0,"relics_obtained":["The Courier"],"max_hp_gain":0,"max_hp_loss":0,"event_name":"Big Fish","floor":2,"gold_loss":0,"cards_obtained":["Regret"]},{"cards_removed":["Regret"],"damage_healed":0,"gold_gain":0,"player_choice":"Purged","damage_taken":0,"max_hp_gain":0,"max_hp_loss":0,"event_name":"Purifier","floor":3,"gold_loss":0},{"damage_healed":0,"gold_gain":0,"player_choice":"Searched \u00271\u0027 times","damage_taken":0,"max_hp_gain":0,"max_hp_loss":0,"event_name":"Dead Adventurer","floor":13,"gold_loss":0},{"damage_healed":0,"gold_gain":0,"cards_transformed":["Strike_B"],"player_choice":"Change","damage_taken":0,"max_hp_gain":0,"max_hp_loss":0,"event_name":"Living Wall","floor":14,"gold_loss":0,"cards_obtained":["Compile Driver"]}],"is_beta":true,"boss_relics":[],"items_purged_floors":[],"is_endless":false,"potions_floor_spawned":[5,12,13],"killed_by":"The Guardian","ascension_level":1}