{"gold_per_floor":[114,28,43,58,73,103,103,133,133,133,163,163,193,208,208,308,308,323,23,23,38,38,68,68,83,83,83,383,398,74,104,104,204,204,219,219,219,219],"floor_reached":38,"playtime":1805,"items_purged":[],"score":515,"play_id":"abf02b08-4900-4c77-9bea-0a3bf7b27196","local_time":"20180828093259","daily_mods":["Diverse","Time Dilation","Terminal"],"is_ascension_mode":false,"campfire_choices":[{"floor":15,"key":"REST"},{"floor":24,"key":"REST"},{"data":"Glacier","floor":27,"key":"SMITH"},{"data":"Adrenaline","floor":32,"key":"SMITH"}],"neow_cost":"","seed_source_timestamp":0,"circlet_count":0,"master_deck":["Strike_B","Strike_B","Strike_B","Strike_B","Defend_B","Defend_B","Defend_B","Defend_B+1","Zap","Sword Boomerang","Footwork","Chaos","Cold Snap","Go for the Eyes","Coolheaded+1","Poisoned Stab","Glass Knife","Thunderclap","Gash","Adrenaline+1","Sword Boomerang","Spot Weakness+1","Reinforced Body","Glacier+1","Acrobatics+1","Flex","Coolheaded","Iron Wave","Ball Lightning+1","Feed","Rebound+1"],"special_seed":17771,"relics":["Cracked Core","Question Card","Bag of Preparation","Blood Vial","Peace Pipe","Boot","Pen Nib","Vajra","Sozu","Ice Cream","War Paint","Centennial Puzzle","Old Coin","Lee\u0027s Waffle","Art of War","Cursed Key"],"potions_floor_usage":[6,6,8,16],"damage_taken":[{"damage":0,"enemies":"Jaw Worm","floor":1,"turns":3},{"damage":0,"enemies":"Small Slimes","floor":3,"turns":4},{"damage":0,"enemies":"Cultist","floor":4,"turns":3},{"damage":8,"enemies":"3 Louse","floor":5,"turns":2},{"damage":0,"enemies":"Lagavulin","floor":6,"turns":5},{"damage":25,"enemies":"Gremlin Nob","floor":8,"turns":5},{"damage":0,"enemies":"Lagavulin","floor":11,"turns":6},{"damage":3,"enemies":"Gremlin Nob","floor":13,"turns":4},{"damage":0,"enemies":"2 Fungi Beasts","floor":14,"turns":3},{"damage":3,"enemies":"The Guardian","floor":16,"turns":10},{"damage":0,"enemies":"3 Byrds","floor":18,"turns":3},{"damage":0,"enemies":"Colosseum Slavers","floor":20,"turns":3},{"damage":0,"enemies":"Shell Parasite","floor":21,"turns":3},{"damage":27,"enemies":"Slavers","floor":23,"turns":3},{"damage":4,"enemies":"Centurion and Healer","floor":25,"turns":2},{"damage":0,"enemies":"Snecko","floor":29,"turns":2},{"damage":0,"enemies":"Book of Stabbing","floor":31,"turns":3},{"damage":51,"enemies":"Automaton","floor":33,"turns":9},{"damage":0,"enemies":"Orb Walker","floor":35,"turns":2},{"damage":58,"enemies":"Awakened One","floor":38,"turns":10}],"seed_played":"-1305355615776414321","potions_obtained":[{"floor":3,"key":"SpeedPotion"},{"floor":4,"key":"Strength Potion"},{"floor":6,"key":"Poison Potion"},{"floor":14,"key":"SteroidPotion"}],"is_trial":false,"path_per_floor":["M","$","M","M","M","E","?","E","T","?","E","?","E","M","R","B",null,"M","$","?","M","?","E","R","M","T","R","?","M","$","E","R","B",null,"M","?","?"],"character_chosen":"DEFECT","items_purchased":["Cloak And Dagger","Footwork","Ice Cream","Lee\u0027s Waffle","Flex","Coolheaded","Iron Wave"],"campfire_rested":2,"item_purchase_floors":[2,2,19,30,30,30,30],"current_hp_per_floor":[73,72,71,70,62,62,59,34,34,34,36,41,40,42,61,60,62,61,60,59,58,57,30,46,44,44,44,44,46,56,55,54,3,52,54,53,52,0],"gold":219,"neow_bonus":"","is_prod":false,"is_daily":true,"chose_seed":false,"campfire_upgraded":2,"win_rate":0,"timestamp":1535441579,"path_taken":["M","$","M","M","M","E","?","E","T","?","E","?","E","M","R","BOSS","M","$","?","M","?","E","R","?","T","R","?","M","?","E","R","BOSS","M","?","?","BOSS"],"build_version":"2018-08-27","purchased_purges":0,"victory":false,"max_hp_per_floor":[73,72,71,70,69,68,67,66,65,64,63,67,66,65,64,63,62,61,60,59,58,57,56,55,54,53,52,51,50,56,55,54,53,52,54,53,52,52],"card_choices":[{"not_picked":["Anger","Sunder"],"picked":"Sword Boomerang","floor":1},{"not_picked":["Outmaneuver","Footwork"],"picked":"Chaos","floor":3},{"not_picked":["Capacitor","True Grit"],"picked":"Cold Snap","floor":4},{"not_picked":["Tactician","Sentinel"],"picked":"Go for the Eyes","floor":5},{"not_picked":["Metallicize","Choke"],"picked":"Coolheaded","floor":6},{"not_picked":["Disarm","Slice","Cold Snap"],"picked":"Poisoned Stab","floor":8},{"not_picked":["Dropkick","Cloak And Dagger","Body Slam"],"picked":"Glass Knife","floor":11},{"not_picked":["Redo","All For One","Blade Dance"],"picked":"Thunderclap","floor":13},{"not_picked":["True Grit","Thunderclap","Prepared"],"picked":"Gash","floor":14},{"not_picked":["Immolate","Amplify","Barricade"],"picked":"Adrenaline","floor":16},{"not_picked":["Anger","True Grit","Blade Dance"],"picked":"Sword Boomerang","floor":18},{"not_picked":["Poisoned Stab","Clothesline","Perfected Strike"],"picked":"Spot Weakness+1","floor":21},{"not_picked":["Genetic Algorithm","Battle Trance","Streamline"],"picked":"Reinforced Body","floor":23},{"not_picked":["Flex","Ghostly Armor","Redo"],"picked":"Glacier","floor":25},{"not_picked":["Carnage","Heavy Blade","Berserk"],"picked":"Acrobatics+1","floor":29},{"not_picked":["Hemokinesis+1","Acrobatics","Thunderclap+1"],"picked":"Ball Lightning+1","floor":31},{"not_picked":["Hyperbeam","After Image","Impervious"],"picked":"Feed","floor":33},{"not_picked":["Deadly Poison+1","Headbutt","Quick Slash+1"],"picked":"Rebound+1","floor":35}],"player_experience":72111,"relics_obtained":[{"floor":6,"key":"Question Card"},{"floor":8,"key":"Blood Vial"},{"floor":9,"key":"Peace Pipe"},{"floor":11,"key":"Pen Nib"},{"floor":13,"key":"Vajra"},{"floor":23,"key":"War Paint"},{"floor":26,"key":"Centennial Puzzle"},{"floor":31,"key":"Art of War"}],"event_choices":[{"event_name":"Scrap Ooze","player_choice":"success","floor":7,"damage_taken":3},{"event_name":"WeMeetAgain","player_choice":"Card","floor":10,"damage_taken":0},{"event_name":"Big Fish","player_choice":"Donut","floor":12,"damage_taken":0},{"event_name":"Colosseum","player_choice":"Fight","floor":20,"damage_taken":0},{"event_name":"Colosseum","player_choice":"Fled From Nobs","floor":20,"damage_taken":0},{"event_name":"Beggar","player_choice":"Ignored","floor":22,"damage_taken":0},{"event_name":"The Mausoleum","player_choice":"Yes","floor":28,"damage_taken":0},{"event_name":"Falling","player_choice":"Removed Skill","floor":36,"damage_taken":0},{"event_name":"SecretPortal","player_choice":"Took Portal.","floor":37,"damage_taken":0}],"is_beta":true,"boss_relics":[{"not_picked":["White Beast Statue","Velvet Choker"],"picked":"Sozu"},{"not_picked":["Empty Cage","Calling Bell"],"picked":"Cursed Key"}],"items_purged_floors":[],"is_endless":false,"potions_floor_spawned":[3,4,6,14,20,21,29,31,33,35],"killed_by":"Awakened One","ascension_level":0}