{"gold_per_floor":[19,30,46,221,236,236,247,247,294,306,271,52,52,84,84,157,157,169,169,269,285,285,285],"floor_reached":23,"playtime":1029,"items_purged":["Doubt"],"score":315,"play_id":"1fe72250-9cd2-467f-8fd7-872d6ee9f387","local_time":"20190203153624","is_ascension_mode":true,"campfire_choices":[{"data":"Creative AI","floor":6,"key":"SMITH"},{"floor":8,"key":"REST"},{"data":"Zap","floor":13,"key":"SMITH"},{"data":"Scrape","floor":15,"key":"SMITH"}],"neow_cost":"NO_GOLD","seed_source_timestamp":505483995554356,"circlet_count":0,"master_deck":["AscendersBane","Strike_B","Strike_B","Strike_B","Strike_B","Defend_B+1","Defend_B+1","Defend_B","Defend_B","Zap+1","Dualcast","Creative AI+1","Gash","Capacitor","Self Repair","Gash","Conserve Battery","Scrape+1","Machine Learning","Amplify","Ball Lightning+1","Self Repair","Heatsinks","Decay"],"relics":["Cracked Core","Orichalcum","War Paint","Dodecahedron","Fusion Hammer"],"potions_floor_usage":[3,5,7,18],"damage_taken":[{"damage":20,"enemies":"Cultist","floor":1,"turns":5},{"damage":14,"enemies":"2 Louse","floor":2,"turns":4},{"damage":17,"enemies":"Small Slimes","floor":3,"turns":5},{"damage":14,"enemies":"Blue Slaver","floor":5,"turns":5},{"damage":0,"enemies":"2 Fungi Beasts","floor":7,"turns":4},{"damage":2,"enemies":"3 Louse","floor":10,"turns":6},{"damage":16,"enemies":"3 Sentries","floor":14,"turns":5},{"damage":24,"enemies":"Hexaghost","floor":16,"turns":10},{"damage":20,"enemies":"2 Thieves","floor":18,"turns":5},{"damage":19,"enemies":"Chosen","floor":21,"turns":6},{"damage":56,"enemies":"Gremlin Leader","floor":23,"turns":4}],"seed_played":"8977661591812163043","potions_obtained":[{"floor":2,"key":"Weak Potion"},{"floor":3,"key":"Swift Potion"},{"floor":5,"key":"PowerPotion"},{"floor":10,"key":"Fire Potion"}],"is_trial":false,"path_per_floor":["M","M","M","?","M","R","M","R","T","M","?","$","R","E","R","B",null,"M","?","?","M","?","E"],"character_chosen":"DEFECT","items_purchased":["War Paint"],"campfire_rested":1,"item_purchase_floors":[12],"current_hp_per_floor":[48,34,17,17,10,10,17,39,39,44,62,62,62,53,53,36,65,52,52,52,47,47,0],"gold":285,"neow_bonus":"THREE_RARE_CARDS","is_prod":false,"is_daily":false,"chose_seed":false,"campfire_upgraded":3,"win_rate":0,"timestamp":1549229784,"path_taken":["M","?","?","?","M","R","M","R","T","M","?","?","R","E","R","BOSS","M","?","?","?","?","E"],"build_version":"2019-01-23","purchased_purges":1,"victory":false,"max_hp_per_floor":[75,75,75,75,75,75,75,75,75,75,75,75,75,75,75,75,75,75,75,75,75,75,75],"card_choices":[{"not_picked":["Core Surge","Machine Learning"],"picked":"Creative AI","floor":0},{"not_picked":["Redo","Blizzard"],"picked":"Gash","floor":1},{"not_picked":["Hologram","Go for the Eyes"],"picked":"Capacitor","floor":2},{"not_picked":["Genetic Algorithm","Gash"],"picked":"Self Repair","floor":3},{"not_picked":["Rebound","Reinforced Body"],"picked":"Gash","floor":5},{"not_picked":["Streamline","Reprogram"],"picked":"Conserve Battery","floor":7},{"not_picked":["Ball Lightning","Go for the Eyes"],"picked":"Scrape","floor":10},{"not_picked":["Rebound","Cold Snap"],"picked":"Machine Learning","floor":14},{"not_picked":["Seek","Multi-Cast"],"picked":"Amplify","floor":16},{"not_picked":["Stack+1","Barrage"],"picked":"Ball Lightning+1","floor":18},{"not_picked":["Barrage","Static Discharge"],"picked":"Heatsinks","floor":21}],"player_experience":525615,"relics_obtained":[{"floor":9,"key":"Orichalcum"},{"floor":14,"key":"Dodecahedron"}],"event_choices":[{"damage_healed":0,"gold_gain":175,"player_choice":"AGREE","damage_taken":0,"max_hp_gain":0,"max_hp_loss":0,"event_name":"Liars Game","floor":4,"gold_loss":0,"cards_obtained":["Doubt"]},{"damage_healed":18,"gold_gain":0,"player_choice":"Healed","damage_taken":0,"max_hp_gain":0,"max_hp_loss":0,"event_name":"The Cleric","floor":11,"gold_loss":35},{"damage_healed":0,"gold_gain":0,"player_choice":"Read","damage_taken":0,"max_hp_gain":0,"max_hp_loss":0,"event_name":"The Library","floor":19,"gold_loss":0,"cards_obtained":["Self Repair"]},{"damage_healed":0,"gold_gain":100,"player_choice":"Pray","damage_taken":0,"max_hp_gain":0,"max_hp_loss":0,"event_name":"Golden Shrine","floor":20,"gold_loss":0},{"damage_healed":0,"gold_gain":0,"player_choice":"Cursed","damage_taken":0,"max_hp_gain":0,"max_hp_loss":0,"event_name":"Wheel of Change","floor":22,"gold_loss":0,"cards_obtained":["Decay"]}],"is_beta":false,"boss_relics":[{"not_picked":["Runic Pyramid","Lizard Tail"],"picked":"Fusion Hammer"}],"items_purged_floors":[12],"is_endless":false,"potions_floor_spawned":[2,3,5,10],"killed_by":"Gremlin Leader","ascension_level":13}