{"path_per_floor":["M","?","M","M","?","E","R","M","T","R","E","R","M","$","R","B",null,"M","M","M","M","M","E","R","E","T","M","M","M","M","?","R"],"character_chosen":"DEFECT","items_purchased":[],"gold_per_floor":[99,99,99,99,99,99,99,69,69,69,69,69,69,69,69,69,69,69,69,69,69,69,69,69,69,69,69,69,69,69,69,69,69],"floor_reached":33,"campfire_rested":4,"playtime":1566,"item_purchase_floors":[],"current_hp_per_floor":[75,64,64,64,64,60,60,59,59,75,68,68,60,60,80,80,80,80,80,80,80,64,40,64,42,42,34,34,22,22,22,46,0],"items_purged":[],"gold":69,"score":388,"play_id":"63102b18-dd48-4689-90b2-0a4d63a2e50d","local_time":"20180531194922","is_prod":false,"is_daily":false,"chose_seed":false,"is_ascension_mode":true,"campfire_upgraded":2,"win_rate":0,"timestamp":1527788962,"campfire_choices":[{"data":"Dualcast","floor":7,"key":"SMITH"},{"floor":10,"key":"REST"},{"data":"Meteor Strike","floor":12,"key":"SMITH"},{"floor":15,"key":"REST"},{"floor":24,"key":"REST"},{"floor":32,"key":"REST"}],"path_taken":["M","?","M","M","?","E","R","M","T","R","E","R","?","?","R","BOSS","M","?","?","M","M","E","R","E","T","M","?","M","M","?","R","BOSS"],"build_version":"2018-05-30v2","seed_source_timestamp":44389643746602,"purchased_purges":0,"victory":false,"master_deck":["Strike_B","Strike_B","Strike_B","Strike_B","Defend_B","Defend_B","Defend_B","Defend_B","Zap+1","Dualcast+1","Reinforced Body","Ball Lightning","Consume","Cold Snap","Cold Snap","Meteor Strike+1","Streamline","Electrodynamics","Conserve Battery","Lockon+1","Genetic Algorithm","Hologram","Ball Lightning","Seek","Redo+1","Beam Cell","Melter","Stack","Blizzard"],"max_hp_per_floor":[75,75,75,75,75,75,75,75,75,75,75,75,80,80,80,80,80,80,80,80,80,80,80,80,80,80,80,80,80,80,80,80,80],"relics":["Ectoplasm","Happy Flower","Lantern","Bottled Flame","Nuclear Battery","Ice Cream","The Courier","Letter Opener"],"card_choices":[{"not_picked":["Compile Driver","Sweeping Beam"],"picked":"Reinforced Body","floor":1},{"not_picked":["Streamline","Stack"],"picked":"Ball Lightning","floor":3},{"not_picked":["Turbo","Darkness"],"picked":"Consume","floor":4},{"not_picked":["Capacitor","Skim"],"picked":"Cold Snap","floor":6},{"not_picked":["Compile Driver","Storm"],"picked":"Cold Snap","floor":8},{"not_picked":["Chill","Reinforced Body"],"picked":"Meteor Strike","floor":11},{"not_picked":["Hello World","Coolheaded"],"picked":"Streamline","floor":13},{"not_picked":["All For One","Multi-Cast"],"picked":"Electrodynamics","floor":16},{"not_picked":["Beam Cell","Loop"],"picked":"Conserve Battery","floor":18},{"not_picked":["Beam Cell+1","Glacier+1"],"picked":"Lockon+1","floor":19},{"not_picked":["Sweeping Beam","Barrage"],"picked":"Genetic Algorithm","floor":20},{"not_picked":["Capacitor","Coolheaded"],"picked":"Hologram","floor":21},{"not_picked":["Streamline","Fusion"],"picked":"Ball Lightning","floor":22},{"not_picked":["Barrage","Turbo"],"picked":"Seek","floor":23},{"not_picked":["FTL","Hologram"],"picked":"Redo+1","floor":25},{"not_picked":["Barrage+1","Fusion"],"picked":"Beam Cell","floor":27},{"not_picked":["Ball Lightning","Redo"],"picked":"Melter","floor":28},{"not_picked":["Go for the Eyes","Consume"],"picked":"Stack","floor":29},{"not_picked":["Auto Shields+1","Compile Driver"],"picked":"Blizzard","floor":30}],"player_experience":193430,"potions_floor_usage":[13,16,16,23,28,33,33],"damage_taken":[{"damage":0,"enemies":"2 Louse","floor":1,"turns":3},{"damage":0,"enemies":"Small Slimes","floor":3,"turns":3},{"damage":0,"enemies":"Jaw Worm","floor":4,"turns":3},{"damage":4,"enemies":"Gremlin Nob","floor":6,"turns":4},{"damage":1,"enemies":"Looter","floor":8,"turns":3},{"damage":7,"enemies":"Lagavulin","floor":11,"turns":6},{"damage":13,"enemies":"3 Louse","floor":13,"turns":3},{"damage":0,"enemies":"Hexaghost","floor":16,"turns":9},{"damage":0,"enemies":"Spheric Guardian","floor":18,"turns":3},{"damage":0,"enemies":"Chosen","floor":19,"turns":2},{"damage":0,"enemies":"Snecko","floor":20,"turns":4},{"damage":0,"enemies":"3 Cultists","floor":21,"turns":4},{"damage":16,"enemies":"Snake Plant","floor":22,"turns":3},{"damage":39,"enemies":"Book of Stabbing","floor":23,"turns":6},{"damage":22,"enemies":"Slavers","floor":25,"turns":3},{"damage":8,"enemies":"Snecko","floor":27,"turns":4},{"damage":0,"enemies":"Centurion and Healer","floor":28,"turns":2},{"damage":12,"enemies":"Cultist and Chosen","floor":29,"turns":4},{"damage":0,"enemies":"Snecko","floor":30,"turns":2},{"damage":53,"enemies":"Collector","floor":33,"turns":8}],"relics_obtained":[{"floor":6,"key":"Happy Flower"},{"floor":9,"key":"Lantern"},{"floor":11,"key":"Bottled Flame"},{"floor":23,"key":"Ice Cream"},{"floor":25,"key":"The Courier"},{"floor":26,"key":"Letter Opener"}],"event_choices":[{"event_name":"World of Goop","player_choice":"Gather Gold","floor":2,"damage_taken":0},{"event_name":"Living Wall","player_choice":"Grow","floor":5,"damage_taken":0},{"event_name":"Cursed Tome","player_choice":"Ignored","floor":31,"damage_taken":0}],"boss_relics":[{"not_picked":["Eternal Feather","Snecko Eye"],"picked":"Nuclear Battery"}],"items_purged_floors":[],"potions_floor_spawned":[4,11,13,16,22,25,27,29],"seed_played":"4345083021732815724","killed_by":"Collector","ascension_level":2,"potions_obtained":[{"floor":4,"key":"PowerPotion"},{"floor":11,"key":"Fruit Juice"},{"floor":13,"key":"FocusPotion"},{"floor":16,"key":"Strength Potion"},{"floor":22,"key":"Regen Potion"},{"floor":25,"key":"Block Potion"},{"floor":27,"key":"Swift Potion"},{"floor":29,"key":"LiquidBronze"}],"is_trial":false}