{"gold_per_floor":[118,43,43,43,56,92,92,116,116,116,130,174,189,89,89,89],"floor_reached":16,"playtime":479,"items_purged":["Strike_B","Strike_B"],"score":189,"play_id":"2db08d07-61d6-44e4-83bd-b3fec8f14c7b","local_time":"20190105150735","is_ascension_mode":true,"campfire_choices":[{"data":"Zap","floor":7,"key":"SMITH"},{"data":"Self Repair","floor":10,"key":"SMITH"},{"data":"Turbo","floor":15,"key":"SMITH"}],"neow_cost":"NONE","seed_source_timestamp":1327611116424769,"circlet_count":0,"master_deck":["Strike_B","Strike_B","Defend_B","Defend_B","Defend_B","Defend_B","Zap+1","Dualcast","Sweeping Beam","Ball Lightning","Turbo+1","Self Repair+1","Leap","Multi-Cast","Conserve Battery"],"relics":["Cracked Core","NeowsBlessing","Golden Idol","Ice Cream","Emotion Chip","Pen Nib"],"potions_floor_usage":[12,16],"damage_taken":[{"damage":0,"enemies":"2 Louse","floor":1,"turns":1},{"damage":0,"enemies":"Cultist","floor":5,"turns":1},{"damage":0,"enemies":"Gremlin Nob","floor":6,"turns":1},{"damage":5,"enemies":"Small Slimes","floor":8,"turns":2},{"damage":2,"enemies":"Looter","floor":11,"turns":3},{"damage":32,"enemies":"Lagavulin","floor":12,"turns":6},{"damage":3,"enemies":"Blue Slaver","floor":13,"turns":3},{"damage":30,"enemies":"Hexaghost","floor":16,"turns":9}],"seed_played":"-1642471922216710970","potions_obtained":[{"floor":1,"key":"EssenceOfSteel"},{"floor":4,"key":"LiquidBronze"},{"floor":4,"key":"Energy Potion"},{"floor":12,"key":"GamblersBrew"}],"is_trial":false,"path_per_floor":["M","$","?","?","M","E","R","M","T","R","M","E","M","$","R","B"],"character_chosen":"DEFECT","items_purchased":[],"campfire_rested":0,"item_purchase_floors":[],"current_hp_per_floor":[68,68,50,50,50,50,50,45,45,45,43,21,28,28,28,0],"gold":89,"neow_bonus":"THREE_ENEMY_KILL","is_prod":false,"is_daily":false,"chose_seed":false,"campfire_upgraded":3,"win_rate":0,"timestamp":1546722455,"path_taken":["M","$","?","?","?","E","R","M","T","R","M","E","M","$","R","BOSS"],"build_version":"2019-01-03v4","purchased_purges":2,"victory":false,"max_hp_per_floor":[75,75,75,75,75,75,75,75,75,75,75,75,75,75,75,75],"card_choices":[{"not_picked":["Double Energy","Hologram"],"picked":"Sweeping Beam","floor":1},{"not_picked":["Compile Driver","Melter"],"picked":"Ball Lightning","floor":5},{"not_picked":["Coolheaded","Consume"],"picked":"Turbo","floor":6},{"not_picked":["Gash","Chaos"],"picked":"Self Repair","floor":8},{"not_picked":["Rebound","Hologram"],"picked":"Leap","floor":11},{"not_picked":["Rebound","Compile Driver"],"picked":"Multi-Cast","floor":12},{"not_picked":["Coolheaded","Melter"],"picked":"Conserve Battery","floor":13}],"player_experience":384034,"relics_obtained":[{"floor":6,"key":"Ice Cream"},{"floor":9,"key":"Emotion Chip"},{"floor":12,"key":"Pen Nib"}],"event_choices":[{"damage_healed":0,"gold_gain":0,"player_choice":"Take Damage","damage_taken":18,"relics_obtained":["Golden Idol"],"max_hp_gain":0,"max_hp_loss":0,"event_name":"Golden Idol","floor":3,"gold_loss":0},{"damage_healed":0,"gold_gain":0,"player_choice":"Got Potions","damage_taken":0,"max_hp_gain":0,"max_hp_loss":0,"event_name":"Lab","floor":4,"gold_loss":0}],"is_beta":false,"boss_relics":[],"items_purged_floors":[2,14],"is_endless":false,"potions_floor_spawned":[1,11,12],"killed_by":"Hexaghost","ascension_level":8}