{"gold_per_floor":[20,38,49,15,15,15,15,50,77,87,87,87,112,112,112,208,208,222,222,222,66,85,85,123,123,123,136,136,160,184,184,184,275,275,290,308,433,433,138,138,161,161,161,61,61,97,116,136,136,136],"floor_reached":51,"playtime":1899,"items_purged":["Coolheaded","Sweeping Beam"],"score":1189,"play_id":"19b96ecf-3802-4b3e-bcb0-cc5f5572feb9","local_time":"20181220175941","is_ascension_mode":true,"campfire_choices":[{"data":"Zap","floor":6.0,"key":"SMITH"},{"floor":12.0,"key":"REST"},{"data":"Strike_B","floor":15.0,"key":"PURGE"},{"floor":23.0,"key":"REST"},{"floor":25.0,"key":"REST"},{"floor":28.0,"key":"REST"},{"data":"Strike_B","floor":32.0,"key":"PURGE"},{"floor":40.0,"key":"REST"},{"floor":42.0,"key":"DIG"},{"floor":45.0,"key":"DIG"},{"floor":49.0,"key":"DIG"}],"neow_cost":"NO_GOLD","seed_source_timestamp":498309135519081,"circlet_count":0,"master_deck":["AscendersBane","Defend_B","Defend_B","Defend_B","Zap+1","Dualcast","Capacitor","Ball Lightning","FTL","Self Repair","Heatsinks","Fission","Storm+1","Ball Lightning+1","Capacitor+1","Go for the Eyes","Zap+1","Coolheaded+1","Electrodynamics","Thunder Strike","Sunder","Core Surge","Rainbow"],"special_seed":0,"relics":["Cracked Core","Gambling Chip","Juzu Bracelet","Bag of Preparation","Lantern","Golden Idol","Peace Pipe","Astrolabe","Enchiridion","Happy Flower","Oddly Smooth Stone","Mercury Hourglass","Fusion Hammer","Shovel","Orichalcum","Blood Vial","FossilizedHelix","Bottled Lightning","Bird Faced Urn","Bronze Scales"],"potions_floor_usage":[50],"damage_taken":[{"damage":5.0,"enemies":"Cultist","floor":1.0,"turns":4.0},{"damage":6.0,"enemies":"2 Louse","floor":2.0,"turns":2.0},{"damage":4.0,"enemies":"Jaw Worm","floor":3.0,"turns":5.0},{"damage":25.0,"enemies":"Lagavulin","floor":8.0,"turns":7.0},{"damage":3.0,"enemies":"Large Slime","floor":10.0,"turns":4.0},{"damage":7.0,"enemies":"2 Fungi Beasts","floor":13.0,"turns":2.0},{"damage":36.0,"enemies":"Slime Boss","floor":16.0,"turns":8.0},{"damage":0.0,"enemies":"Spheric Guardian","floor":18.0,"turns":2.0},{"damage":6.0,"enemies":"3 Byrds","floor":22.0,"turns":2.0},{"damage":45.0,"enemies":"Slavers","floor":24.0,"turns":4.0},{"damage":18.0,"enemies":"Snake Plant","floor":27.0,"turns":2.0},{"damage":3.0,"enemies":"Sentry and Sphere","floor":29.0,"turns":3.0},{"damage":5.0,"enemies":"Centurion and Healer","floor":30.0,"turns":3.0},{"damage":31.0,"enemies":"Collector","floor":33.0,"turns":8.0},{"damage":0.0,"enemies":"3 Darklings","floor":35.0,"turns":2.0},{"damage":29.0,"enemies":"Orb Walker","floor":36.0,"turns":3.0},{"damage":13.0,"enemies":"Mind Bloom Boss Battle","floor":37.0,"turns":5.0},{"damage":0.0,"enemies":"4 Shapes","floor":41.0,"turns":2.0},{"damage":0.0,"enemies":"Reptomancer","floor":46.0,"turns":3.0},{"damage":0.0,"enemies":"3 Darklings","floor":47.0,"turns":1.0},{"damage":0.0,"enemies":"Transient","floor":48.0,"turns":5.0},{"damage":74,"enemies":"Donu and Deca","floor":50,"turns":5}],"seed_played":"-3391059124066312584","potions_obtained":[{"floor":2.0,"key":"Energy Potion"},{"floor":3.0,"key":"Explosive Potion"},{"floor":16.0,"key":"AttackPotion"},{"floor":18.0,"key":"Dexterity Potion"},{"floor":24.0,"key":"Dexterity Potion"},{"floor":37.0,"key":"Dexterity Potion"},{"floor":48.0,"key":"Poison Potion"}],"is_trial":false,"path_per_floor":["M","M","M","$","?","R","?","E","T","M","?","R","M","T","R","B",null,"M","?","?","$","M","R","E","R","T","M","R","M","M","?","R","B",null,"M","M","?","?","$","R","M","R","T","$","R","E","M","M","R","B",null],"character_chosen":"DEFECT","items_purchased":["FTL","Happy Flower","Orichalcum","Regen Potion"],"campfire_rested":5,"item_purchase_floors":[4,21,39,39],"current_hp_per_floor":[59,53,49,49,42,42,42,17,17,21,21,40,40,40,40,11,52,59,43,43,43,37,56,18,37,37,26,45,49,51,51,51,27,56,56,34,28,28,28,46,46,46,46,46,46,62,63,63,63,14],"gold":136,"neow_bonus":"ONE_RARE_RELIC","is_prod":false,"is_daily":false,"chose_seed":false,"campfire_upgraded":1,"win_rate":0,"timestamp":1545353981,"path_taken":["M","M","?","?","?","R","?","E","T","M","?","R","M","?","R","BOSS","M","?","?","$","M","R","E","R","T","M","R","M","M","?","R","BOSS","M","M","?","?","$","R","M","R","T","?","R","E","M","M","R","BOSS"],"build_version":"2018-12-13","purchased_purges":2,"victory":true,"max_hp_per_floor":[71,71,71,71,71,71,71,71,71,71,66,66,66,66,66,66,66,66,66,66,66,66,66,66,66,66,66,66,66,66,66,66,66,66,66,66,66,63,63,63,63,63,63,63,63,63,63,63,63,63],"card_choices":[{"not_picked":["Redo","Fusion"],"picked":"Capacitor","floor":1.0},{"not_picked":["Melter","Beam Cell"],"picked":"Sweeping Beam","floor":2.0},{"not_picked":["Compile Driver","Turbo"],"picked":"Ball Lightning","floor":3.0},{"not_picked":["Ball Lightning","Rebound"],"picked":"Self Repair","floor":8.0},{"not_picked":["Chaos","Double Energy","Lockon"],"picked":"SKIP","floor":10.0},{"not_picked":["Loop","Streamline"],"picked":"Heatsinks","floor":13.0},{"not_picked":["Hyperbeam","Meteor Strike"],"picked":"Fission","floor":16.0},{"not_picked":["Barrage","Genetic Algorithm"],"picked":"Go for the Eyes","floor":18.0},{"not_picked":["Hello World","Stack","Gash"],"picked":"SKIP","floor":22.0},{"not_picked":["Beam Cell","Melter","FTL"],"picked":"SKIP","floor":24.0},{"not_picked":["Conserve Battery","Aggregate"],"picked":"Coolheaded+1","floor":27.0},{"not_picked":["Turbo","Steam"],"picked":"Coolheaded","floor":29.0},{"not_picked":["Streamline+1","Tempest"],"picked":"Electrodynamics","floor":30.0},{"not_picked":["Amplify","Echo Form"],"picked":"Thunder Strike","floor":33.0},{"not_picked":["Beam Cell","Sweeping Beam+1","Ball Lightning"],"picked":"SKIP","floor":35.0},{"not_picked":["Ball Lightning+1","Redo","Gash+1"],"picked":"SKIP","floor":36.0},{"not_picked":["Go for the Eyes","Compile Driver"],"picked":"Sunder","floor":37.0},{"not_picked":["Redo+1","Melter","Genetic Algorithm+1"],"picked":"SKIP","floor":41.0},{"not_picked":["Rebound+1","Steam"],"picked":"Core Surge","floor":46.0},{"not_picked":["Sweeping Beam","Chaos+1","Streamline"],"picked":"SKIP","floor":47.0},{"not_picked":["Compile Driver+1","Self Repair"],"picked":"Rainbow","floor":48.0}],"player_experience":721504,"relics_obtained":[{"floor":8.0,"key":"Bag of Preparation"},{"floor":9.0,"key":"Lantern"},{"floor":14.0,"key":"Peace Pipe"},{"floor":19.0,"key":"Enchiridion"},{"floor":24.0,"key":"Oddly Smooth Stone"},{"floor":26.0,"key":"Mercury Hourglass"},{"floor":37.0,"key":"Shovel"},{"floor":42.0,"key":"Blood Vial"},{"floor":43.0,"key":"FossilizedHelix"},{"floor":45.0,"key":"Bottled Lightning"},{"floor":46.0,"key":"Bird Faced Urn"},{"floor":49.0,"key":"Bronze Scales"}],"event_choices":[{"damage_healed":0.0,"max_hp_gain":0.0,"max_hp_loss":0.0,"gold_gain":0.0,"event_name":"Scrap Ooze","player_choice":"Success","floor":5.0,"gold_loss":0.0,"damage_taken":7.0,"relics_obtained":["Juzu Bracelet"]},{"damage_healed":0.0,"max_hp_gain":0.0,"max_hp_loss":0.0,"gold_gain":0.0,"event_name":"Shining Light","player_choice":"Ignored","floor":7.0,"gold_loss":0.0,"damage_taken":0.0},{"damage_healed":0.0,"max_hp_gain":0.0,"max_hp_loss":5.0,"gold_gain":0.0,"event_name":"Golden Idol","player_choice":"Lose Max HP","floor":11.0,"gold_loss":0.0,"damage_taken":0.0,"relics_obtained":["Golden Idol"]},{"damage_healed":0.0,"max_hp_gain":0.0,"max_hp_loss":0.0,"gold_gain":0.0,"event_name":"Cursed Tome","player_choice":"Obtained Book","floor":19.0,"gold_loss":0.0,"damage_taken":16.0},{"damage_healed":0.0,"max_hp_gain":0.0,"max_hp_loss":0.0,"gold_gain":0.0,"event_name":"Duplicator","player_choice":"Copied","floor":20.0,"gold_loss":0.0,"damage_taken":0.0,"cards_obtained":["Zap"]},{"damage_healed":0.0,"max_hp_gain":0.0,"max_hp_loss":0.0,"gold_gain":0.0,"event_name":"Vampires","player_choice":"Ignored","floor":31.0,"gold_loss":0.0,"damage_taken":0.0},{"damage_healed":0.0,"max_hp_gain":0.0,"max_hp_loss":0.0,"gold_gain":0.0,"event_name":"MindBloom","player_choice":"Fight","floor":37.0,"gold_loss":0.0,"damage_taken":0.0},{"damage_healed":0.0,"max_hp_gain":0.0,"max_hp_loss":3.0,"gold_gain":0.0,"event_name":"Winding Halls","player_choice":"Max HP","floor":38.0,"gold_loss":0.0,"damage_taken":0.0}],"is_beta":false,"boss_relics":[{"not_picked":["Empty Cage","Snecko Eye"],"picked":"Astrolabe"},{"not_picked":["Nuclear Battery","Tiny House"],"picked":"Fusion Hammer"}],"items_purged_floors":[39,44],"is_endless":false,"potions_floor_spawned":[2,3,16,18,24,30,37,41,48],"ascension_level":14}