{"path_per_floor":["M","?","M","M","?","R","M","M","T","$","R","M","R","$","R","B",null,"M","?","$","M","$","R","$","M","T","M","R","M","?","E","R","B",null,"M","M","?","M","$","R","M","?","T","M","$","?","$","M","R"],"character_chosen":"DEFECT","items_purchased":["Static Discharge","Sunder","Storm","Pear"],"gold_per_floor":[115,115,135,145,145,145,158,177,247,97,97,110,110,73,73,170,170,184,184,84,101,65,65,65,78,78,89,89,106,106,131,131,226,226,240,252,252,264,18,18,29,0,0,19,19,19,19,32,32,32],"floor_reached":50,"campfire_rested":5,"playtime":1371,"item_purchase_floors":[10,14,22,39],"current_hp_per_floor":[69,69,57,55,40,40,26,3,3,3,25,22,22,22,44,27,75,58,58,58,42,42,42,42,41,41,18,40,40,40,21,45,24,82,71,56,46,46,56,56,56,56,56,46,46,46,46,31,58,0],"items_purged":["Regret","Strike_B"],"gold":32,"score":504,"play_id":"be3e12c6-cd77-41e8-94cf-b10e6631cba5","local_time":"20180603215607","is_prod":false,"is_daily":false,"chose_seed":false,"is_ascension_mode":false,"campfire_upgraded":4,"win_rate":0.0,"timestamp":1528026967,"campfire_choices":[{"data":"Static Discharge","floor":6,"key":"SMITH"},{"floor":11,"key":"REST"},{"data":"Static Discharge","floor":13,"key":"SMITH"},{"floor":15,"key":"REST"},{"data":"Creative AI","floor":23,"key":"SMITH"},{"floor":28,"key":"REST"},{"floor":32,"key":"REST"},{"data":"Electrodynamics","floor":40,"key":"SMITH"},{"floor":49,"key":"REST"}],"path_taken":["M","?","M","M","?","R","M","M","T","$","R","?","R","?","R","BOSS","M","?","?","M","?","R","$","M","T","M","R","?","?","E","R","BOSS","M","M","?","M","$","R","M","?","T","M","$","?","$","M","R","BOSS"],"build_version":"2018-05-31","seed_source_timestamp":34824142467550,"purchased_purges":2,"victory":false,"master_deck":["Strike_B","Strike_B","Defend_B","Defend_B+1","Defend_B","Defend_B","Zap+1","Dualcast","Static Discharge+1","Storm","Capacitor","Genetic Algorithm","Static Discharge+1","Beam Cell","Sunder","Creative AI+1","Barrage","Storm","Injury","Creative AI","Biased Cognition","Electrodynamics+1","Consume+1","Static Discharge+1","Madness","Madness","Storm","Parasite","Storm","Good Instincts"],"max_hp_per_floor":[75,75,75,75,75,75,75,75,75,75,75,75,75,75,75,75,75,75,75,75,75,75,75,75,75,75,75,75,75,75,82,82,82,82,82,82,82,82,92,92,92,92,92,92,92,92,92,92,92,92],"relics":["Cracked Core","Girya","Mummified Hand","Cursed Key","Bottled Lightning","Strawberry","White Beast Statue","Pear","Red Mask","Smiling Mask"],"card_choices":[{"not_picked":["Redo","Rebound"],"picked":"Static Discharge","floor":1},{"not_picked":["Hologram","Aggregate","Turbo"],"picked":"SKIP","floor":3},{"not_picked":["Rainbow","Barrage"],"picked":"Storm","floor":4},{"not_picked":["Compile Driver","Sweeping Beam"],"picked":"Capacitor","floor":7},{"not_picked":["White Noise","FTL"],"picked":"Genetic Algorithm","floor":8},{"not_picked":["Leap","Doom and Gloom"],"picked":"Beam Cell","floor":12},{"not_picked":["Thunder Strike","Multi-Cast"],"picked":"Creative AI","floor":16},{"not_picked":["Stack","Glacier"],"picked":"Barrage","floor":18},{"not_picked":["Stack","Leap","Go for the Eyes"],"picked":"SKIP","floor":21},{"not_picked":["Force Field","Steam","Blizzard"],"picked":"SKIP","floor":25},{"not_picked":["Blizzard+1","Static Discharge"],"picked":"Creative AI","floor":27},{"not_picked":["Barrage+1","Skim","Leap+1"],"picked":"SKIP","floor":29},{"not_picked":["Steam Power","Ball Lightning","Barrage+1"],"picked":"SKIP","floor":31},{"not_picked":["Machine Learning","Multi-Cast"],"picked":"Electrodynamics","floor":33},{"not_picked":["Hello World","Steam Power"],"picked":"Consume+1","floor":35},{"not_picked":["Leap+1","Skim+1"],"picked":"Static Discharge+1","floor":36},{"not_picked":["Go for the Eyes+1","Leap+1"],"picked":"Storm","floor":38},{"not_picked":["Cold Snap+1","Stack+1","Conserve Battery"],"picked":"SKIP","floor":41},{"not_picked":["Coolheaded","Compile Driver+1"],"picked":"Storm","floor":44},{"not_picked":["Panache","Purity"],"picked":"Good Instincts","floor":46},{"not_picked":["Hello World+1","Sweeping Beam+1","Cold Snap+1"],"picked":"SKIP","floor":48}],"player_experience":298892,"potions_floor_usage":[12,27,29,29,36,50,50,50],"damage_taken":[{"damage":6,"enemies":"Cultist","floor":1,"turns":3},{"damage":12,"enemies":"2 Louse","floor":3,"turns":3},{"damage":2,"enemies":"Small Slimes","floor":4,"turns":3},{"damage":14,"enemies":"Looter","floor":7,"turns":3},{"damage":23,"enemies":"Lots of Slimes","floor":8,"turns":5},{"damage":3,"enemies":"Red Slaver","floor":12,"turns":3},{"damage":17,"enemies":"Hexaghost","floor":16,"turns":5},{"damage":17,"enemies":"2 Thieves","floor":18,"turns":3},{"damage":16,"enemies":"Shell Parasite","floor":21,"turns":4},{"damage":1,"enemies":"Cultist and Chosen","floor":25,"turns":3},{"damage":23,"enemies":"3 Cultists","floor":27,"turns":4},{"damage":0,"enemies":"Chosen and Byrds","floor":29,"turns":3},{"damage":26,"enemies":"Book of Stabbing","floor":31,"turns":4},{"damage":21,"enemies":"Automaton","floor":33,"turns":5},{"damage":11,"enemies":"3 Shapes","floor":35,"turns":3},{"damage":15,"enemies":"Orb Walker","floor":36,"turns":3},{"damage":0,"enemies":"4 Shapes","floor":38,"turns":3},{"damage":0,"enemies":"Sphere and 2 Shapes","floor":41,"turns":2},{"damage":10,"enemies":"Maw","floor":44,"turns":4},{"damage":15,"enemies":"4 Shapes","floor":48,"turns":4},{"damage":64,"enemies":"Awakened One","floor":50,"turns":5}],"relics_obtained":[{"floor":9,"key":"Mummified Hand"},{"floor":26,"key":"Bottled Lightning"},{"floor":31,"key":"Strawberry"},{"floor":43,"key":"Smiling Mask"}],"event_choices":[{"event_name":"Big Fish","player_choice":"Box","floor":2,"damage_taken":0},{"event_name":"Shining Light","player_choice":"Entered Light","floor":5,"damage_taken":0},{"event_name":"Ghosts","player_choice":"Ignored","floor":19,"damage_taken":0},{"event_name":"Transmorgrifier","player_choice":"Transform","floor":30,"damage_taken":0},{"event_name":"Winding Halls","player_choice":"Embrace Madness","floor":37,"damage_taken":0},{"event_name":"Tomb of Lord Red Mask","player_choice":"Paid","floor":42,"damage_taken":0},{"event_name":"SensoryStone","player_choice":"Memory 1","floor":46,"damage_taken":0}],"boss_relics":[{"not_picked":["Orrery","Snecko Eye"],"picked":"Cursed Key"},{"not_picked":["Eternal Feather","Black Star"],"picked":"White Beast Statue"}],"items_purged_floors":[10,20],"potions_floor_spawned":[3,7,12,16,18,27,31,33,35,36,38,41,44,48],"seed_played":"182899163317630875","killed_by":"Awakened One","ascension_level":0,"potions_obtained":[{"floor":3,"key":"Weak Potion"},{"floor":7,"key":"SkillPotion"},{"floor":12,"key":"Strength Potion"},{"floor":16,"key":"SkillPotion"},{"floor":27,"key":"EssenceOfSteel"},{"floor":31,"key":"Explosive Potion"},{"floor":33,"key":"SmokeBomb"},{"floor":35,"key":"Weak Potion"},{"floor":36,"key":"Swift Potion"},{"floor":38,"key":"GamblersBrew"}],"is_trial":false}