{"gold_per_floor":[118,268,268,288,56,81,81,114,114,141,141,141,155,166,166,166],"floor_reached":16,"playtime":404,"items_purged":[],"score":236,"play_id":"e997990d-ec5a-49af-afe4-9e7cae63fc69","local_time":"20181212105301","is_ascension_mode":true,"campfire_choices":[{"floor":7,"key":"REST"},{"floor":11,"key":"REST"},{"floor":15,"key":"REST"}],"neow_cost":"NONE","seed_source_timestamp":140774959925784,"circlet_count":0,"master_deck":["AscendersBane","Strike_R+1","Strike_R","Strike_R","Strike_R","Strike_R+1","Defend_R","Defend_R","Defend_R","Defend_R","Bash","Fiend Fire","Twin Strike","Headbutt","Flash of Steel","Iron Wave","Uppercut","Pommel Strike","Armaments","Limit Break","Sword Boomerang"],"relics":["Burning Blood","Frozen Egg 2","Boot","Blood Vial","Turnip"],"potions_floor_usage":[6,13,16],"damage_taken":[{"damage":0,"enemies":"Cultist","floor":1,"turns":2},{"damage":12,"enemies":"Jaw Worm","floor":4,"turns":2},{"damage":35,"enemies":"3 Sentries","floor":6,"turns":10},{"damage":25,"enemies":"Gremlin Nob","floor":8,"turns":4},{"damage":30,"enemies":"Lagavulin","floor":10,"turns":5},{"damage":0,"enemies":"2 Louse","floor":13,"turns":2},{"damage":12,"enemies":"Blue Slaver","floor":14,"turns":4},{"damage":52,"enemies":"Hexaghost","floor":16,"turns":9}],"seed_played":"-951260881584545615","potions_obtained":[{"floor":4,"key":"Energy Potion"},{"floor":6,"key":"Explosive Potion"},{"floor":13,"key":"PowerPotion"}],"is_trial":false,"path_per_floor":["M","?","?","M","$","E","R","E","T","E","R","?","M","M","R","B"],"character_chosen":"IRONCLAD","items_purchased":["Flash of Steel","Iron Wave","Uppercut"],"campfire_rested":3,"item_purchase_floors":[5,5,5],"current_hp_per_floor":[74,74,74,68,68,39,61,42,42,20,42,19,27,23,45,0],"gold":166,"neow_bonus":"ONE_RANDOM_RARE_CARD","is_prod":false,"is_daily":false,"chose_seed":false,"campfire_upgraded":0,"win_rate":0,"timestamp":1544637181,"path_taken":["M","?","?","?","$","E","R","E","T","E","R","?","M","M","R","BOSS"],"build_version":"2018-12-06","purchased_purges":0,"victory":false,"max_hp_per_floor":[75,75,75,75,75,75,75,75,75,75,75,75,75,75,75,75],"card_choices":[{"not_picked":["Bloodletting","Combust"],"picked":"Twin Strike","floor":1},{"not_picked":["Thunderclap","Warcry"],"picked":"Headbutt","floor":4},{"not_picked":["True Grit","Ghostly Armor"],"picked":"Pommel Strike","floor":6},{"not_picked":["Combust+1","Heavy Blade"],"picked":"Armaments","floor":8},{"not_picked":["Havoc","Perfected Strike"],"picked":"Limit Break","floor":10},{"not_picked":["Clash","Blood for Blood","Headbutt"],"picked":"SKIP","floor":13},{"not_picked":["Flex","Rupture+1"],"picked":"Sword Boomerang","floor":14}],"player_experience":609696,"relics_obtained":[{"floor":6,"key":"Frozen Egg 2"},{"floor":8,"key":"Boot"},{"floor":9,"key":"Blood Vial"},{"floor":10,"key":"Turnip"}],"event_choices":[{"damage_healed":0,"gold_gain":150,"player_choice":"AGREE","damage_taken":0,"max_hp_gain":0,"max_hp_loss":0,"event_name":"Liars Game","floor":2,"gold_loss":0,"cards_obtained":["Doubt"]},{"cards_removed":["Doubt"],"damage_healed":0,"gold_gain":0,"player_choice":"Purged","damage_taken":0,"max_hp_gain":0,"max_hp_loss":0,"event_name":"Purifier","floor":3,"gold_loss":0},{"damage_healed":0,"gold_gain":0,"player_choice":"Entered Light","damage_taken":23,"max_hp_gain":0,"max_hp_loss":0,"event_name":"Shining Light","floor":12,"gold_loss":0,"cards_upgraded":["Strike_R","Strike_R"]}],"is_beta":false,"boss_relics":[],"items_purged_floors":[],"is_endless":false,"potions_floor_spawned":[4,6,13],"killed_by":"Hexaghost","ascension_level":20}