{"gold_per_floor":[113,133,133,133,149,168,196,196,222,252,266,231,231,260,260,359,359,370,370,370,381,381,381,415,415,415,415,435,435,470,502,502,599,599,614,630,630,642,864,864,864],"floor_reached":41,"playtime":3705,"items_purged":[],"score":472,"play_id":"c1cef713-c519-41e3-b355-b0e0de19c047","local_time":"20181125010227","is_ascension_mode":false,"campfire_choices":[{"data":"Crippling Poison","floor":8,"key":"SMITH"},{"data":"A Thousand Cuts","floor":13,"key":"SMITH"},{"data":"Iron Wave","floor":15,"key":"SMITH"},{"floor":23,"key":"REST"},{"data":"Die Die Die","floor":25,"key":"SMITH"},{"floor":32,"key":"REST"},{"floor":40,"key":"REST"}],"neow_cost":"NONE","seed_source_timestamp":57693918685766,"circlet_count":0,"master_deck":["Defend_G","Defend_G","Defend_G","Defend_G","Defend_G","Strike_G","Strike_G","Strike_G+1","Survivor","Neutralize","Endless Agony","Deadly Poison","Iron Wave+1","Deflect","Quick Slash+1","Crippling Poison+1","A Thousand Cuts+1","Dash","Dagger Throw","Die Die Die","Backflip+1","Finisher","Dodge and Roll+1","Die Die Die+1","Finisher+1","Writhe","Caltrops","Crippling Poison+1","Sucker Punch+1","Glass Knife","Sucker Punch+1","Dagger Spray","Storm of Steel","Riddle With Holes","Poisoned Stab+1"],"relics":["Sozu","Strawberry","Whetstone","Dream Catcher","The Courier","Eternal Feather","Nilry\u0027s Codex","Dodecahedron","Juzu Bracelet","Sundial","MutagenicStrength","Pen Nib","Centennial Puzzle","Red Mask","Cursed Key"],"potions_floor_usage":[],"damage_taken":[{"damage":0,"enemies":"Small Slimes","floor":1,"turns":4},{"damage":0,"enemies":"Jaw Worm","floor":2,"turns":4},{"damage":0,"enemies":"Cultist","floor":5,"turns":4},{"damage":8,"enemies":"3 Louse","floor":6,"turns":4},{"damage":4,"enemies":"Lagavulin","floor":7,"turns":6},{"damage":11,"enemies":"Gremlin Nob","floor":10,"turns":4},{"damage":0,"enemies":"Large Slime","floor":11,"turns":4},{"damage":3,"enemies":"3 Sentries","floor":14,"turns":5},{"damage":20,"enemies":"The Guardian","floor":16,"turns":9},{"damage":4,"enemies":"3 Byrds","floor":18,"turns":5},{"damage":0,"enemies":"Chosen","floor":21,"turns":4},{"damage":21,"enemies":"Book of Stabbing","floor":24,"turns":5},{"damage":1,"enemies":"3 Cultists","floor":28,"turns":4},{"damage":14,"enemies":"Slavers","floor":30,"turns":4},{"damage":21,"enemies":"Masked Bandits","floor":31,"turns":4},{"damage":49,"enemies":"Champ","floor":33,"turns":11},{"damage":0,"enemies":"3 Shapes","floor":35,"turns":1},{"damage":2,"enemies":"Orb Walker","floor":36,"turns":4},{"damage":22,"enemies":"Transient","floor":38,"turns":5},{"damage":106,"enemies":"Nemesis","floor":41,"turns":7}],"seed_played":"-1987838319919191517","potions_obtained":[],"is_trial":false,"path_per_floor":["M","M","?","?","M","M","E","R","T","E","M","?","R","E","R","B",null,"M","?","?","M","T","R","E","R","T","?","M","?","E","?","R","B",null,"M","M","?","M","?","R","E"],"character_chosen":"THE_SILENT","items_purchased":[],"campfire_rested":3,"item_purchase_floors":[],"current_hp_per_floor":[70,70,70,70,70,62,65,65,65,54,54,73,73,70,70,50,77,73,73,57,57,57,77,56,71,71,71,70,70,56,35,73,24,77,77,75,75,53,53,77,0],"gold":864,"neow_bonus":"BOSS_RELIC","is_prod":false,"is_daily":false,"chose_seed":false,"campfire_upgraded":4,"win_rate":0.0,"timestamp":1543125747,"path_taken":["M","M","?","?","M","M","E","R","T","E","?","?","R","E","R","BOSS","M","?","?","M","?","R","E","R","T","?","M","?","E","?","R","BOSS","M","M","?","M","?","R","E"],"build_version":"2018-11-15","purchased_purges":0,"victory":false,"max_hp_per_floor":[70,70,70,70,70,70,77,77,77,77,77,77,77,77,77,77,77,77,77,77,77,77,77,77,77,77,77,77,77,77,77,77,77,77,77,77,77,77,77,77,77],"card_choices":[{"not_picked":["Sucker Punch","Poisoned Stab"],"picked":"Endless Agony","floor":1},{"not_picked":["PiercingWail","Cloak And Dagger"],"picked":"Deadly Poison","floor":2},{"not_picked":["Predator","Dagger Throw"],"picked":"Deflect","floor":5},{"not_picked":["Reflex","Flying Knee"],"picked":"Quick Slash","floor":6},{"not_picked":["Expertise","Dagger Spray"],"picked":"Crippling Poison","floor":7},{"not_picked":["Poisoned Stab","Blur"],"picked":"A Thousand Cuts","floor":10},{"not_picked":["Cloak And Dagger","Dagger Throw"],"picked":"Dash","floor":11},{"not_picked":["Skewer","Bane"],"picked":"Dagger Throw","floor":14},{"not_picked":["Burst","A Thousand Cuts"],"picked":"Die Die Die","floor":16},{"not_picked":["Tactician+1","Dagger Spray"],"picked":"Backflip+1","floor":18},{"not_picked":["Backflip","Acrobatics"],"picked":"Finisher","floor":21},{"not_picked":["Tactician+1","Noxious Fumes"],"picked":"Dodge and Roll+1","floor":23},{"not_picked":["Poisoned Stab","Terror"],"picked":"Die Die Die","floor":24},{"not_picked":["Poisoned Stab+1","Outmaneuver"],"picked":"Finisher+1","floor":28},{"not_picked":["Deflect","Terror"],"picked":"Caltrops","floor":30},{"not_picked":["Acrobatics","Distraction"],"picked":"Crippling Poison+1","floor":31},{"not_picked":["Flying Knee","Prepared"],"picked":"Sucker Punch+1","floor":32},{"not_picked":["Envenom","Storm of Steel"],"picked":"Glass Knife","floor":33},{"not_picked":["PiercingWail+1","Quick Slash"],"picked":"Sucker Punch+1","floor":35},{"not_picked":["Eviscerate","Expertise"],"picked":"Dagger Spray","floor":36},{"not_picked":["Blade Dance","Terror"],"picked":"Riddle With Holes","floor":38},{"not_picked":["PiercingWail","Quick Slash"],"picked":"Poisoned Stab+1","floor":40}],"player_experience":98212,"relics_obtained":[{"floor":7,"key":"Strawberry"},{"floor":9,"key":"Whetstone"},{"floor":10,"key":"Dream Catcher"},{"floor":14,"key":"The Courier"},{"floor":20,"key":"Nilry\u0027s Codex"},{"floor":22,"key":"Dodecahedron"},{"floor":24,"key":"Juzu Bracelet"},{"floor":26,"key":"Sundial"},{"floor":30,"key":"Centennial Puzzle"},{"floor":31,"key":"Red Mask"}],"event_choices":[{"damage_healed":0,"gold_gain":0,"player_choice":"Ignored","damage_taken":0,"max_hp_gain":0,"max_hp_loss":0,"event_name":"Golden Wing","floor":3,"gold_loss":0},{"cards_removed":["Strike_G"],"damage_healed":0,"gold_gain":0,"player_choice":"Took Card","damage_taken":0,"max_hp_gain":0,"max_hp_loss":0,"event_name":"NoteForYourself","floor":4,"gold_loss":0,"cards_obtained":["Iron Wave"]},{"damage_healed":19,"gold_gain":0,"player_choice":"Healed","damage_taken":0,"max_hp_gain":0,"max_hp_loss":0,"event_name":"The Cleric","floor":12,"gold_loss":35},{"damage_healed":0,"gold_gain":0,"player_choice":"Ignored","damage_taken":0,"max_hp_gain":0,"max_hp_loss":0,"event_name":"Ghosts","floor":19,"gold_loss":0},{"damage_healed":0,"gold_gain":0,"player_choice":"Obtained Book","damage_taken":16,"max_hp_gain":0,"max_hp_loss":0,"event_name":"Cursed Tome","floor":20,"gold_loss":0},{"damage_healed":0,"gold_gain":0,"player_choice":"Inject Mutagens","damage_taken":0,"relics_obtained":["MutagenicStrength"],"max_hp_gain":0,"max_hp_loss":0,"event_name":"Drug Dealer","floor":27,"gold_loss":0},{"damage_healed":0,"gold_gain":0,"player_choice":"Opened","damage_taken":0,"relics_obtained":["Pen Nib"],"max_hp_gain":0,"max_hp_loss":0,"event_name":"The Mausoleum","floor":29,"gold_loss":0,"cards_obtained":["Writhe"]},{"damage_healed":0,"gold_gain":0,"player_choice":"Fought Bandits","damage_taken":0,"max_hp_gain":0,"max_hp_loss":0,"event_name":"Masked Bandits","floor":31,"gold_loss":0},{"damage_healed":0,"gold_gain":0,"cards_transformed":["Strike_G"],"player_choice":"Transformed","damage_taken":0,"max_hp_gain":0,"max_hp_loss":0,"event_name":"Transmorgrifier","floor":37,"gold_loss":0,"cards_obtained":["Storm of Steel"]},{"damage_healed":0,"gold_gain":222,"player_choice":"Wore Mask","damage_taken":0,"max_hp_gain":0,"max_hp_loss":0,"event_name":"Tomb of Lord Red Mask","floor":39,"gold_loss":0}],"is_beta":false,"boss_relics":[{"not_picked":["Velvet Choker","Philosopher\u0027s Stone"],"picked":"Eternal Feather"},{"not_picked":["Orrery","Astrolabe"],"picked":"Cursed Key"}],"items_purged_floors":[],"is_endless":false,"potions_floor_spawned":[5,6,11,18,21,24,31,35,36],"killed_by":"Nemesis","ascension_level":0}