{"gold_per_floor":[111,111,58,81,104,104,104,104,104,125,141,157,170,88,88,207,207,190,214,234,234],"floor_reached":21,"playtime":1852,"items_purged":[],"score":228,"play_id":"35f2437f-9c4c-4b48-8176-00ac7754ed65","local_time":"20180907140103","is_ascension_mode":true,"campfire_choices":[{"data":"Zap","floor":6.0,"key":"SMITH"},{"data":"Hologram","floor":8.0,"key":"SMITH"},{"data":"Dualcast","floor":15.0,"key":"SMITH"}],"neow_cost":"NONE","seed_source_timestamp":0,"circlet_count":0,"master_deck":["Strike_B","Strike_B","Strike_B","Defend_B","Defend_B","Defend_B","Defend_B","Zap+1","Dualcast+1","Beam Cell","Conserve Battery","Coolheaded","Hologram+1","Coolheaded","Buffer","Leap","Compile Driver","Undo","Echo Form","Cold Snap","Go for the Eyes","Cold Snap"],"special_seed":0,"relics":["Cracked Core","Golden Idol","Pantograph","Lizard Tail"],"potions_floor_usage":[],"damage_taken":[{"damage":9.0,"enemies":"Jaw Worm","floor":1.0,"turns":4.0},{"damage":0.0,"enemies":"2 Louse","floor":4.0,"turns":3.0},{"damage":0.0,"enemies":"Small Slimes","floor":5.0,"turns":3.0},{"damage":2.0,"enemies":"Red Slaver","floor":10.0,"turns":4.0},{"damage":0.0,"enemies":"Blue Slaver","floor":11.0,"turns":4.0},{"damage":8.0,"enemies":"Exordium Thugs","floor":12.0,"turns":7.0},{"damage":7.0,"enemies":"Gremlin Gang","floor":13.0,"turns":6.0},{"damage":37.0,"enemies":"Hexaghost","floor":16.0,"turns":11.0},{"damage":10.0,"enemies":"2 Thieves","floor":18.0,"turns":4.0},{"damage":27,"enemies":"Chosen","floor":19,"turns":9},{"damage":18,"enemies":"Snecko","floor":20,"turns":8},{"damage":40,"enemies":"3 Cultists","floor":21,"turns":4}],"seed_played":"-5388744195580691277","potions_obtained":[{"floor":4.0,"key":"PowerPotion"},{"floor":5.0,"key":"FearPotion"},{"floor":10.0,"key":"Block Potion"},{"floor":13.0,"key":"PowerPotion"},{"floor":19,"key":"Block Potion"}],"is_trial":false,"path_per_floor":["M","?","$","M","M","R","?","R","T","M","M","M","M","$","R","B",null,"M","M","M"],"character_chosen":"DEFECT","items_purchased":["Coolheaded","Undo"],"campfire_rested":0,"item_purchase_floors":[3,14],"current_hp_per_floor":[59,59,59,59,59,59,59,59,59,57,57,49,42,42,42,30,59,49,22,4,0],"gold":234,"neow_bonus":"TRANSFORM_CARD","is_prod":false,"is_daily":false,"chose_seed":false,"campfire_upgraded":3,"win_rate":0,"timestamp":1536354063,"path_taken":["M","?","$","M","M","R","?","R","T","M","M","M","M","$","R","BOSS","M","M","M","M"],"build_version":"2018-09-06","purchased_purges":0,"victory":false,"max_hp_per_floor":[75,69,69,69,69,69,69,69,69,69,69,69,69,69,69,69,69,69,69,69,69],"card_choices":[{"not_picked":["Stack","Sweeping Beam"],"picked":"Conserve Battery","floor":1.0},{"not_picked":["Redo","Stack"],"picked":"Hologram","floor":4.0},{"not_picked":["Blizzard","Skim"],"picked":"Coolheaded","floor":5.0},{"not_picked":["Streamline","Steam"],"picked":"Buffer","floor":10.0},{"not_picked":["Rebound","Sweeping Beam","Turbo"],"picked":"SKIP","floor":11.0},{"not_picked":["Compile Driver","Fusion"],"picked":"Leap","floor":12.0},{"not_picked":["Gash","Heatsinks"],"picked":"Compile Driver","floor":13.0},{"not_picked":["Seek","Multi-Cast"],"picked":"Echo Form","floor":16.0},{"not_picked":["Conserve Battery","Skim"],"picked":"Cold Snap","floor":18.0},{"not_picked":["Genetic Algorithm","Rebound"],"picked":"Go for the Eyes","floor":19},{"not_picked":["Scrape","Redo"],"picked":"Cold Snap","floor":20}],"player_experience":1017190,"relics_obtained":[{"floor":9.0,"key":"Pantograph"}],"event_choices":[{"event_name":"Golden Idol","player_choice":"Lose Max HP","floor":2.0,"damage_taken":0.0},{"event_name":"The Woman in Blue","player_choice":"Bought 0 Potions","floor":7.0,"damage_taken":0.0}],"is_beta":false,"boss_relics":[{"not_picked":["Calling Bell","FrozenCore"],"picked":"Lizard Tail"}],"items_purged_floors":[],"is_endless":false,"potions_floor_spawned":[4,5,10,13,19],"killed_by":"3 Cultists","ascension_level":6}