{"gold_per_floor":[119,119,132,149,167,193,193,218,218,234,234,47,47,57,57,132,132,151,151,151,161,76,76],"floor_reached":23,"playtime":911,"items_purged":["Strike_B"],"score":372,"play_id":"c7f3398c-9a34-488f-bd73-6008420fffd2","local_time":"20181116144604","is_ascension_mode":true,"campfire_choices":[{"data":"Go for the Eyes","floor":7.0,"key":"SMITH"},{"data":"Beam Cell","floor":11.0,"key":"SMITH"},{"floor":13.0,"key":"REST"},{"data":"Loop","floor":15.0,"key":"SMITH"}],"neow_cost":"NONE","seed_source_timestamp":75149331288146,"circlet_count":0,"master_deck":["AscendersBane","Strike_B","Strike_B","Strike_B","Defend_B","Defend_B","Defend_B","Defend_B","Zap","Dualcast","Go for the Eyes+1","Ball Lightning","Genetic Algorithm","Streamline","Coolheaded","Beam Cell+1","Coolheaded","Loop+1","Coolheaded","Core Surge","Core Surge","Defragment","Hologram","Sweeping Beam","Steam","Beam Cell","Electrodynamics","Writhe"],"special_seed":0,"relics":["Cracked Core","Boot","Calipers","Pantograph","Orrery","Mercury Hourglass","Singing Bowl"],"potions_floor_usage":[23,23],"damage_taken":[{"damage":1.0,"enemies":"2 Louse","floor":1.0,"turns":3.0},{"damage":0.0,"enemies":"Cultist","floor":3.0,"turns":3.0},{"damage":4.0,"enemies":"Jaw Worm","floor":4.0,"turns":3.0},{"damage":6.0,"enemies":"Looter","floor":5.0,"turns":3.0},{"damage":30.0,"enemies":"3 Sentries","floor":6.0,"turns":7.0},{"damage":13.0,"enemies":"Gremlin Nob","floor":8.0,"turns":3.0},{"damage":15.0,"enemies":"Lots of Slimes","floor":10.0,"turns":4.0},{"damage":4.0,"enemies":"Exordium Wildlife","floor":14.0,"turns":2.0},{"damage":38,"enemies":"Slime Boss","floor":16,"turns":12},{"damage":22,"enemies":"Shell Parasite","floor":18,"turns":8},{"damage":20,"enemies":"2 Thieves","floor":21,"turns":3},{"damage":20,"enemies":"Slavers","floor":23,"turns":1}],"seed_played":"-4414142460311770685","potions_obtained":[{"floor":0.0,"key":"SteroidPotion"},{"floor":0.0,"key":"Regen Potion"},{"floor":16,"key":"Dexterity Potion"},{"floor":21,"key":"FocusPotion"}],"is_trial":false,"path_per_floor":["M","?","M","M","M","E","R","E","T","M","R","$","R","M","R","B",null,"M","?","?","M","?","E"],"character_chosen":"DEFECT","items_purchased":["Loop","Coolheaded"],"campfire_rested":1,"item_purchase_floors":[12,12],"current_hp_per_floor":[63,63,63,59,53,38,38,25,25,10,10,10,31,27,27,14,57,35,35,35,15,15,0],"gold":76,"neow_bonus":"THREE_SMALL_POTIONS","is_prod":false,"is_daily":false,"chose_seed":false,"campfire_upgraded":3,"win_rate":0,"timestamp":1542408364,"path_taken":["M","?","M","M","M","E","R","E","T","M","R","$","R","M","R","BOSS","M","?","?","M","?","E"],"build_version":"2018-11-15","purchased_purges":1,"victory":false,"max_hp_per_floor":[71,71,71,71,71,71,71,71,71,71,71,71,71,71,71,71,71,71,71,71,71,71,71],"card_choices":[{"not_picked":["Hologram","Redo"],"picked":"Go for the Eyes","floor":1.0},{"not_picked":["Steam","Ball Lightning"],"picked":"Genetic Algorithm","floor":3.0},{"not_picked":["Turbo","Redo"],"picked":"Streamline","floor":4.0},{"not_picked":["Conserve Battery","Machine Learning"],"picked":"Coolheaded","floor":5.0},{"not_picked":["Go for the Eyes","Stack"],"picked":"Beam Cell","floor":6.0},{"not_picked":["Conserve Battery","Leap"],"picked":"Coolheaded","floor":8.0},{"not_picked":["Melter","Stack","Turbo"],"picked":"SKIP","floor":10.0},{"not_picked":["Genetic Algorithm","Barrage"],"picked":"Core Surge","floor":14.0},{"not_picked":["Multi-Cast","Amplify"],"picked":"Core Surge","floor":16},{"not_picked":["Stack","Barrage"],"picked":"Defragment","floor":17},{"not_picked":["Conserve Battery","Streamline"],"picked":"Hologram","floor":17},{"not_picked":["Rip and Tear","Steam"],"picked":"Sweeping Beam","floor":17},{"not_picked":["Recycle","Hello World"],"picked":"Steam","floor":17},{"not_picked":["Double Energy","Barrage"],"picked":"Beam Cell","floor":17},{"not_picked":["Barrage","Rebound"],"picked":"Electrodynamics","floor":18},{"not_picked":["Redo","Skim","Go for the Eyes"],"picked":"SKIP","floor":21}],"player_experience":1324032,"relics_obtained":[{"floor":6.0,"key":"Boot"},{"floor":8.0,"key":"Calipers"},{"floor":9.0,"key":"Pantograph"}],"event_choices":[{"damage_healed":0.0,"max_hp_gain":0.0,"max_hp_loss":0.0,"gold_gain":0.0,"event_name":"Match and Keep!","player_choice":"1 cards matched","floor":2.0,"gold_loss":0.0,"damage_taken":0.0,"cards_obtained":["Ball Lightning"]},{"damage_healed":0,"gold_gain":0,"player_choice":"Opened","damage_taken":0,"relics_obtained":["Mercury Hourglass"],"max_hp_gain":0,"max_hp_loss":0,"event_name":"The Mausoleum","floor":19,"gold_loss":0,"cards_obtained":["Writhe"]},{"damage_healed":0,"gold_gain":0,"player_choice":"Ignored","damage_taken":0,"max_hp_gain":0,"max_hp_loss":0,"event_name":"Ghosts","floor":20,"gold_loss":0},{"damage_healed":0,"gold_gain":0,"player_choice":"Obtained Relic","damage_taken":0,"relics_obtained":["Singing Bowl"],"max_hp_gain":0,"max_hp_loss":0,"event_name":"Addict","floor":22,"gold_loss":85}],"is_beta":false,"boss_relics":[{"not_picked":["Velvet Choker","White Beast Statue"],"picked":"Orrery"}],"items_purged_floors":[12],"is_endless":false,"potions_floor_spawned":[1,5,16,21],"killed_by":"Slavers","ascension_level":17}