{"gold_per_floor":[109,109,109,109,119,150,150,164,164,199,247,216,226,226,226,331,331,346,296,316,74,85,85,85],"floor_reached":24,"playtime":2343,"items_purged":["Defend_G"],"score":299,"play_id":"49e2b923-53d1-46dd-aeb7-72bd985fc99d","local_time":"20190109230555","is_ascension_mode":true,"campfire_choices":[{"floor":7,"key":"REST"},{"floor":15,"key":"REST"},{"floor":23,"key":"REST"}],"neow_cost":"NONE","seed_source_timestamp":1700046328523917,"circlet_count":0,"master_deck":["Defend_G+1","Defend_G+1","Defend_G","Defend_G","Strike_G","Strike_G","Strike_G","Survivor","Neutralize","Wraith Form v2","Flechettes","Doppelganger","Tools of the Trade","Well Laid Plans","Leg Sweep","Backflip+1","Tactician","PiercingWail","Blur","A Thousand Cuts","Tactician","Backflip","Underhanded Strike","Blur+1"],"relics":["Ring of the Snake","Bottled Tornado","War Paint","Darkstone Periapt","Happy Flower","HoveringKite","Snake Skull"],"potions_floor_usage":[16,22,24],"damage_taken":[{"damage":0,"enemies":"Jaw Worm","floor":1,"turns":6},{"damage":4,"enemies":"Small Slimes","floor":5,"turns":4},{"damage":31,"enemies":"Lagavulin","floor":6,"turns":9},{"damage":0,"enemies":"Cultist","floor":8,"turns":4},{"damage":21,"enemies":"Gremlin Nob","floor":10,"turns":6},{"damage":3,"enemies":"Exordium Thugs","floor":12,"turns":5},{"damage":0,"enemies":"2 Fungi Beasts","floor":13,"turns":5},{"damage":5,"enemies":"The Guardian","floor":16,"turns":28},{"damage":13,"enemies":"Spheric Guardian","floor":18,"turns":14},{"damage":10,"enemies":"Shell Parasite","floor":20,"turns":17},{"damage":32,"enemies":"Chosen and Byrds","floor":22,"turns":11},{"damage":25,"enemies":"Slavers","floor":24,"turns":6}],"seed_played":"6210008493109598937","potions_obtained":[{"floor":6,"key":"Strength Potion"},{"floor":13,"key":"Block Potion"},{"floor":16,"key":"SkillPotion"},{"floor":22,"key":"Swift Potion"}],"is_trial":false,"path_per_floor":["M","?","?","?","M","E","R","M","T","E","T","M","M","?","R","B",null,"M","?","M","$","M","R","E"],"character_chosen":"THE_SILENT","items_purchased":["Underhanded Strike","Snake Skull"],"campfire_rested":3,"item_purchase_floors":[21,21],"current_hp_per_floor":[63,49,49,49,45,14,35,35,35,14,14,11,11,11,32,27,59,46,46,36,36,4,25,0],"gold":85,"neow_bonus":"ONE_RANDOM_RARE_CARD","is_prod":false,"is_daily":false,"chose_seed":false,"campfire_upgraded":0,"win_rate":0,"timestamp":1547096755,"path_taken":["M","?","?","?","?","E","R","M","T","E","?","?","M","?","R","BOSS","M","?","M","$","?","R","E"],"build_version":"2019-01-03v4","purchased_purges":1,"victory":false,"max_hp_per_floor":[70,70,70,70,70,70,70,70,70,70,70,70,70,70,70,70,70,70,70,70,70,70,70,70],"card_choices":[{"not_picked":["Blade Dance","Footwork"],"picked":"Flechettes","floor":1},{"not_picked":["Poisoned Stab","Blade Dance"],"picked":"Well Laid Plans","floor":5},{"not_picked":["Dodge and Roll","Catalyst"],"picked":"Leg Sweep","floor":6},{"not_picked":["Blade Dance","Sucker Punch"],"picked":"Backflip","floor":8},{"not_picked":["Skewer","Slice"],"picked":"Tactician","floor":10},{"not_picked":["Catalyst","Prepared"],"picked":"PiercingWail","floor":12},{"not_picked":["Reflex","Bullet Time"],"picked":"Blur","floor":13},{"not_picked":["Corpse Explosion","Venomology"],"picked":"A Thousand Cuts","floor":16},{"not_picked":["Finisher","Escape Plan"],"picked":"Tactician","floor":18},{"not_picked":["Deflect","Leg Sweep"],"picked":"Backflip","floor":20},{"not_picked":["Flechettes+1","Flying Knee+1"],"picked":"Blur+1","floor":22}],"player_experience":419656,"relics_obtained":[{"floor":6,"key":"Bottled Tornado"},{"floor":9,"key":"War Paint"},{"floor":10,"key":"Darkstone Periapt"},{"floor":11,"key":"Happy Flower"}],"event_choices":[{"damage_healed":0,"gold_gain":0,"player_choice":"Entered Light","damage_taken":14,"max_hp_gain":0,"max_hp_loss":0,"event_name":"Shining Light","floor":2,"gold_loss":0,"cards_upgraded":["Defend_G","Strike_G"]},{"damage_healed":0,"gold_gain":0,"cards_transformed":["Strike_G"],"player_choice":"Change","damage_taken":0,"max_hp_gain":0,"max_hp_loss":0,"event_name":"Living Wall","floor":3,"gold_loss":0,"cards_obtained":["Doppelganger"]},{"damage_healed":0,"gold_gain":0,"cards_transformed":["Strike_G"],"player_choice":"Transformed","damage_taken":0,"max_hp_gain":0,"max_hp_loss":0,"event_name":"Transmorgrifier","floor":4,"gold_loss":0,"cards_obtained":["Tools of the Trade"]},{"damage_healed":0,"gold_gain":0,"player_choice":"Bought 0 Potions","damage_taken":0,"max_hp_gain":0,"max_hp_loss":0,"event_name":"The Woman in Blue","floor":14,"gold_loss":0},{"damage_healed":0,"gold_gain":0,"player_choice":"Bet on Owner","damage_taken":0,"max_hp_gain":0,"max_hp_loss":0,"event_name":"The Joust","floor":19,"gold_loss":50}],"is_beta":false,"boss_relics":[{"not_picked":["Lizard Tail","Empty Cage"],"picked":"HoveringKite"}],"items_purged_floors":[21],"is_endless":false,"potions_floor_spawned":[6,13,16,22],"killed_by":"Slavers","ascension_level":9}