{"gold_per_floor":[111,129,139,139,155,155,174,174,174,186,212,212,245,245,245,334,334,359,274,170,184,129,129,129,129,129,142,192,192,217,138,138,138],"floor_reached":33,"playtime":3452,"items_purged":[],"score":459,"play_id":"cc1f5407-bd00-4258-9cc1-dfa02493b844","local_time":"20180928155551","is_ascension_mode":true,"campfire_choices":[{"data":"Neutralize","floor":6.0,"key":"SMITH"},{"data":"Envenom","floor":12.0,"key":"SMITH"},{"floor":15.0,"key":"REST"},{"data":"Cloak And Dagger","floor":23.0,"key":"SMITH"},{"data":"Cloak And Dagger","floor":25.0,"key":"SMITH"},{"data":"Deadly Poison","floor":29.0,"key":"SMITH"},{"data":"Noxious Fumes","floor":32.0,"key":"SMITH"}],"neow_cost":"TEN_PERCENT_HP_LOSS","seed_source_timestamp":1236612870667406,"circlet_count":0,"master_deck":["Defend_G","Defend_G","Defend_G","Defend_G","Defend_G","Strike_G","Strike_G","Strike_G","Strike_G","Strike_G","Survivor","Neutralize+1","AscendersBane","Backflip","Dodge and Roll","Leg Sweep","Dodge and Roll","Cloak And Dagger+1","Cloak And Dagger+1","Envenom+1","Die Die Die","Poisoned Stab","Well Laid Plans","Deadly Poison+1","Cloak And Dagger+1","Dagger Spray","Noxious Fumes+1"],"special_seed":0,"relics":["Ring of the Snake","Mango","Meat on the Bone","Bottled Lightning","Darkstone Periapt","Golden Idol","Cursed Key","Orichalcum","SsserpentHead"],"potions_floor_usage":[],"damage_taken":[{"damage":6.0,"enemies":"Cultist","floor":1.0,"turns":5.0},{"damage":0.0,"enemies":"Small Slimes","floor":2.0,"turns":3.0},{"damage":0.0,"enemies":"2 Louse","floor":3.0,"turns":3.0},{"damage":3.0,"enemies":"2 Fungi Beasts","floor":5.0,"turns":6.0},{"damage":8.0,"enemies":"Large Slime","floor":7.0,"turns":9.0},{"damage":3.0,"enemies":"3 Louse","floor":10.0,"turns":5.0},{"damage":28.0,"enemies":"Gremlin Nob","floor":11.0,"turns":5.0},{"damage":24.0,"enemies":"Lagavulin","floor":13.0,"turns":12.0},{"damage":24.0,"enemies":"The Guardian","floor":16.0,"turns":18.0},{"damage":39.0,"enemies":"Spheric Guardian","floor":18.0,"turns":15.0},{"damage":10.0,"enemies":"Shell Parasite","floor":21.0,"turns":11.0},{"damage":3.0,"enemies":"Centurion and Healer","floor":27.0,"turns":9.0},{"damage":8.0,"enemies":"Colosseum Slavers","floor":28.0,"turns":5.0},{"damage":7.0,"enemies":"3 Cultists","floor":30.0,"turns":8.0},{"damage":42,"enemies":"Automaton","floor":33,"turns":6}],"seed_played":"-1686489730560610131","potions_obtained":[{"floor":2.0,"key":"SkillPotion"},{"floor":5.0,"key":"AttackPotion"},{"floor":7.0,"key":"SneckoOil"},{"floor":10.0,"key":"Explosive Potion"},{"floor":30.0,"key":"Weak Potion"}],"is_trial":false,"path_per_floor":["M","M","M","$","M","R","M","?","T","M","E","R","E","?","R","B",null,"M","?","$","M","$","R","?","R","T","M","?","R","M","$","R"],"character_chosen":"THE_SILENT","items_purchased":["Well Laid Plans","Deadly Poison","Cloak And Dagger","Noxious Fumes"],"campfire_rested":1,"item_purchase_floors":[20,20,22,31],"current_hp_per_floor":[67,67,67,67,64,64,56,56,56,53,37,37,25,25,45,33,59,32,32,32,34,34,34,34,34,34,43,35,35,40,40,40,0],"gold":138,"neow_bonus":"ONE_RARE_RELIC","is_prod":false,"is_daily":false,"chose_seed":false,"campfire_upgraded":6,"win_rate":0,"timestamp":1538175351,"path_taken":["M","M","M","$","M","R","M","?","T","M","E","R","E","?","R","BOSS","M","?","?","?","$","R","?","R","T","M","?","R","M","$","R","BOSS"],"build_version":"2018-09-27","purchased_purges":0,"victory":false,"max_hp_per_floor":[74,74,74,74,74,74,74,74,74,74,74,74,74,67,67,67,67,67,67,67,67,67,67,67,67,67,67,67,67,67,67,67,67],"card_choices":[{"not_picked":["Acrobatics","Underhanded Strike"],"picked":"Backflip","floor":1.0},{"not_picked":["Slice","Underhanded Strike"],"picked":"Dodge and Roll","floor":2.0},{"not_picked":["Backflip","Dodge and Roll"],"picked":"Leg Sweep","floor":3.0},{"not_picked":["Flying Knee","Eviscerate"],"picked":"Dodge and Roll","floor":5.0},{"not_picked":["Leg Sweep","Dagger Spray"],"picked":"Cloak And Dagger","floor":7.0},{"not_picked":["Flechettes","Acrobatics"],"picked":"Cloak And Dagger","floor":10.0},{"not_picked":["Envenom","Backflip","Bane"],"picked":"SKIP","floor":11.0},{"not_picked":["Backflip","Bane"],"picked":"Envenom","floor":11.0},{"not_picked":["Backflip","Prepared","Sucker Punch"],"picked":"SKIP","floor":13.0},{"not_picked":["Wraith Form v2","Grand Finale"],"picked":"Die Die Die","floor":16.0},{"not_picked":["Dagger Spray","Backstab"],"picked":"Poisoned Stab","floor":18.0},{"not_picked":["Concentrate","Slice","Quick Slash"],"picked":"SKIP","floor":21.0},{"not_picked":["Dodge and Roll","Sucker Punch+1"],"picked":"Dagger Spray","floor":27.0},{"not_picked":["Outmaneuver","Dagger Throw+1","Flying Knee+1"],"picked":"SKIP","floor":30.0}],"player_experience":1115971,"relics_obtained":[{"floor":9.0,"key":"Meat on the Bone"},{"floor":11.0,"key":"Bottled Lightning"},{"floor":13.0,"key":"Darkstone Periapt"}],"event_choices":[{"event_name":"Upgrade Shrine","player_choice":"Upgraded","floor":8.0,"damage_taken":0.0},{"event_name":"Golden Idol","player_choice":"Lose Max HP","floor":14.0,"damage_taken":0.0},{"event_name":"Addict","player_choice":"Obtained Relic","floor":19.0,"damage_taken":0.0},{"event_name":"FaceTrader","player_choice":"Trade","floor":24.0,"damage_taken":0.0},{"event_name":"Colosseum","player_choice":"Fight","floor":28.0,"damage_taken":0.0},{"event_name":"Colosseum","player_choice":"Fled From Nobs","floor":28.0,"damage_taken":0.0}],"is_beta":false,"boss_relics":[{"not_picked":["Eternal Feather","Ectoplasm"],"picked":"Cursed Key"}],"items_purged_floors":[],"is_endless":false,"potions_floor_spawned":[2,5,7,10,28,30],"killed_by":"Automaton","ascension_level":16}