{"path_per_floor":["M","M","M","?","$","E","$","R","T","M","R","M","R","?","R","B",null,"M","?","M","$","M","R"],"character_chosen":"IRONCLAD","items_purchased":["Warcry","Uppercut","Ancient Potion","Ancient Potion","Headbutt","Rampage"],"gold_per_floor":[117,136,156,231,5,33,33,33,59,72,72,90,90,90,90,187,187,203,118,138,32,52,52],"floor_reached":24,"campfire_rested":1,"playtime":1921,"current_hp_per_floor":[75,79,66,55,55,30,30,30,30,36,60,57,57,57,57,13,80,52,52,53,53,39,39],"items_purged":[],"gold":52,"play_id":"52406a1b-ed23-4774-96fe-10fb138a2c8e","is_prod":false,"is_daily":false,"is_ascension_mode":false,"campfire_upgraded":4,"path_taken":["M","M","M","?","$","E","$","R","T","?","R","M","R","?","R","BOSS","M","?","M","$","M","R","E"],"build_version":"2018-02-01-PROD3","purchased_purges":0,"victory":false,"master_deck":["Strike_R","Strike_R","Strike_R","Strike_R","Strike_R","Defend_R","Defend_R","Defend_R","Defend_R","Bash+1","Warcry","Flex+1","Headbutt","Warcry","Uppercut+1","Bludgeon","Clash","Thunderclap+1","Injury","Offering","Seeing Red","Dropkick","Headbutt","Rampage","Pommel Strike+1"],"max_hp_per_floor":[80,80,80,80,80,80,80,80,80,80,80,80,80,80,80,80,80,80,80,80,80,80,80],"relics":["Burning Blood","Blood Vial","Bag of Preparation","Black Star","Pen Nib"],"card_choices":[{"not_picked":["Disarm","Body Slam"],"picked":"Warcry"},{"not_picked":["Second Wind","Searing Blow"],"picked":"Flex"},{"not_picked":["Warcry","Hemokinesis"],"picked":"Headbutt"},{"not_picked":["Shockwave","Uppercut"],"picked":"Bludgeon"},{"not_picked":["Sword Boomerang","Clothesline"],"picked":"Clash"},{"not_picked":["Flex","Sword Boomerang"],"picked":"Thunderclap"},{"not_picked":["Bludgeon","Juggernaut"],"picked":"Offering"},{"not_picked":["Pummel","Rupture"],"picked":"Seeing Red"},{"not_picked":["Pommel Strike","Thunderclap"],"picked":"Dropkick"},{"not_picked":["Armaments","Sever Soul"],"picked":"Pommel Strike"}],"player_experience":0,"potions_floor_usage":[22,24,24],"damage_taken":[{"damage":11,"enemies":"Jaw Worm","floor":1,"turns":3},{"damage":2,"enemies":"Small Slimes","floor":2,"turns":4},{"damage":19,"enemies":"Blue Slaver","floor":3,"turns":3},{"damage":31,"enemies":"Gremlin Nob","floor":6,"turns":5},{"damage":2,"enemies":"3 Louse","floor":10,"turns":2},{"damage":11,"enemies":"Lots of Slimes","floor":12,"turns":4},{"damage":52,"enemies":"The Guardian","floor":16,"turns":7},{"damage":34,"enemies":"3 Byrds","floor":18,"turns":6},{"damage":7,"enemies":"Shell Parasite","floor":20,"turns":2},{"damage":22,"enemies":"Centurion and Healer","floor":22,"turns":4},{"damage":43,"enemies":"Slavers","floor":24,"turns":4}],"event_choices":[{"event_name":"World of Goop","player_choice":"Gather Gold","floor":4,"damage_taken":0},{"event_name":"Accursed Blacksmith","player_choice":"Forge","floor":14,"damage_taken":0},{"event_name":"Addict","player_choice":"Obtained Relic","floor":19,"damage_taken":0}],"boss_relics":[{"not_picked":["Philosopher\u0027s Stone","Question Card"],"picked":"Black Star"}],"potions_floor_spawned":[1,10,12,20],"seed_played":"-4138876960280623295","killed_by":"Slavers","ascension_level":0,"is_trial":false}