{"gold_per_floor":[112,112,130,144,144,144,172,172,172,190,190,190,203,203,203,331,331,286,286,213,213],"floor_reached":21,"playtime":1458,"items_purged":[],"score":237,"play_id":"7bdf4a4b-8d34-4275-8017-f12a15ca1506","local_time":"20181229132459","is_ascension_mode":true,"campfire_choices":[{"data":"After Image","floor":6,"key":"SMITH"},{"data":"Sucker Punch","floor":8,"key":"SMITH"},{"data":"Caltrops","floor":12,"key":"SMITH"},{"data":"Dodge and Roll","floor":15,"key":"SMITH"}],"neow_cost":"NONE","seed_source_timestamp":926047210355457,"circlet_count":0,"master_deck":["Defend_G","Defend_G+1","Defend_G","Defend_G","Defend_G","Survivor","Neutralize+1","Sucker Punch+1","After Image+1","Flying Knee","Dagger Spray","Slice","Caltrops+1","Dodge and Roll+1","Storm of Steel","Accuracy","Bite","Bite","Bite","Bite","Bite"],"relics":["Ring of the Snake","NeowsBlessing","Shuriken","Gremlin Horn","Golden Idol","Ectoplasm"],"potions_floor_usage":[7,13,21,21],"damage_taken":[{"damage":0,"enemies":"Small Slimes","floor":1,"turns":1},{"damage":0,"enemies":"2 Louse","floor":3,"turns":1},{"damage":0,"enemies":"Cultist","floor":4,"turns":1},{"damage":19,"enemies":"Lagavulin","floor":7,"turns":10},{"damage":0,"enemies":"Gremlin Gang","floor":10,"turns":5},{"damage":12,"enemies":"Exordium Thugs","floor":13,"turns":4},{"damage":18,"enemies":"The Guardian","floor":16,"turns":13},{"damage":13,"enemies":"2 Thieves","floor":18,"turns":4},{"damage":10,"enemies":"Colosseum Slavers","floor":21,"turns":4},{"damage":55,"enemies":"Colosseum Nobs","floor":21,"turns":4}],"seed_played":"4028058167440800992","potions_obtained":[{"floor":1,"key":"Ancient Potion"},{"floor":10,"key":"AttackPotion"},{"floor":16,"key":"Ancient Potion"}],"is_trial":false,"path_per_floor":["M","?","M","M","?","R","E","R","T","M","?","R","M","?","R","B",null,"M","?","$","?"],"character_chosen":"THE_SILENT","items_purchased":["GhostInAJar"],"campfire_rested":0,"item_purchase_floors":[20],"current_hp_per_floor":[70,70,70,70,56,56,37,37,37,37,37,37,25,25,25,7,65,52,45,45,0],"gold":213,"neow_bonus":"THREE_ENEMY_KILL","is_prod":false,"is_daily":false,"chose_seed":false,"campfire_upgraded":4,"win_rate":0,"timestamp":1546107899,"path_taken":["M","?","M","M","?","R","E","R","T","M","?","R","M","?","R","BOSS","M","?","$","?"],"build_version":"2018-12-20","purchased_purges":0,"victory":false,"max_hp_per_floor":[70,70,70,70,70,70,70,70,70,70,70,70,70,65,65,65,65,65,45,45,45],"card_choices":[{"not_picked":["Infinite Blades","Finisher"],"picked":"Sucker Punch","floor":1},{"not_picked":["Slice","Poisoned Stab"],"picked":"Flying Knee","floor":3},{"not_picked":["Flying Knee","Finisher"],"picked":"Dagger Spray","floor":4},{"not_picked":["Terror","Dodge and Roll"],"picked":"Slice","floor":7},{"not_picked":["Outmaneuver","Distraction"],"picked":"Caltrops","floor":10},{"not_picked":["Blade Dance","Slice"],"picked":"Dodge and Roll","floor":13},{"not_picked":["Malaise","Doppelganger"],"picked":"Storm of Steel","floor":16},{"not_picked":["Backflip","Acrobatics"],"picked":"Accuracy","floor":18}],"player_experience":274883,"relics_obtained":[{"floor":7,"key":"Shuriken"},{"floor":9,"key":"Gremlin Horn"}],"event_choices":[{"damage_healed":0,"gold_gain":0,"cards_transformed":["Strike_G"],"player_choice":"Change","damage_taken":0,"max_hp_gain":0,"max_hp_loss":0,"event_name":"Living Wall","floor":2,"gold_loss":0,"cards_obtained":["After Image"]},{"damage_healed":0,"gold_gain":0,"player_choice":"Entered Light","damage_taken":14,"max_hp_gain":0,"max_hp_loss":0,"event_name":"Shining Light","floor":5,"gold_loss":0,"cards_upgraded":["Defend_G","Neutralize"]},{"damage_healed":0,"gold_gain":0,"player_choice":"Ignored","damage_taken":0,"max_hp_gain":0,"max_hp_loss":0,"event_name":"Liars Game","floor":11,"gold_loss":0},{"damage_healed":0,"gold_gain":0,"player_choice":"Lose Max HP","damage_taken":0,"relics_obtained":["Golden Idol"],"max_hp_gain":0,"max_hp_loss":5,"event_name":"Golden Idol","floor":14,"gold_loss":0},{"damage_healed":0,"gold_gain":0,"player_choice":"Became a vampire","damage_taken":0,"max_hp_gain":0,"max_hp_loss":20,"event_name":"Vampires","floor":19,"gold_loss":0,"cards_obtained":["Bite","Bite","Bite","Bite","Bite"]},{"damage_healed":0,"gold_gain":0,"player_choice":"Fight","damage_taken":0,"max_hp_gain":0,"max_hp_loss":0,"event_name":"Colosseum","floor":21,"gold_loss":0},{"damage_healed":0,"gold_gain":0,"player_choice":"Fought Nobs","damage_taken":0,"max_hp_gain":0,"max_hp_loss":0,"event_name":"Colosseum","floor":21,"gold_loss":0}],"is_beta":false,"boss_relics":[{"not_picked":["Ring of the Serpent","Astrolabe"],"picked":"Ectoplasm"}],"items_purged_floors":[],"is_endless":false,"potions_floor_spawned":[1,10,16],"killed_by":"Colosseum Nobs","ascension_level":4}