{"gold_per_floor":[117,87,97,110,126,126,126,140,140,152,152,169,169,181,181,255,255,265,280,51,51,51,71,71,85,85,85,85,102,119,119],"floor_reached":31,"playtime":1804,"items_purged":["Strike_R"],"score":384,"play_id":"dfd7c502-bb1b-482f-9e89-7f76b2c4a088","local_time":"20181004094813","is_ascension_mode":true,"campfire_choices":[{"floor":6.0,"key":"REST"},{"floor":11.0,"key":"REST"},{"data":"Feel No Pain","floor":13.0,"key":"SMITH"},{"data":"Rampage","floor":15.0,"key":"SMITH"},{"floor":24,"key":"REST"},{"floor":27,"key":"REST"}],"neow_cost":"NONE","seed_source_timestamp":0,"circlet_count":0,"master_deck":["Strike_R","Strike_R","Strike_R","Strike_R","Defend_R","Defend_R","Defend_R","Defend_R","Bash+1","AscendersBane","Dropkick","Flame Barrier","Pommel Strike","Havoc+1","Feel No Pain+1","Rampage+1","Offering+1","Shrug It Off+1","Finesse+1","True Grit+1","Iron Wave","Armaments+1"],"special_seed":0,"relics":["Burning Blood","Toxic Egg 2","Busted Crown","NlothsMask"],"potions_floor_usage":[16,31],"damage_taken":[{"damage":7.0,"enemies":"Jaw Worm","floor":1.0,"turns":3.0},{"damage":10.0,"enemies":"Cultist","floor":3.0,"turns":5.0},{"damage":14.0,"enemies":"Small Slimes","floor":4.0,"turns":4.0},{"damage":55.0,"enemies":"Gremlin Gang","floor":5.0,"turns":7.0},{"damage":6.0,"enemies":"2 Fungi Beasts","floor":8.0,"turns":5.0},{"damage":10.0,"enemies":"Red Slaver","floor":10.0,"turns":4.0},{"damage":3.0,"enemies":"Blue Slaver","floor":12.0,"turns":3.0},{"damage":1.0,"enemies":"Exordium Wildlife","floor":14.0,"turns":5.0},{"damage":65,"enemies":"The Guardian","floor":16,"turns":13},{"damage":22,"enemies":"2 Thieves","floor":18,"turns":4},{"damage":21,"enemies":"3 Byrds","floor":19,"turns":5},{"damage":20,"enemies":"Centurion and Healer","floor":23,"turns":5},{"damage":28,"enemies":"Snecko","floor":25,"turns":7},{"damage":35,"enemies":"Snake Plant","floor":29,"turns":5},{"damage":16,"enemies":"Centurion and Healer","floor":30,"turns":8},{"damage":17,"enemies":"Snecko","floor":31,"turns":3}],"seed_played":"714547679384303818","potions_obtained":[{"floor":2.0,"key":"Fruit Juice"},{"floor":2.0,"key":"SkillPotion"},{"floor":3.0,"key":"Dexterity Potion"},{"floor":23,"key":"SpeedPotion"},{"floor":25,"key":"SteroidPotion"}],"is_trial":false,"path_per_floor":["M","?","M","M","M","R","?","M","T","M","R","M","R","M","R","B",null,"M","M","$","?","?","M","R","M","T","R","?","M","M"],"character_chosen":"IRONCLAD","items_purchased":["Shrug It Off+1","Finesse+1"],"campfire_rested":4,"item_purchase_floors":[20,20],"current_hp_per_floor":[71,76,72,64,15,40,40,40,40,36,61,64,64,69,69,10,66,50,35,35,35,35,21,46,24,24,49,49,20,10,0],"gold":119,"neow_bonus":"UPGRADE_CARD","is_prod":false,"is_daily":false,"chose_seed":false,"campfire_upgraded":2,"win_rate":0,"timestamp":1538671693,"path_taken":["M","?","M","M","M","R","?","?","T","M","R","M","R","M","R","BOSS","M","M","$","?","?","M","R","?","T","R","?","M","M","M"],"build_version":"2018-09-27","purchased_purges":1,"victory":false,"max_hp_per_floor":[80,85,85,85,85,85,85,85,85,85,85,85,85,85,85,85,85,85,85,85,85,85,85,85,85,85,85,85,85,85,85],"card_choices":[{"not_picked":["Flex","Thunderclap","Rupture"],"picked":"SKIP","floor":1.0},{"not_picked":["Blood for Blood","Perfected Strike"],"picked":"Dropkick","floor":3.0},{"not_picked":["Anger","Bloodletting","Fire Breathing"],"picked":"SKIP","floor":4.0},{"not_picked":["Body Slam","Clothesline"],"picked":"Flame Barrier","floor":5.0},{"not_picked":["Berserk","Reckless Charge"],"picked":"Pommel Strike","floor":8.0},{"not_picked":["Anger","Sword Boomerang"],"picked":"Havoc+1","floor":10.0},{"not_picked":["Flex+1","Body Slam"],"picked":"Feel No Pain","floor":12.0},{"not_picked":["Havoc+1","Hemokinesis"],"picked":"Rampage","floor":14.0},{"not_picked":["Reaper","Bludgeon"],"picked":"Offering+1","floor":16},{"not_picked":["Searing Blow"],"picked":"SKIP","floor":18},{"not_picked":["Corruption"],"picked":"SKIP","floor":19},{"not_picked":["Havoc+1"],"picked":"SKIP","floor":23},{"not_picked":[],"picked":"Iron Wave","floor":25},{"not_picked":["Wild Strike"],"picked":"SKIP","floor":29},{"not_picked":[],"picked":"Armaments+1","floor":30}],"player_experience":1124589,"relics_obtained":[{"floor":9.0,"key":"Toxic Egg 2"}],"event_choices":[{"event_name":"The Woman in Blue","player_choice":"Bought 2 Potions","floor":2.0,"damage_taken":0.0},{"event_name":"Liars Game","player_choice":"disagreed","floor":7.0,"damage_taken":0.0},{"event_name":"FaceTrader","player_choice":"Trade","floor":21,"damage_taken":0},{"event_name":"The Library","player_choice":"Read","floor":22,"damage_taken":0},{"event_name":"N\u0027loth","player_choice":"Ignored","floor":28,"damage_taken":0}],"is_beta":false,"boss_relics":[{"not_picked":["Calling Bell","Tiny House"],"picked":"Busted Crown"}],"items_purged_floors":[20],"is_endless":false,"potions_floor_spawned":[3,5,10,12,23,25,29,30],"killed_by":"Snecko","ascension_level":13}