{"gold_per_floor":[115,130,145,98,98,132,144,175,187,199,211,223,253,265,277,392,404,434,406,401,413],"floor_reached":21,"playtime":1260,"items_purged":[],"score":269,"play_id":"3795754b-1349-4f2f-bf2a-8b420a4bcb8c","local_time":"20190116193816","is_ascension_mode":true,"campfire_choices":[{"floor":7,"key":"REST"},{"floor":10,"key":"REST"},{"data":"Leap","floor":12,"key":"SMITH"},{"data":"Zap","floor":15,"key":"SMITH"}],"neow_cost":"PERCENT_DAMAGE","seed_source_timestamp":161895009146220,"circlet_count":0,"master_deck":["AscendersBane","Strike_B","Strike_B","Strike_B","Strike_B","Defend_B+1","Defend_B","Defend_B","Defend_B","Zap+1","Dualcast","Creative AI+1","Conserve Battery","Gash","Leap+1","Gash+1","Steam","Seek","Go for the Eyes"],"relics":["Cracked Core","MawBank","PreservedInsect","Fusion Hammer"],"potions_floor_usage":[8,16,16,21],"damage_taken":[{"damage":3,"enemies":"Small Slimes","floor":1,"turns":3},{"damage":1,"enemies":"Cultist","floor":2,"turns":3},{"damage":0,"enemies":"2 Louse","floor":3,"turns":3},{"damage":8,"enemies":"Lagavulin","floor":6,"turns":9},{"damage":27,"enemies":"Lots of Slimes","floor":8,"turns":6},{"damage":4,"enemies":"Blue Slaver","floor":13,"turns":4},{"damage":24,"enemies":"Slime Boss","floor":16,"turns":6},{"damage":20,"enemies":"3 Byrds","floor":18,"turns":6},{"damage":19,"enemies":"2 Thieves","floor":20,"turns":4},{"damage":28,"enemies":"Cultist and Chosen","floor":21,"turns":4}],"seed_played":"-1784281384363209854","potions_obtained":[{"floor":2,"key":"FearPotion"},{"floor":3,"key":"Energy Potion"},{"floor":8,"key":"Swift Potion"},{"floor":13,"key":"Block Potion"},{"floor":20,"key":"EssenceOfSteel"}],"is_trial":false,"path_per_floor":["M","M","M","?","?","E","R","M","T","R","$","R","M","?","R","B",null,"M","?","M","M"],"character_chosen":"DEFECT","items_purchased":[],"campfire_rested":2,"item_purchase_floors":[],"current_hp_per_floor":[47,46,46,46,46,38,60,33,33,55,55,55,51,51,51,27,63,43,43,24,0],"gold":413,"neow_bonus":"THREE_RARE_CARDS","is_prod":false,"is_daily":false,"chose_seed":false,"campfire_upgraded":2,"win_rate":0,"timestamp":1547685496,"path_taken":["M","M","M","?","?","E","R","M","T","R","$","R","?","?","R","BOSS","M","?","?","M"],"build_version":"2019-01-10","purchased_purges":0,"victory":false,"max_hp_per_floor":[75,75,75,75,75,75,75,75,75,75,75,75,75,75,75,75,75,75,75,75,75],"card_choices":[{"not_picked":["Seek","Meteor Strike"],"picked":"Creative AI","floor":0},{"not_picked":["Lockon","Loop"],"picked":"Conserve Battery","floor":1},{"not_picked":["Barrage","Reinforced Body","Recycle"],"picked":"SKIP","floor":2},{"not_picked":["Sweeping Beam","Scrape"],"picked":"Gash","floor":3},{"not_picked":["Fusion","Lockon"],"picked":"Leap","floor":6},{"not_picked":["Darkness","Ball Lightning"],"picked":"Gash","floor":8},{"not_picked":["FTL","Barrage"],"picked":"Steam","floor":13},{"not_picked":["Rainbow","Biased Cognition"],"picked":"Seek","floor":16},{"not_picked":["Streamline","Defragment"],"picked":"Go for the Eyes","floor":18},{"not_picked":["Darkness","Conserve Battery","Compile Driver"],"picked":"SKIP","floor":20}],"player_experience":509190,"relics_obtained":[{"floor":6,"key":"MawBank"},{"floor":9,"key":"PreservedInsect"}],"event_choices":[{"damage_healed":0,"gold_gain":0,"player_choice":"Left Gold","damage_taken":0,"max_hp_gain":0,"max_hp_loss":0,"event_name":"World of Goop","floor":4,"gold_loss":47},{"damage_healed":0,"gold_gain":0,"player_choice":"Upgraded","damage_taken":0,"max_hp_gain":0,"max_hp_loss":0,"event_name":"Upgrade Shrine","floor":5,"gold_loss":0,"cards_upgraded":["Creative AI"]},{"damage_healed":0,"gold_gain":0,"player_choice":"Ignored","damage_taken":0,"max_hp_gain":0,"max_hp_loss":0,"event_name":"Liars Game","floor":14,"gold_loss":0},{"damage_healed":0,"gold_gain":0,"player_choice":"Upgraded Two","damage_taken":0,"max_hp_gain":0,"max_hp_loss":0,"event_name":"Designer","floor":19,"gold_loss":40,"cards_upgraded":["Defend_B","Gash"]}],"is_beta":false,"boss_relics":[{"not_picked":["Lizard Tail","Tiny House"],"picked":"Fusion Hammer"}],"items_purged_floors":[],"is_endless":false,"potions_floor_spawned":[2,3,8,13,20],"killed_by":"Cultist and Chosen","ascension_level":10}