{"path_per_floor":["M","?","M","M","M","E","R","M","T","E","$","?","R","M","R","B",null,"M","?","$","M","$","R","E","M","T","M","M","?","R","M","R","B",null,"M","M","M","M","?","R","M","R","T","M","M","R","M","E","R"],"character_chosen":"THE_SILENT","items_purchased":["Crippling Poison","Bane","Whetstone"],"gold_per_floor":[113,113,126,145,157,191,191,201,201,227,28,28,28,44,44,146,146,157,157,4,19,19,19,49,59,59,69,84,0,0,13,13,116,116,130,147,165,176,0,0,14,14,14,28,42,42,55,90,90,90],"floor_reached":50,"campfire_rested":6,"playtime":3027,"item_purchase_floors":[11,11,20],"current_hp_per_floor":[70,75,75,73,69,35,57,41,41,32,32,32,54,50,72,58,75,73,73,73,71,71,71,71,71,71,71,58,58,58,43,65,30,75,70,70,64,43,43,55,48,60,60,55,35,69,68,48,75,0],"items_purged":["Strike_G"],"gold":90,"score":612,"play_id":"ca4a5b1d-a3b4-4ebe-8d45-d0a30df63c07","local_time":"20180521222645","is_prod":false,"is_daily":false,"chose_seed":false,"is_ascension_mode":true,"campfire_upgraded":4,"timestamp":1526934405,"campfire_choices":[{"floor":7,"key":"REST"},{"floor":13,"key":"REST"},{"floor":15,"key":"REST"},{"data":"Cloak And Dagger","floor":23,"key":"SMITH"},{"data":"Infinite Blades","floor":30,"key":"SMITH"},{"floor":32,"key":"REST"},{"data":"Cloak And Dagger","floor":40,"key":"SMITH"},{"data":"Envenom","floor":42,"key":"SMITH"},{"floor":46,"key":"REST"},{"floor":49,"key":"REST"}],"path_taken":["M","?","?","M","M","E","R","M","T","E","$","?","R","M","R","BOSS","M","?","$","M","?","R","E","M","T","M","M","?","R","M","R","BOSS","M","M","?","M","?","R","M","R","T","M","M","R","M","E","R","BOSS"],"build_version":"2018-05-18","seed_source_timestamp":49001711143101,"purchased_purges":1,"victory":false,"master_deck":["Defend_G","Defend_G","Defend_G","Defend_G","Strike_G","Strike_G","Strike_G","Strike_G","Survivor","Neutralize","Deflect","Cloak And Dagger","Accuracy+1","Poisoned Stab","Envenom+1","Cloak And Dagger+1","Poisoned Stab+1","Crippling Poison","Bane+1","Infinite Blades+1","Tools of the Trade","Cloak And Dagger","Cloak And Dagger+1","Leg Sweep","Dash","Cloak And Dagger+1","Noxious Fumes","Prepared","Escape Plan+1","Noxious Fumes","Distraction+1","Infinite Blades+1","Deflect+1","Bane","A Thousand Cuts"],"max_hp_per_floor":[70,75,75,75,75,75,75,75,75,75,75,75,75,75,75,75,75,75,75,75,75,75,75,75,75,75,75,75,75,75,75,75,75,75,75,75,75,75,75,75,75,75,75,75,75,75,75,75,75,75],"relics":["Ring of the Snake","The Specimen","Ninja Scroll","Mummified Hand","Sozu","Whetstone","Bottled Flame","Lantern","Eternal Feather","Red Mask","Dodecahedron","Ornamental Fan"],"card_choices":[{"not_picked":["Dagger Spray","Prepared"],"picked":"Cloak And Dagger","floor":1},{"not_picked":["Backflip","Cloak And Dagger"],"picked":"Accuracy","floor":3},{"not_picked":["Dagger Throw","PiercingWail"],"picked":"Poisoned Stab","floor":4},{"not_picked":["Underhanded Strike","Choke","Acrobatics"],"picked":"SKIP","floor":5},{"not_picked":["Acrobatics","Caltrops"],"picked":"Envenom","floor":6},{"not_picked":["Sucker Punch","Endless Agony"],"picked":"Cloak And Dagger","floor":8},{"not_picked":["Slice","Underhanded Strike"],"picked":"Poisoned Stab","floor":10},{"not_picked":["Outmaneuver","Glass Knife"],"picked":"Infinite Blades","floor":14},{"not_picked":["Corpse Explosion","Die Die Die"],"picked":"Tools of the Trade","floor":16},{"not_picked":["Backflip","Underhanded Strike"],"picked":"Cloak And Dagger","floor":18},{"not_picked":["Dagger Throw","Masterful Stab+1"],"picked":"Cloak And Dagger","floor":21},{"not_picked":["Distraction","Eviscerate"],"picked":"Leg Sweep","floor":24},{"not_picked":["Dagger Throw","Deadly Poison"],"picked":"Dash","floor":25},{"not_picked":["Flying Knee","Crippling Poison"],"picked":"Cloak And Dagger+1","floor":27},{"not_picked":["Dagger Throw","Crippling Poison","Acrobatics"],"picked":"SKIP","floor":28},{"not_picked":["Outmaneuver","Phantasmal Killer"],"picked":"Noxious Fumes","floor":31},{"not_picked":["Dagger Spray","PiercingWail+1"],"picked":"Prepared","floor":35},{"not_picked":["Dodge and Roll+1","Eviscerate+1"],"picked":"Escape Plan+1","floor":36},{"not_picked":["Dodge and Roll+1","Choke"],"picked":"Noxious Fumes","floor":37},{"not_picked":["Malaise","Crippling Poison"],"picked":"Distraction+1","floor":38},{"not_picked":["Leg Sweep","Deadly Poison","Riddle With Holes+1"],"picked":"SKIP","floor":41},{"not_picked":["Riddle With Holes+1","Finisher+1"],"picked":"Infinite Blades+1","floor":44},{"not_picked":["Sucker Punch","Outmaneuver"],"picked":"Deflect+1","floor":45},{"not_picked":["Prepared","Outmaneuver"],"picked":"Bane","floor":47},{"not_picked":["Acrobatics+1","Predator+1"],"picked":"A Thousand Cuts","floor":48}],"player_experience":135480,"potions_floor_usage":[16,24,25,31],"damage_taken":[{"damage":0,"enemies":"2 Louse","floor":1,"turns":2},{"damage":0,"enemies":"Small Slimes","floor":3,"turns":3},{"damage":2,"enemies":"Jaw Worm","floor":4,"turns":5},{"damage":4,"enemies":"Gremlin Gang","floor":5,"turns":6},{"damage":34,"enemies":"Gremlin Nob","floor":6,"turns":5},{"damage":16,"enemies":"Large Slime","floor":8,"turns":7},{"damage":9,"enemies":"3 Sentries","floor":10,"turns":9},{"damage":4,"enemies":"3 Louse","floor":14,"turns":2},{"damage":14,"enemies":"Hexaghost","floor":16,"turns":7},{"damage":2,"enemies":"2 Thieves","floor":18,"turns":3},{"damage":2,"enemies":"Shell Parasite","floor":21,"turns":4},{"damage":0,"enemies":"Gremlin Leader","floor":24,"turns":7},{"damage":0,"enemies":"3 Cultists","floor":25,"turns":5},{"damage":0,"enemies":"Snecko","floor":27,"turns":4},{"damage":13,"enemies":"Sentry and Sphere","floor":28,"turns":5},{"damage":15,"enemies":"Snake Plant","floor":31,"turns":4},{"damage":35,"enemies":"Automaton","floor":33,"turns":9},{"damage":5,"enemies":"3 Darklings","floor":35,"turns":5},{"damage":0,"enemies":"Orb Walker","floor":36,"turns":2},{"damage":6,"enemies":"4 Shapes","floor":37,"turns":3},{"damage":21,"enemies":"Sphere and 2 Shapes","floor":38,"turns":7},{"damage":7,"enemies":"Spire Growth","floor":41,"turns":3},{"damage":5,"enemies":"Flame Bruiser 2 Orb","floor":44,"turns":5},{"damage":20,"enemies":"Maw","floor":45,"turns":6},{"damage":1,"enemies":"4 Shapes","floor":47,"turns":4},{"damage":20,"enemies":"Giant Head","floor":48,"turns":7},{"damage":82,"enemies":"Time Eater","floor":50,"turns":11}],"relics_obtained":[{"floor":6,"key":"The Specimen"},{"floor":9,"key":"Ninja Scroll"},{"floor":10,"key":"Mummified Hand"},{"floor":24,"key":"Bottled Flame"},{"floor":26,"key":"Lantern"},{"floor":43,"key":"Dodecahedron"},{"floor":48,"key":"Ornamental Fan"}],"event_choices":[{"event_name":"Big Fish","player_choice":"Donut","floor":2,"damage_taken":0},{"event_name":"Living Wall","player_choice":"Grow","floor":12,"damage_taken":0},{"event_name":"Vampires","player_choice":"Ignored","floor":19,"damage_taken":0},{"event_name":"Masked Bandits","player_choice":"Paid Bandits 84 gold","floor":29,"damage_taken":0},{"event_name":"Tomb of Lord Red Mask","player_choice":"Paid","floor":39,"damage_taken":0}],"boss_relics":[{"not_picked":["Calling Bell","Lizard Tail"],"picked":"Sozu"},{"not_picked":["Tiny House","White Beast Statue"],"picked":"Eternal Feather"}],"items_purged_floors":[11],"potions_floor_spawned":[4,8,10,14,16,21,25,33,36,38,45,47,48],"seed_played":"-3382790845356506899","killed_by":"Time Eater","ascension_level":1,"potions_obtained":[{"floor":4,"key":"Ancient Potion"},{"floor":8,"key":"Block Potion"},{"floor":10,"key":"Poison Potion"},{"floor":14,"key":"GhostInAJar"},{"floor":16,"key":"GhostInAJar"}],"is_trial":false}