{"gold_per_floor":[19,36,311,322,336,336,336,261,261,261,261],"floor_reached":11,"playtime":307,"items_purged":["Regret"],"score":120,"play_id":"ab6e7dde-379c-4ba5-9ba3-ddb7b119edc0","local_time":"20181130015237","is_ascension_mode":true,"campfire_choices":[{"data":"Sunder","floor":6,"key":"SMITH"},{"data":"Zap","floor":10,"key":"SMITH"}],"neow_cost":"NO_GOLD","seed_source_timestamp":106515528956867,"circlet_count":0,"master_deck":["AscendersBane","Strike_B","Strike_B","Strike_B","Strike_B","Defend_B","Defend_B","Defend_B","Defend_B","Zap+1","Dualcast","Core Surge","Sunder+1","Hologram","Conserve Battery","Regret"],"relics":["Cracked Core","Prayer Wheel","Sundial"],"potions_floor_usage":[11,11],"damage_taken":[{"damage":4,"enemies":"Small Slimes","floor":1,"turns":3},{"damage":6,"enemies":"Cultist","floor":2,"turns":3},{"damage":6,"enemies":"Jaw Worm","floor":4,"turns":3},{"damage":10,"enemies":"Blue Slaver","floor":5,"turns":2},{"damage":38,"enemies":"Lagavulin","floor":11,"turns":3}],"seed_played":"-4886263310718458299","potions_obtained":[{"floor":1,"key":"SteroidPotion"},{"floor":4,"key":"Energy Potion"}],"is_trial":false,"path_per_floor":["M","M","?","M","M","R","?","$","T","R","E"],"character_chosen":"DEFECT","items_purchased":[],"campfire_rested":0,"item_purchase_floors":[],"current_hp_per_floor":[60,54,54,48,38,38,38,38,38,38,0],"gold":261,"neow_bonus":"THREE_RARE_CARDS","is_prod":false,"is_daily":false,"chose_seed":false,"campfire_upgraded":2,"win_rate":0,"timestamp":1543542757,"path_taken":["M","M","?","?","M","R","?","$","T","R","E"],"build_version":"2018-11-15","purchased_purges":1,"victory":false,"max_hp_per_floor":[71,71,71,71,71,71,71,71,71,71,71],"card_choices":[{"not_picked":["Reboot","Amplify"],"picked":"Core Surge","floor":0},{"not_picked":["Gash","Melter"],"picked":"Sunder","floor":1},{"not_picked":["Sweeping Beam","Reprogram","Streamline"],"picked":"SKIP","floor":2},{"not_picked":["Compile Driver","Consume"],"picked":"Hologram","floor":4},{"not_picked":["Sweeping Beam","Cold Snap"],"picked":"Conserve Battery","floor":5}],"player_experience":952602,"relics_obtained":[{"floor":9,"key":"Sundial"}],"event_choices":[{"damage_healed":0,"gold_gain":275,"player_choice":"Desecrate","damage_taken":0,"max_hp_gain":0,"max_hp_loss":0,"event_name":"Golden Shrine","floor":3,"gold_loss":0,"cards_obtained":["Regret"]},{"damage_healed":0,"gold_gain":0,"player_choice":"Box","damage_taken":0,"relics_obtained":["Prayer Wheel"],"max_hp_gain":0,"max_hp_loss":0,"event_name":"Big Fish","floor":7,"gold_loss":0,"cards_obtained":["Regret"]}],"is_beta":true,"boss_relics":[],"items_purged_floors":[8],"is_endless":false,"potions_floor_spawned":[1,4],"killed_by":"Lagavulin","ascension_level":18}