{"gold_per_floor":[116,116,135,135,149,149,182,182,209,209,224,224,255,270,270,348,348,366,306,231,245,145,145,175,186,186,186,186,186,109,122,122,195,195,211,211,311,186,202,202,217,248,271,271,271,319,71,83,83,83],"floor_reached":51,"playtime":2653,"items_purged":["Strike_R","Strike_R","Writhe","Doubt"],"score":1288,"play_id":"95cb9a1f-ead8-471a-b621-397490d49cdd","local_time":"20180923092215","is_ascension_mode":true,"campfire_choices":[{"data":"True Grit","floor":6.0,"key":"SMITH"},{"data":"Demon Form","floor":8.0,"key":"SMITH"},{"data":"Bash","floor":10.0,"key":"SMITH"},{"data":"Whirlwind","floor":15.0,"key":"SMITH"},{"data":"Barricade","floor":23.0,"key":"SMITH"},{"data":"Intimidate","floor":27.0,"key":"SMITH"},{"data":"Shrug It Off","floor":29.0,"key":"SMITH"},{"floor":32.0,"key":"DIG"},{"floor":40.0,"key":"DIG"},{"floor":49,"key":"DIG"}],"neow_cost":"NONE","seed_source_timestamp":0,"circlet_count":0,"master_deck":["Strike_R+1","Defend_R","Defend_R","Defend_R","Defend_R+1","Bash+1","AscendersBane","Demon Form+1","Shrug It Off","True Grit+1","Ghostly Armor","Intimidate+1","Whirlwind+1","Shrug It Off+1","Barricade+1","Feel No Pain+1","Dark Embrace+1","Battle Trance","Disarm","Warcry+1"],"special_seed":0,"relics":["Burning Blood","Art of War","Juzu Bracelet","Lantern","Cursed Key","Frozen Egg 2","Sundial","Omamori","Shovel","Oddly Smooth Stone","Coffee Dripper","Question Card","Regal Pillow","Centennial Puzzle","Prayer Wheel","Dead Branch","Magic Flower"],"potions_floor_usage":[50,50],"damage_taken":[{"damage":6.0,"enemies":"2 Louse","floor":1.0,"turns":3.0},{"damage":6.0,"enemies":"Small Slimes","floor":3.0,"turns":7.0},{"damage":0.0,"enemies":"Cultist","floor":5.0,"turns":4.0},{"damage":3.0,"enemies":"Lagavulin","floor":7.0,"turns":10.0},{"damage":9.0,"enemies":"Blue Slaver","floor":11.0,"turns":5.0},{"damage":25.0,"enemies":"Gremlin Nob","floor":13.0,"turns":4.0},{"damage":2.0,"enemies":"Exordium Wildlife","floor":14.0,"turns":6.0},{"damage":1.0,"enemies":"Hexaghost","floor":16.0,"turns":9.0},{"damage":3.0,"enemies":"Chosen","floor":18.0,"turns":7.0},{"damage":3.0,"enemies":"2 Thieves","floor":19.0,"turns":3.0},{"damage":0.0,"enemies":"Snecko","floor":21.0,"turns":6.0},{"damage":6.0,"enemies":"Gremlin Leader","floor":24.0,"turns":6.0},{"damage":6.0,"enemies":"Snake Plant","floor":25.0,"turns":6.0},{"damage":0.0,"enemies":"Cultist and Chosen","floor":31.0,"turns":7.0},{"damage":0.0,"enemies":"Champ","floor":33.0,"turns":15.0},{"damage":2.0,"enemies":"3 Darklings","floor":35.0,"turns":7.0},{"damage":0.0,"enemies":"3 Shapes","floor":39.0,"turns":6.0},{"damage":57.0,"enemies":"Transient","floor":41.0,"turns":5.0},{"damage":0.0,"enemies":"Giant Head","floor":42.0,"turns":8.0},{"damage":0.0,"enemies":"Mind Bloom Boss Battle","floor":44.0,"turns":6.0},{"damage":7.0,"enemies":"Mysterious Sphere","floor":46.0,"turns":7.0},{"damage":9,"enemies":"4 Shapes","floor":48,"turns":3},{"damage":18,"enemies":"Awakened One","floor":50,"turns":21}],"seed_played":"-2055054337093644573","potions_obtained":[{"floor":7.0,"key":"PowerPotion"},{"floor":13.0,"key":"SmokeBomb"},{"floor":16.0,"key":"Regen Potion"},{"floor":21.0,"key":"SkillPotion"},{"floor":24.0,"key":"Block Potion"},{"floor":25.0,"key":"Fire Potion"},{"floor":31.0,"key":"Dexterity Potion"},{"floor":39.0,"key":"Ancient Potion"},{"floor":42.0,"key":"PowerPotion"},{"floor":46.0,"key":"Block Potion"}],"is_trial":false,"path_per_floor":["M","?","M","?","M","R","E","R","T","R","M","?","E","M","R","B",null,"M","M","$","M","$","R","E","M","T","R","?","R","?","M","R","B",null,"M","?","?","$","M","R","M","E","T","?","?","?","$","M","R","B"],"character_chosen":"IRONCLAD","items_purchased":["Block Potion","PowerPotion"],"campfire_rested":0,"item_purchase_floors":[47,47],"current_hp_per_floor":[68,68,68,53,59,59,62,62,62,62,59,59,40,44,44,49,69,72,75,75,75,75,75,75,75,75,75,75,75,75,75,75,75,75,75,75,75,75,75,75,24,30,30,36,55,54,54,51,51,42],"gold":83,"neow_bonus":"ONE_RANDOM_RARE_CARD","is_prod":false,"is_daily":false,"chose_seed":false,"campfire_upgraded":7,"win_rate":0,"timestamp":1537719735,"path_taken":["M","?","?","?","M","R","E","R","T","R","M","?","E","M","R","BOSS","M","M","$","M","$","R","E","M","T","R","?","R","?","M","R","BOSS","M","?","?","?","M","R","M","E","T","?","?","?","$","M","R","BOSS"],"build_version":"2018-09-20","purchased_purges":4,"victory":true,"max_hp_per_floor":[75,75,75,75,75,75,75,75,75,75,75,75,75,75,75,75,75,75,75,75,75,75,75,75,75,75,75,75,75,75,75,75,75,75,75,75,75,75,75,75,75,75,75,75,75,75,75,75,75,75],"card_choices":[{"not_picked":["Headbutt","Searing Blow"],"picked":"Shrug It Off","floor":1.0},{"not_picked":["Armaments","Flex"],"picked":"True Grit","floor":3.0},{"not_picked":["True Grit","Clothesline"],"picked":"Ghostly Armor","floor":5.0},{"not_picked":["Fire Breathing","Spot Weakness"],"picked":"Intimidate","floor":7.0},{"not_picked":["Rupture","Blood for Blood"],"picked":"Whirlwind","floor":11.0},{"not_picked":["Wild Strike","Entrench"],"picked":"Shrug It Off","floor":13.0},{"not_picked":["Blood for Blood","Body Slam","Wild Strike"],"picked":"SKIP","floor":14.0},{"not_picked":["Impervious","Berserk"],"picked":"Barricade","floor":16.0},{"not_picked":["Heavy Blade","Headbutt+1"],"picked":"Feel No Pain+1","floor":18.0},{"not_picked":["Infernal Blade","Heavy Blade","Rampage"],"picked":"SKIP","floor":21.0},{"not_picked":["Armaments","Flex","Shockwave"],"picked":"SKIP","floor":24.0},{"not_picked":["Clothesline","Headbutt","Sever Soul"],"picked":"SKIP","floor":25.0},{"not_picked":["Sword Boomerang","Thunderclap","Havoc"],"picked":"SKIP","floor":31.0},{"not_picked":["Demon Form+1","Double Tap"],"picked":"Dark Embrace+1","floor":33.0},{"not_picked":["Heavy Blade+1","Cleave","Ghostly Armor"],"picked":"SKIP","floor":35.0},{"not_picked":["Flex","Shockwave+1"],"picked":"Battle Trance","floor":39.0},{"not_picked":["Ghostly Armor","Second Wind","Cleave","Pommel Strike"],"picked":"SKIP","floor":41.0},{"not_picked":["Clothesline","Pommel Strike","Corruption+1"],"picked":"Disarm","floor":42.0},{"not_picked":["Shrug It Off","Iron Wave","Clothesline"],"picked":"Warcry+1","floor":48},{"not_picked":["Headbutt","Fiend Fire","Heavy Blade+1","Warcry"],"picked":"SKIP","floor":48}],"player_experience":821248,"relics_obtained":[{"floor":7.0,"key":"Art of War"},{"floor":9.0,"key":"Juzu Bracelet"},{"floor":13.0,"key":"Lantern"},{"floor":24.0,"key":"Frozen Egg 2"},{"floor":26.0,"key":"Sundial"},{"floor":32.0,"key":"Oddly Smooth Stone"},{"floor":40.0,"key":"Question Card"},{"floor":42.0,"key":"Regal Pillow"},{"floor":43.0,"key":"Centennial Puzzle"},{"floor":44.0,"key":"Prayer Wheel"},{"floor":46.0,"key":"Dead Branch"},{"floor":49,"key":"Magic Flower"}],"event_choices":[{"event_name":"Liars Game","player_choice":"disagreed","floor":2.0,"damage_taken":0.0},{"event_name":"Shining Light","player_choice":"Entered Light","floor":4.0,"damage_taken":0.0},{"event_name":"Living Wall","player_choice":"Forget","floor":12.0,"damage_taken":0.0},{"event_name":"The Mausoleum","player_choice":"Yes","floor":28.0,"damage_taken":0.0},{"event_name":"WeMeetAgain","player_choice":"Gold","floor":30.0,"damage_taken":0.0},{"event_name":"Falling","player_choice":"Removed Attack","floor":36.0,"damage_taken":0.0},{"event_name":"Golden Shrine","player_choice":"Pray","floor":37.0,"damage_taken":0.0},{"event_name":"MindBloom","player_choice":"Fight","floor":44.0,"damage_taken":0.0},{"event_name":"Winding Halls","player_choice":"Writhe","floor":45.0,"damage_taken":0.0},{"event_name":"Mysterious Sphere","player_choice":"Fight","floor":46.0,"damage_taken":0.0}],"is_beta":true,"boss_relics":[{"not_picked":["Pandora\u0027s Box","Fusion Hammer"],"picked":"Cursed Key"},{"not_picked":["Tiny House","Runic Cube"],"picked":"Coffee Dripper"}],"items_purged_floors":[20,22,38,47],"is_endless":false,"potions_floor_spawned":[7,13,16,21,24,25,31,39,42,46,48],"ascension_level":14}