{"gold_per_floor":[112,123,123,173,76,76,76,94,124,150,170,44,44,55,55,155,205,217,132,144,244,257,257,76,108,108,108,123,141,141,141],"floor_reached":31,"playtime":1785,"items_purged":["Regret","Strike_B"],"score":255,"play_id":"e2ed9031-a188-438f-bcc4-65ccd297e9e4","local_time":"20180810173958","is_ascension_mode":false,"campfire_choices":[{"data":"Zap","floor":6,"key":"SMITH"},{"floor":13,"key":"REST"},{"data":"Creative AI","floor":15,"key":"SMITH"},{"floor":23,"key":"REST"},{"floor":27,"key":"REST"},{"data":"Creative AI","floor":30,"key":"SMITH"}],"neow_cost":"NONE","seed_source_timestamp":191373554577320,"circlet_count":0,"master_deck":["Strike_B","Strike_B","Strike_B","Defend_B+1","Defend_B","Defend_B","Defend_B","Zap+1","Dualcast","Thunder Strike","Ball Lightning","Conserve Battery+1","Jack Of All Trades","Creative AI+1","Ball Lightning+1","BootSequence","Core Surge","Ball Lightning","Hologram+1","Amplify+1","Undo+1","Coolheaded+1","Creative AI+1"],"relics":["Cracked Core","Boot","Centennial Puzzle","Tiny Chest","Potion Belt","Tiny House","Toxic Egg 2","Singing Bowl","Cables"],"potions_floor_usage":[11,11,20,22,28,29],"damage_taken":[{"damage":1,"enemies":"Jaw Worm","floor":1,"turns":3},{"damage":0,"enemies":"2 Louse","floor":2,"turns":2},{"damage":2,"enemies":"Small Slimes","floor":8,"turns":3},{"damage":36,"enemies":"3 Sentries","floor":10,"turns":7},{"damage":5,"enemies":"Exordium Wildlife","floor":11,"turns":4},{"damage":5,"enemies":"Exordium Thugs","floor":14,"turns":3},{"damage":25,"enemies":"Slime Boss","floor":16,"turns":7},{"damage":20,"enemies":"Spheric Guardian","floor":18,"turns":6},{"damage":16,"enemies":"Shell Parasite","floor":20,"turns":5},{"damage":22,"enemies":"Snake Plant","floor":22,"turns":4},{"damage":59,"enemies":"Gremlin Leader","floor":25,"turns":7},{"damage":11,"enemies":"Snecko","floor":28,"turns":4},{"damage":0,"enemies":"Cultist and Chosen","floor":29,"turns":5},{"damage":19,"enemies":"3 Cultists","floor":31,"turns":4}],"seed_played":"7508243435633285677","potions_obtained":[{"floor":1,"key":"SpeedPotion"},{"floor":10,"key":"FocusPotion"},{"floor":14,"key":"SteroidPotion"},{"floor":17,"key":"Weak Potion"},{"floor":18,"key":"EssenceOfSteel"},{"floor":22,"key":"FairyPotion"},{"floor":28,"key":"AttackPotion"}],"is_trial":false,"path_per_floor":["M","M","?","T","$","R","?","M","T","E","M","$","R","M","R","B",null,"M","?","M","?","M","R","$","E","T","R","M","M","R"],"character_chosen":"DEFECT","items_purchased":["Jack Of All Trades","Ball Lightning","Amplify+1"],"campfire_rested":3,"item_purchase_floors":[5,12,24],"current_hp_per_floor":[74,74,59,59,59,59,59,57,57,21,16,16,38,33,33,8,80,60,60,48,48,26,50,50,8,8,32,21,21,21,2],"gold":141,"neow_bonus":"ONE_RANDOM_RARE_CARD","is_prod":false,"is_daily":false,"chose_seed":false,"campfire_upgraded":3,"win_rate":0,"timestamp":1533886798,"path_taken":["M","M","?","?","$","R","?","?","T","E","M","$","R","M","R","BOSS","M","?","?","?","M","R","$","E","T","R","M","M","R","M"],"build_version":"2018-08-09","purchased_purges":2,"victory":false,"max_hp_per_floor":[75,75,75,75,75,75,75,75,75,75,75,75,75,75,75,75,80,80,80,80,80,80,80,80,80,80,80,80,80,80,80],"card_choices":[{"not_picked":["FTL","Coolheaded"],"picked":"Ball Lightning","floor":1},{"not_picked":["Gash","Cold Snap"],"picked":"Conserve Battery","floor":2},{"not_picked":["Force Field","Streamline","Go for the Eyes"],"picked":"SKIP","floor":8},{"not_picked":["Genetic Algorithm","Sunder","Compile Driver"],"picked":"SKIP","floor":10},{"not_picked":["Storm","Undo"],"picked":"Creative AI","floor":11},{"not_picked":["Self Repair","Barrage"],"picked":"BootSequence","floor":14},{"not_picked":["All For One","Multi-Cast"],"picked":"Core Surge","floor":16},{"not_picked":["Go for the Eyes","Rebound","Biased Cognition"],"picked":"SKIP","floor":18},{"not_picked":["Gash+1","Go for the Eyes"],"picked":"Ball Lightning","floor":20},{"not_picked":["Go for the Eyes+1","Double Energy+1"],"picked":"Hologram+1","floor":22},{"not_picked":["Sunder","Reprogram+1"],"picked":"Undo+1","floor":25},{"not_picked":["Rebound+1","Gash+1"],"picked":"Coolheaded+1","floor":28},{"not_picked":["Barrage","Rebound"],"picked":"Creative AI","floor":29}],"player_experience":648943,"relics_obtained":[{"floor":4,"key":"Boot"},{"floor":9,"key":"Tiny Chest"},{"floor":10,"key":"Potion Belt"},{"floor":25,"key":"Singing Bowl"},{"floor":26,"key":"Cables"}],"event_choices":[{"event_name":"Shining Light","player_choice":"Entered Light","floor":3,"damage_taken":0},{"event_name":"Big Fish","player_choice":"Box","floor":7,"damage_taken":0},{"event_name":"Addict","player_choice":"Obtained Relic","floor":19,"damage_taken":0},{"event_name":"Golden Shrine","player_choice":"Pray","floor":21,"damage_taken":0}],"is_beta":false,"boss_relics":[{"not_picked":["Lizard Tail","FrozenCore"],"picked":"Tiny House"}],"items_purged_floors":[12,24],"is_endless":false,"potions_floor_spawned":[1,10,14,18,22,28],"killed_by":"3 Cultists","ascension_level":0}