{"path_per_floor":["M","?","$","M","M","R","E","R","T","R","?","M","?","M","R","B",null,"M","$","?","M","M","E","?","?","T","R","?","$","M","M","R","B",null,"M","M","M","M","M","R","E","R","T","$","?","M","R","M","R"],"character_chosen":"DEFECT","items_purchased":["Mind Blast","Toy Ornithopter"],"gold_per_floor":[112,112,37,55,68,68,96,96,96,96,46,59,88,99,99,204,204,216,10,10,27,45,79,79,79,132,132,132,7,18,28,28,123,123,141,153,170,189,205,205,234,234,234,34,34,51,51,62,62,62],"floor_reached":50,"campfire_rested":6,"playtime":3681,"current_hp_per_floor":[73,73,73,73,73,73,61,61,61,61,61,61,55,49,71,42,75,75,75,75,70,70,47,47,47,47,69,69,69,62,60,60,25,75,65,65,60,58,31,53,5,27,27,27,27,30,52,45,67,0],"items_purged":["Strike_B","Defend_B","Defend_B"],"gold":62,"score":494,"play_id":"0af1eae4-2c09-4d86-ac2a-30e5bbb39af7","local_time":"20180506142340","is_prod":false,"is_daily":false,"chose_seed":false,"is_ascension_mode":false,"campfire_upgraded":4,"timestamp":1525609420,"path_taken":["M","?","?","?","M","R","E","R","T","R","?","M","?","M","R","BOSS","M","$","?","?","M","E","?","?","T","R","?","$","?","M","R","BOSS","M","M","M","M","M","R","E","R","T","$","?","?","R","M","R","BOSS"],"build_version":"2018-05-03","seed_source_timestamp":16678736286079,"purchased_purges":3,"victory":false,"master_deck":["Defend_B","Zap+1","Dualcast+1","Glacier+1","BootSequence+1","Rainbow+1","Capacitor","Cold Snap","Thunder Strike","Conserve Battery+1","Heatsinks+1","FTL+1","Reprogram","Mind Blast","White Noise+1","BootSequence","Streamline+1","Writhe","FTL+1","Defragment+1","Rainbow","Reinforced Body+1","Axe Kick","Gash+1","Melter+1","Darkness+1","Flash of Steel","Impulse+1"],"max_hp_per_floor":[75,75,75,75,75,75,75,75,75,75,75,75,75,75,75,75,75,75,75,75,75,75,75,75,75,75,75,75,75,75,75,75,75,75,75,75,75,75,75,75,75,75,75,75,75,75,75,75,75,75],"relics":["Cracked Core","Oddly Smooth Stone","Ornamental Fan","Odd Mushroom","Astrolabe","Lantern","Frozen Egg 2","Orichalcum","Lizard Tail","Bronze Scales","Mummified Hand","Toy Ornithopter"],"card_choices":[{"not_picked":["Cold Snap","Sweeping Beam"],"picked":"Glacier","floor":1},{"not_picked":["Conserve Battery","Storm"],"picked":"BootSequence","floor":5},{"not_picked":["Stack","Capacitor"],"picked":"Rainbow","floor":7},{"not_picked":["Sweeping Beam","Impulse"],"picked":"Capacitor","floor":12},{"not_picked":["Beam Cell","Static Discharge"],"picked":"Cold Snap","floor":13},{"not_picked":["All For One","Prime"],"picked":"Thunder Strike","floor":16},{"not_picked":["Hologram","Skim"],"picked":"Reprogram","floor":18},{"not_picked":["Heatsinks","Go for the Eyes"],"picked":"BootSequence","floor":21},{"not_picked":["Turbo","Impulse"],"picked":"Streamline","floor":23},{"not_picked":["Turbo","Static Discharge"],"picked":"FTL","floor":30},{"not_picked":["Streamline","Sweeping Beam"],"picked":"Defragment","floor":31},{"not_picked":["Hyperbeam","All For One"],"picked":"Rainbow","floor":33},{"not_picked":["Cold Snap","Heatsinks"],"picked":"Reinforced Body","floor":35},{"not_picked":["Sweeping Beam","Consume"],"picked":"Axe Kick","floor":36},{"not_picked":["Conserve Battery","Go for the Eyes"],"picked":"Gash","floor":37},{"not_picked":["Leap","Sweeping Beam"],"picked":"Melter","floor":39},{"not_picked":["Machine Learning","Ball Lightning"],"picked":"Darkness","floor":41},{"not_picked":["Panache","Madness"],"picked":"Flash of Steel","floor":45},{"not_picked":["Genetic Algorithm","Skim"],"picked":"Impulse","floor":46}],"player_experience":31435,"potions_floor_usage":[],"damage_taken":[{"damage":2,"enemies":"2 Louse","floor":1,"turns":2},{"damage":0,"enemies":"Cultist","floor":4,"turns":4},{"damage":0,"enemies":"Small Slimes","floor":5,"turns":2},{"damage":12,"enemies":"3 Sentries","floor":7,"turns":12},{"damage":0,"enemies":"Exordium Thugs","floor":12,"turns":3},{"damage":6,"enemies":"The Mushroom Lair","floor":13,"turns":5},{"damage":6,"enemies":"Gremlin Gang","floor":14,"turns":6},{"damage":29,"enemies":"Slime Boss","floor":16,"turns":12},{"damage":0,"enemies":"Shell Parasite","floor":18,"turns":7},{"damage":5,"enemies":"2 Thieves","floor":21,"turns":4},{"damage":0,"enemies":"Centurion and Healer","floor":22,"turns":10},{"damage":23,"enemies":"Book of Stabbing","floor":23,"turns":8},{"damage":7,"enemies":"3 Cultists","floor":30,"turns":6},{"damage":2,"enemies":"Snake Plant","floor":31,"turns":4},{"damage":35,"enemies":"Champ","floor":33,"turns":13},{"damage":10,"enemies":"Orb Walker","floor":35,"turns":5},{"damage":0,"enemies":"Flame Bruiser 1 Orb","floor":36,"turns":7},{"damage":5,"enemies":"Spire Growth","floor":37,"turns":5},{"damage":2,"enemies":"Maw","floor":38,"turns":9},{"damage":27,"enemies":"3 Darklings","floor":39,"turns":11},{"damage":48,"enemies":"Nemesis","floor":41,"turns":15},{"damage":41,"enemies":"4 Shapes","floor":46,"turns":7},{"damage":14,"enemies":"Spire Growth","floor":48,"turns":5},{"damage":78,"enemies":"Time Eater","floor":50,"turns":7}],"event_choices":[{"event_name":"Upgrade Shrine","player_choice":"Upgraded","floor":2,"damage_taken":0},{"event_name":"The Cleric","player_choice":"Card Removal","floor":11,"damage_taken":0},{"event_name":"Mushrooms","player_choice":"Fought Mushrooms","floor":13,"damage_taken":0},{"event_name":"The Library","player_choice":"Read","floor":20,"damage_taken":0},{"event_name":"Addict","player_choice":"Ignored","floor":24,"damage_taken":0},{"event_name":"The Mausoleum","player_choice":"Yes","floor":25,"damage_taken":0},{"event_name":"Vampires","player_choice":"Ignored","floor":28,"damage_taken":0},{"event_name":"SensoryStone","player_choice":"Memory 1","floor":45,"damage_taken":0}],"boss_relics":[{"not_picked":["Tiny House","Eternal Feather"],"picked":"Astrolabe"},{"not_picked":["Cursed Key","White Beast Statue"],"picked":"Lizard Tail"}],"potions_floor_spawned":[5,12,16,22,23,30,31,36,37,46,48],"seed_played":"-9019021018833516539","killed_by":"Time Eater","ascension_level":0,"is_trial":false}