{"gold_per_floor":[137,175,175,350,350,350,392,69,94,94,136,178,48,131,131,131],"floor_reached":16,"playtime":751,"items_purged":["Doubt"],"score":100,"play_id":"608bc223-b072-4ee7-9daf-650cfb587561","local_time":"20181013105938","daily_mods":["Heirloom","Vintage","MonsterHunter"],"is_ascension_mode":false,"campfire_choices":[{"floor":6,"key":"REST"},{"floor":15,"key":"REST"}],"neow_cost":"","seed_source_timestamp":0,"circlet_count":0,"master_deck":["Defend_G","Defend_G","Defend_G","Defend_G","Strike_G","Strike_G+1","Strike_G","Strike_G","Strike_G+1","Survivor","Neutralize","Infinite Blades+1","Cloak And Dagger","Sucker Punch","Accuracy+1","Backstab"],"special_seed":17817,"relics":["Ring of the Snake","Turnip","Frozen Egg 2","Paper Crane","Golden Idol","Juzu Bracelet","Bag of Marbles","Smiling Mask","Happy Flower","Lantern","Oddly Smooth Stone"],"potions_floor_usage":[7,16],"damage_taken":[{"damage":0,"enemies":"2 Louse","floor":1,"turns":5},{"damage":6,"enemies":"Cultist","floor":2,"turns":6},{"damage":0,"enemies":"Jaw Worm","floor":7,"turns":7},{"damage":9,"enemies":"Large Slime","floor":11,"turns":9},{"damage":9,"enemies":"2 Fungi Beasts","floor":12,"turns":5},{"damage":16,"enemies":"Gremlin Nob","floor":14,"turns":5},{"damage":43,"enemies":"Hexaghost","floor":16,"turns":14}],"seed_played":"646402910628373304","potions_obtained":[{"floor":1,"key":"Explosive Potion"},{"floor":14,"key":"EssenceOfSteel"}],"is_trial":false,"path_per_floor":["M","M","?","?","?","R","M","$","T","?","M","M","$","E","R"],"character_chosen":"THE_SILENT","items_purchased":["Bag of Marbles","Infinite Blades+1","Cloak And Dagger","Sucker Punch","Accuracy+1"],"campfire_rested":2,"item_purchase_floors":[8,8,8,8,13],"current_hp_per_floor":[70,64,64,64,47,68,68,68,68,54,45,36,36,20,41,0],"gold":131,"neow_bonus":"","is_prod":false,"is_daily":true,"chose_seed":false,"campfire_upgraded":0,"win_rate":0,"timestamp":1539421178,"path_taken":["M","M","?","?","?","R","M","?","T","?","M","M","$","E","R","BOSS"],"build_version":"2018-10-11","purchased_purges":1,"victory":false,"max_hp_per_floor":[70,70,70,70,70,70,70,70,70,70,70,70,70,70,70,70],"card_choices":[{"not_picked":["Dagger Throw","Catalyst"],"picked":"Backstab","floor":14}],"player_experience":150888,"relics_obtained":[{"floor":1,"key":"Frozen Egg 2"},{"floor":2,"key":"Paper Crane"},{"floor":7,"key":"Juzu Bracelet"},{"floor":9,"key":"Smiling Mask"},{"floor":11,"key":"Happy Flower"},{"floor":12,"key":"Lantern"},{"floor":14,"key":"Oddly Smooth Stone"}],"event_choices":[{"event_name":"Bonfire Elementals","player_choice":"BASIC","floor":3,"damage_taken":0},{"event_name":"Liars Game","player_choice":"agreed","floor":4,"damage_taken":0},{"event_name":"Golden Idol","player_choice":"Take Damage","floor":5,"damage_taken":0},{"event_name":"Shining Light","player_choice":"Entered Light","floor":10,"damage_taken":0}],"is_beta":true,"boss_relics":[],"items_purged_floors":[13],"is_endless":false,"potions_floor_spawned":[1,14],"killed_by":"Hexaghost","ascension_level":0}