{"gold_per_floor":[113,188,188,188,207,250,250,79,79,100,119,31,69,85,85,181,181,195,245,245,261,75,75,75],"floor_reached":24,"playtime":908,"items_purged":["Strike_B","Strike_B"],"score":447,"play_id":"4a97c7da-fd2b-4ac5-9fbd-9453a83f839c","local_time":"20190122085727","is_ascension_mode":true,"campfire_choices":[{"data":"Capacitor","floor":7.0,"key":"SMITH"},{"floor":15,"key":"REST"},{"floor":23,"key":"REST"}],"neow_cost":"NONE","seed_source_timestamp":491819015625147,"circlet_count":0,"master_deck":["AscendersBane","Strike_B","Strike_B","Defend_B","Defend_B","Defend_B","Defend_B","Zap","Dualcast","Conserve Battery","Barrage","Capacitor+1","Loop","Ball Lightning","Coolheaded","Defragment","Sweeping Beam","Go for the Eyes","Streamline","Hologram","Hologram","Buffer","Ball Lightning","Compile Driver","Consume+1","White Noise","BootSequence"],"special_seed":0,"relics":["Cracked Core","NeowsBlessing","Golden Idol","Oddly Smooth Stone","Prayer Wheel","Potion Belt","Question Card","Runic Pyramid"],"potions_floor_usage":[16],"damage_taken":[{"damage":0.0,"enemies":"Small Slimes","floor":1.0,"turns":1.0},{"damage":0.0,"enemies":"2 Louse","floor":5.0,"turns":1.0},{"damage":0.0,"enemies":"3 Sentries","floor":6.0,"turns":1.0},{"damage":0.0,"enemies":"Cultist","floor":10.0,"turns":4.0},{"damage":9.0,"enemies":"Large Slime","floor":11.0,"turns":6.0},{"damage":20.0,"enemies":"Lagavulin","floor":13.0,"turns":6.0},{"damage":13,"enemies":"Blue Slaver","floor":14,"turns":3},{"damage":26,"enemies":"Slime Boss","floor":16,"turns":11},{"damage":12,"enemies":"Chosen","floor":18,"turns":5},{"damage":24,"enemies":"Spheric Guardian","floor":21,"turns":4},{"damage":40,"enemies":"Slavers","floor":24,"turns":2}],"seed_played":"5362629243514223211","potions_obtained":[{"floor":5.0,"key":"LiquidBronze"},{"floor":6.0,"key":"GamblersBrew"},{"floor":11.0,"key":"Block Potion"}],"is_trial":false,"path_per_floor":["M","?","?","?","M","E","R","$","T","M","M","?","E","M","R","B",null,"M","?","?","M","$","R","E"],"character_chosen":"DEFECT","items_purchased":["Loop","Ball Lightning","BootSequence"],"campfire_rested":2,"item_purchase_floors":[8,8,22],"current_hp_per_floor":[64,53,58,58,58,58,58,58,58,58,49,49,29,16,36,10,54,42,42,42,18,18,38,0],"gold":75,"neow_bonus":"THREE_ENEMY_KILL","is_prod":false,"is_daily":false,"chose_seed":false,"campfire_upgraded":1,"win_rate":0,"timestamp":1548176247,"path_taken":["M","?","?","?","M","E","R","$","T","M","M","?","E","M","R","BOSS","M","?","?","M","$","R","E"],"build_version":"2019-01-17v2","purchased_purges":2,"victory":false,"max_hp_per_floor":[71,71,76,69,69,69,69,69,69,69,69,69,69,69,69,69,69,69,69,69,69,69,69,69],"card_choices":[{"not_picked":["Redo","Reprogram"],"picked":"Conserve Battery","floor":1.0},{"not_picked":["Reinforced Body","Steam"],"picked":"Barrage","floor":5.0},{"not_picked":["Static Discharge","Aggregate"],"picked":"Capacitor","floor":6.0},{"not_picked":["Streamline","Go for the Eyes"],"picked":"Coolheaded","floor":10.0},{"not_picked":["All For One","Static Discharge"],"picked":"Defragment","floor":10.0},{"not_picked":["Reprogram","Aggregate"],"picked":"Sweeping Beam","floor":11.0},{"not_picked":["Melter","Beam Cell"],"picked":"Go for the Eyes","floor":11.0},{"not_picked":["Go for the Eyes","Barrage"],"picked":"Streamline","floor":13.0},{"not_picked":["Hyperbeam","Streamline","Leap"],"picked":"Hologram","floor":14},{"not_picked":["Double Energy","Genetic Algorithm","Gash"],"picked":"Hologram","floor":14},{"not_picked":["Seek","Rainbow","Amplify"],"picked":"Buffer","floor":16},{"not_picked":["Darkness","Fusion","Go for the Eyes"],"picked":"Ball Lightning","floor":18},{"not_picked":["Ball Lightning","Tempest","Redo"],"picked":"Compile Driver","floor":18},{"not_picked":["Reprogram","Stack","Sweeping Beam"],"picked":"Consume+1","floor":21},{"not_picked":["Turbo","Beam Cell","Blizzard"],"picked":"White Noise","floor":21}],"player_experience":1709732,"relics_obtained":[{"floor":6.0,"key":"Oddly Smooth Stone"},{"floor":9.0,"key":"Prayer Wheel"},{"floor":13.0,"key":"Question Card"}],"event_choices":[{"damage_healed":0.0,"max_hp_gain":0.0,"max_hp_loss":0.0,"gold_gain":75.0,"event_name":"World of Goop","player_choice":"Gather Gold","floor":2.0,"gold_loss":0.0,"damage_taken":11.0},{"damage_healed":0.0,"max_hp_gain":5.0,"max_hp_loss":0.0,"gold_gain":0.0,"event_name":"Big Fish","player_choice":"Donut","floor":3.0,"gold_loss":0.0,"damage_taken":0.0},{"damage_healed":0.0,"max_hp_gain":0.0,"max_hp_loss":7.0,"gold_gain":0.0,"event_name":"Golden Idol","player_choice":"Lose Max HP","floor":4.0,"gold_loss":0.0,"damage_taken":0.0,"relics_obtained":["Golden Idol"]},{"damage_healed":0.0,"max_hp_gain":0.0,"max_hp_loss":0.0,"gold_gain":0.0,"event_name":"WeMeetAgain","player_choice":"Paid Gold","floor":12.0,"gold_loss":88.0,"damage_taken":0.0,"relics_obtained":["Potion Belt"]},{"damage_healed":0,"gold_gain":50,"player_choice":"Stole From Cult","damage_taken":0,"max_hp_gain":0,"max_hp_loss":0,"event_name":"Nest","floor":19,"gold_loss":0},{"damage_healed":0,"gold_gain":0,"player_choice":"Ignored","damage_taken":0,"max_hp_gain":0,"max_hp_loss":0,"event_name":"Vampires","floor":20,"gold_loss":0}],"is_beta":false,"boss_relics":[{"not_picked":["Lizard Tail","Fusion Hammer"],"picked":"Runic Pyramid"}],"items_purged_floors":[8,22],"is_endless":false,"potions_floor_spawned":[5,6,11],"killed_by":"Slavers","ascension_level":19}