{"path_per_floor":["M","?","M","?","$","R","M","M","T","R","M","M","R","E","R","B",null,"M","M","$","?","M","R","M","M","T","M","R","$","M","M","R"],"character_chosen":"THE_SILENT","items_purchased":["Dagger Spray","Malaise","Snake Skull","Deadly Poison"],"gold_per_floor":[115,65,79,79,56,56,75,88,88,88,107,122,122,147,147,250,250,268,284,172,172,188,188,207,220,220,234,234,31,42,52,52,52],"floor_reached":33,"campfire_rested":0,"playtime":2630,"item_purchase_floors":[],"current_hp_per_floor":[59,59,59,59,59,59,58,57,57,57,57,56,56,46,46,52,66,58,50,50,50,47,47,47,44,44,38,38,38,32,27,27,0],"items_purged":["Strike_G"],"gold":52,"score":405,"play_id":"3b7ba838-0621-4856-83d0-a09ab0d386d3","local_time":"20180606083121","is_prod":false,"is_daily":false,"chose_seed":false,"is_ascension_mode":true,"campfire_upgraded":7,"win_rate":0,"timestamp":1528299081,"campfire_choices":[{"data":"Dagger Spray","floor":6.0,"key":"SMITH"},{"data":"Skewer","floor":10.0,"key":"SMITH"},{"data":"Neutralize","floor":13.0,"key":"SMITH"},{"data":"Bouncing Flask","floor":15.0,"key":"SMITH"},{"data":"Malaise","floor":23.0,"key":"SMITH"},{"data":"Blur","floor":28.0,"key":"SMITH"},{"data":"Cloak And Dagger","floor":32.0,"key":"SMITH"}],"path_taken":["M","?","M","?","?","R","?","M","T","R","M","M","R","E","R","BOSS","M","M","$","?","M","R","M","M","T","M","R","$","?","M","R","BOSS"],"build_version":"2018-05-31","seed_source_timestamp":0,"purchased_purges":1,"victory":false,"master_deck":["Defend_G","Defend_G","Defend_G","Defend_G","Defend_G","Strike_G","Strike_G","Strike_G","Survivor","Neutralize+1","AscendersBane","Skewer+1","Well Laid Plans","Dagger Spray+1","Dash","Flying Knee","Blur+1","Bouncing Flask+1","Sucker Punch","Adrenaline","Backflip","Malaise+1","Dagger Throw","Catalyst","Deadly Poison","Cloak And Dagger+1"],"max_hp_per_floor":[70,70,70,70,70,70,70,70,70,70,70,70,70,70,70,70,70,70,70,70,70,70,70,70,70,70,70,70,70,70,70,70,70],"relics":["Ring of the Snake","Pantograph","Lantern","Cursed Key","Snake Skull"],"card_choices":[{"not_picked":["Expertise","Outmaneuver"],"picked":"Skewer","floor":1.0},{"not_picked":["Outmaneuver","Deflect"],"picked":"Well Laid Plans","floor":3.0},{"not_picked":["Backflip","Slice"],"picked":"Dash","floor":7.0},{"not_picked":["Unload","Outmaneuver"],"picked":"Flying Knee","floor":8.0},{"not_picked":["Poisoned Stab","Backflip"],"picked":"Blur","floor":11.0},{"not_picked":["Choke","All Out Attack"],"picked":"Bouncing Flask","floor":12.0},{"not_picked":["Eviscerate","Phantasmal Killer"],"picked":"Sucker Punch","floor":14.0},{"not_picked":["Grand Finale","Storm of Steel"],"picked":"Adrenaline","floor":16.0},{"not_picked":["Finisher","Deadly Poison","Prepared"],"picked":"SKIP","floor":18.0},{"not_picked":["Prepared","Blade Dance"],"picked":"Backflip","floor":19.0},{"not_picked":["Bane","Underhanded Strike","Concentrate"],"picked":"SKIP","floor":22.0},{"not_picked":["Slice","Poisoned Stab+1"],"picked":"Dagger Throw","floor":24.0},{"not_picked":["Masterful Stab","Deflect"],"picked":"Catalyst","floor":25.0},{"not_picked":["Endless Agony","Prepared","Sucker Punch"],"picked":"SKIP","floor":27.0},{"not_picked":["Setup","Infinite Blades","Flying Knee+1"],"picked":"SKIP","floor":30.0},{"not_picked":["Dagger Spray","Storm of Steel"],"picked":"Cloak And Dagger","floor":31.0}],"player_experience":803824,"potions_floor_usage":[33,33],"damage_taken":[{"damage":4.0,"enemies":"Cultist","floor":1.0,"turns":6.0},{"damage":0.0,"enemies":"Small Slimes","floor":3.0,"turns":5.0},{"damage":1.0,"enemies":"Jaw Worm","floor":7.0,"turns":3.0},{"damage":1.0,"enemies":"Looter","floor":8.0,"turns":3.0},{"damage":0.0,"enemies":"3 Louse","floor":11.0,"turns":3.0},{"damage":1.0,"enemies":"Blue Slaver","floor":12.0,"turns":3.0},{"damage":10.0,"enemies":"Gremlin Nob","floor":14.0,"turns":4.0},{"damage":18.0,"enemies":"Hexaghost","floor":16.0,"turns":9.0},{"damage":8.0,"enemies":"Chosen","floor":18.0,"turns":4.0},{"damage":8.0,"enemies":"2 Thieves","floor":19.0,"turns":3.0},{"damage":3.0,"enemies":"Centurion and Healer","floor":22.0,"turns":8.0},{"damage":0.0,"enemies":"Snecko","floor":24.0,"turns":3.0},{"damage":3.0,"enemies":"Cultist and Chosen","floor":25.0,"turns":7.0},{"damage":6.0,"enemies":"Centurion and Healer","floor":27.0,"turns":8.0},{"damage":6.0,"enemies":"Snecko","floor":30.0,"turns":3.0},{"damage":5.0,"enemies":"Snake Plant","floor":31.0,"turns":3.0},{"damage":60,"enemies":"Collector","floor":33,"turns":7}],"relics_obtained":[{"floor":9.0,"key":"Pantograph"},{"floor":14.0,"key":"Lantern"}],"event_choices":[{"event_name":"The Cleric","player_choice":"Card Removal","floor":2.0,"damage_taken":0.0},{"event_name":"Liars Game","player_choice":"disagreed","floor":4.0,"damage_taken":0.0},{"event_name":"Vampires","player_choice":"Ignored","floor":21.0,"damage_taken":0.0}],"boss_relics":[],"items_purged_floors":[],"potions_floor_spawned":[1,7,8,14,18,22,30],"seed_played":"-1754718319182263827","killed_by":"Collector","ascension_level":12,"potions_obtained":[{"floor":1.0,"key":"SteroidPotion"},{"floor":7.0,"key":"Fire Potion"},{"floor":8.0,"key":"Energy Potion"},{"floor":30.0,"key":"EssenceOfSteel"}],"is_trial":false}