{"gold_per_floor":[144,189,234,234,234,324,285,285,285,285,142,187,187,232,232,532,532,577,622,230,275,275,365,365,365,440,485,530,530,569,614,614,914,914,959,1004,1004,1049,1094,1094,1184,1229,1304,1349,1394,1484,1484,296,296,296],"floor_reached":51,"playtime":2137,"items_purged":["Strike_R","Defend_R"],"score":906,"play_id":"17b39b06-d75e-4d38-b3f0-776aaa72f23d","local_time":"20180818122101","daily_mods":["Specialized","Midas","Time Dilation"],"is_ascension_mode":false,"campfire_choices":[{"floor":8,"key":"REST"},{"data":"1","floor":10,"key":"LIFT"},{"data":"2","floor":13,"key":"LIFT"},{"data":"3","floor":15,"key":"LIFT"},{"floor":24,"key":"REST"},{"floor":29,"key":"REST"},{"floor":32,"key":"REST"},{"floor":40,"key":"REST"},{"floor":49,"key":"REST"}],"neow_cost":"","seed_source_timestamp":0,"circlet_count":0,"master_deck":["Strike_R","Strike_R","Strike_R","Defend_R+1","Defend_R","Defend_R","Bash","Double Tap","Double Tap+1","Double Tap","Double Tap","Twin Strike","Clothesline","Headbutt","Thunderclap","Pommel Strike","Whirlwind","Feed","Thunderclap","Reaper","Twin Strike","Heavy Blade+1","Mayhem","Clash","Flex+1","Inflame","Perfected Strike","Twin Strike","Limit Break","Twin Strike+1","Heavy Blade","Pommel Strike","Demon Form","Dropkick+1","Thunderclap+1","Perfected Strike+1","Spot Weakness","Perfected Strike","Wild Strike+1","Iron Wave+1","Intimidate+1","Pommel Strike","Iron Wave+1","Limit Break","Secret Weapon","Demon Form"],"special_seed":17761,"relics":["Burning Blood","Dream Catcher","Girya","Velvet Choker","OrangePellets","Gambling Chip","Nilry\u0027s Codex","Matryoshka","Red Mask","Philosopher\u0027s Stone","Nunchaku","Oddly Smooth Stone","Kunai","Paper Frog","Smiling Mask","Charon\u0027s Ashes","TheAbacus","Ice Cream","Mango"],"potions_floor_usage":[16,16,28,31,38,45,50],"damage_taken":[{"damage":6,"enemies":"Cultist","floor":1,"turns":3},{"damage":8,"enemies":"Small Slimes","floor":2,"turns":3},{"damage":7,"enemies":"2 Louse","floor":3,"turns":2},{"damage":37,"enemies":"3 Sentries","floor":6,"turns":9},{"damage":0,"enemies":"Exordium Thugs","floor":12,"turns":2},{"damage":2,"enemies":"Blue Slaver","floor":14,"turns":3},{"damage":62,"enemies":"The Guardian","floor":16,"turns":9},{"damage":0,"enemies":"Chosen","floor":18,"turns":1},{"damage":15,"enemies":"2 Thieves","floor":19,"turns":3},{"damage":6,"enemies":"Chosen and Byrds","floor":21,"turns":3},{"damage":7,"enemies":"Slavers","floor":23,"turns":2},{"damage":7,"enemies":"Centurion and Healer","floor":27,"turns":3},{"damage":12,"enemies":"3 Cultists","floor":28,"turns":3},{"damage":26,"floor":30,"turns":3},{"damage":0,"enemies":"Snecko","floor":31,"turns":2},{"damage":32,"enemies":"Collector","floor":33,"turns":3},{"damage":0,"enemies":"Flame Bruiser 1 Orb","floor":35,"turns":3},{"damage":9,"enemies":"3 Shapes","floor":36,"turns":2},{"damage":0,"enemies":"Transient","floor":38,"turns":5},{"damage":15,"enemies":"3 Darklings","floor":39,"turns":3},{"damage":18,"enemies":"Nemesis","floor":41,"turns":3},{"damage":4,"enemies":"Maw","floor":42,"turns":4},{"damage":0,"enemies":"Flame Bruiser 2 Orb","floor":44,"turns":2},{"damage":19,"enemies":"Transient","floor":45,"turns":5},{"damage":18,"enemies":"2 Orb Walkers","floor":46,"turns":3},{"damage":88,"enemies":"Donu and Deca","floor":50,"turns":5}],"seed_played":"-4914512092917117765","potions_obtained":[{"floor":6,"key":"BloodPotion"},{"floor":12,"key":"Swift Potion"},{"floor":16,"key":"Energy Potion"},{"floor":21,"key":"Block Potion"},{"floor":23,"key":"Regen Potion"},{"floor":33,"key":"Fire Potion"},{"floor":36,"key":"LiquidBronze"},{"floor":41,"key":"Swift Potion"},{"floor":45,"key":"SteroidPotion"}],"is_trial":false,"path_per_floor":["M","M","M","?","?","E","?","R","T","R","$","M","R","M","R","B",null,"M","M","$","M","?","E","R","?","T","M","M","R","?","M","R","B",null,"M","M","?","M","M","R","E","M","T","M","M","E","T","$","R","B"],"character_chosen":"IRONCLAD","items_purchased":["Whirlwind","Mayhem","OrangePellets","TheAbacus","Ice Cream","Mango","Limit Break","Secret Weapon"],"campfire_rested":6,"item_purchase_floors":[11,20,20,48,48,48,48,48],"current_hp_per_floor":[80,78,77,70,54,23,23,47,47,47,47,53,53,57,57,9,80,83,78,78,86,69,71,94,78,78,77,80,94,74,80,94,68,94,94,94,104,104,95,104,92,94,94,100,91,79,79,93,118,36],"gold":296,"neow_bonus":"","is_prod":false,"is_daily":true,"chose_seed":false,"campfire_upgraded":0,"win_rate":0,"timestamp":1534612861,"path_taken":["M","?","M","?","?","E","?","R","T","R","$","M","R","M","R","BOSS","M","M","$","?","?","E","R","?","T","M","M","R","?","M","R","BOSS","M","?","?","?","?","R","E","M","T","M","M","E","?","$","R","BOSS"],"build_version":"2018-08-16","purchased_purges":2,"victory":true,"max_hp_per_floor":[80,80,80,80,80,80,80,80,80,80,80,80,80,80,80,80,80,83,86,86,86,91,94,94,94,94,94,94,94,94,94,94,94,94,94,94,104,104,104,104,104,104,104,104,104,104,104,118,118,118],"card_choices":[{"not_picked":["Infernal Blade","Evolve"],"picked":"Twin Strike","floor":1},{"not_picked":["True Grit","Carnage"],"picked":"Clothesline","floor":2},{"not_picked":["Shrug It Off","Dark Embrace"],"picked":"Headbutt","floor":3},{"not_picked":["Searing Blow","Second Wind"],"picked":"Thunderclap","floor":6},{"not_picked":["Twin Strike","Disarm"],"picked":"Pommel Strike","floor":8},{"not_picked":["Dual Wield","Sword Boomerang"],"picked":"Feed","floor":12},{"not_picked":["Sword Boomerang","Disarm"],"picked":"Thunderclap","floor":14},{"not_picked":["Dark Embrace","Immolate"],"picked":"Reaper","floor":16},{"not_picked":["Hemokinesis","Shrug It Off"],"picked":"Twin Strike","floor":18},{"not_picked":["Warcry","Body Slam"],"picked":"Heavy Blade+1","floor":19},{"not_picked":["Cleave","Feel No Pain"],"picked":"Clash","floor":21},{"not_picked":["Warcry","Combust+1"],"picked":"Flex+1","floor":23},{"not_picked":["Pummel","Havoc"],"picked":"Inflame","floor":24},{"not_picked":["Headbutt","Iron Wave"],"picked":"Perfected Strike","floor":27},{"not_picked":["Shockwave","Feel No Pain"],"picked":"Twin Strike","floor":28},{"not_picked":["Combust+1","Body Slam"],"picked":"Limit Break","floor":29},{"not_picked":["Headbutt","Warcry"],"picked":"Twin Strike+1","floor":30},{"not_picked":["Thunderclap+1","Burning Pact"],"picked":"Heavy Blade","floor":31},{"not_picked":["Clothesline","Cleave+1"],"picked":"Pommel Strike","floor":32},{"not_picked":["Offering","Exhume"],"picked":"Demon Form","floor":33},{"not_picked":["Warcry+1","Bloodletting"],"picked":"Dropkick+1","floor":35},{"not_picked":["Second Wind+1","True Grit"],"picked":"Thunderclap+1","floor":36},{"not_picked":["Uppercut","Sentinel"],"picked":"Perfected Strike+1","floor":38},{"not_picked":["Sword Boomerang","Iron Wave"],"picked":"Spot Weakness","floor":39},{"not_picked":["Dropkick+1","Pommel Strike"],"picked":"Perfected Strike","floor":40},{"not_picked":["Clothesline","Brutality"],"picked":"Wild Strike+1","floor":41},{"not_picked":["Cleave+1","Warcry"],"picked":"Iron Wave+1","floor":42},{"not_picked":["Sever Soul+1","True Grit+1"],"picked":"Intimidate+1","floor":44},{"not_picked":["Shrug It Off","Whirlwind"],"picked":"Pommel Strike","floor":45},{"not_picked":["Shockwave","Twin Strike"],"picked":"Iron Wave+1","floor":46},{"not_picked":["Clash","Burning Pact+1"],"picked":"Demon Form","floor":49}],"player_experience":274237,"relics_obtained":[{"floor":6,"key":"Dream Catcher"},{"floor":9,"key":"Girya"},{"floor":23,"key":"Gambling Chip"},{"floor":25,"key":"Nilry\u0027s Codex"},{"floor":26,"key":"Matryoshka"},{"floor":30,"key":"Red Mask"},{"floor":41,"key":"Nunchaku"},{"floor":43,"key":"Oddly Smooth Stone"},{"floor":43,"key":"Kunai"},{"floor":46,"key":"Paper Frog"},{"floor":47,"key":"Smiling Mask"},{"floor":47,"key":"Charon\u0027s Ashes"}],"event_choices":[{"event_name":"Golden Wing","player_choice":"Card Removal","floor":4,"damage_taken":0},{"event_name":"Shining Light","player_choice":"Entered Light","floor":5,"damage_taken":0},{"event_name":"World of Goop","player_choice":"Left","floor":7,"damage_taken":0},{"event_name":"Forgotten Altar","player_choice":"Shed Blood","floor":22,"damage_taken":0},{"event_name":"Cursed Tome","player_choice":"Obtained Book","floor":25,"damage_taken":0},{"event_name":"Masked Bandits","player_choice":"Fought Bandits","floor":30,"damage_taken":0},{"event_name":"Bonfire Elementals","player_choice":"RARE","floor":37,"damage_taken":0}],"is_beta":false,"boss_relics":[{"not_picked":["Eternal Feather","White Beast Statue"],"picked":"Velvet Choker"},{"not_picked":["Empty Cage","Black Star"],"picked":"Philosopher\u0027s Stone"}],"items_purged_floors":[11,48],"is_endless":false,"potions_floor_spawned":[6,12,16,21,23,27,33,36,41,44,45,46],"ascension_level":0}