{"gold_per_floor":[114,114,126,126,138,138,164,164,187,214,214,229,239,259,259,359,359,375,391,391,403,420,420,454,474,474,486,486],"floor_reached":28,"playtime":1859,"items_purged":[],"score":254,"play_id":"54406a24-de88-490e-a33a-06a6fc117957","local_time":"20181124002409","is_ascension_mode":false,"campfire_choices":[{"data":"Caltrops","floor":6,"key":"SMITH"},{"data":"Backflip","floor":8,"key":"SMITH"},{"floor":15,"key":"REST"},{"floor":23,"key":"REST"}],"neow_cost":"NONE","seed_source_timestamp":183579470293985,"circlet_count":0,"master_deck":["Defend_G","Defend_G","Defend_G","Defend_G","Defend_G","Strike_G","Strike_G","Strike_G","Strike_G","Strike_G","Survivor","Neutralize","Dagger Spray+1","Caltrops+1","Backflip+1","PiercingWail","A Thousand Cuts","Parasite","Deflect","Quick Slash","Cloak And Dagger","Envenom","Noxious Fumes","PiercingWail","Finesse","Flying Knee","Bouncing Flask","After Image","Dash","Riddle With Holes+1"],"relics":["Ring of the Snake","Bronze Scales","Oddly Smooth Stone","Boot","Snake Skull","WristBlade","The Specimen","Molten Egg 2"],"potions_floor_usage":[21,24,25,28],"damage_taken":[{"damage":0,"enemies":"Cultist","floor":1,"turns":3},{"damage":0,"enemies":"Jaw Worm","floor":3,"turns":4},{"damage":0,"enemies":"2 Louse","floor":5,"turns":1},{"damage":7,"enemies":"3 Sentries","floor":7,"turns":5},{"damage":26,"enemies":"Lagavulin","floor":10,"turns":8},{"damage":0,"enemies":"Gremlin Gang","floor":12,"turns":3},{"damage":0,"enemies":"Large Slime","floor":13,"turns":5},{"damage":0,"enemies":"2 Fungi Beasts","floor":14,"turns":3},{"damage":28,"enemies":"Hexaghost","floor":16,"turns":10},{"damage":18,"enemies":"2 Thieves","floor":18,"turns":4},{"damage":11,"enemies":"Shell Parasite","floor":19,"turns":5},{"damage":6,"enemies":"Snecko","floor":21,"turns":6},{"damage":25,"enemies":"Cultist and Chosen","floor":22,"turns":7},{"damage":19,"enemies":"Slavers","floor":24,"turns":4},{"damage":8,"enemies":"Sentry and Sphere","floor":25,"turns":4},{"damage":3,"enemies":"Centurion and Healer","floor":27,"turns":8},{"damage":5,"enemies":"3 Cultists","floor":28,"turns":3}],"seed_played":"-6850309695631216185","potions_obtained":[{"floor":3,"key":"Regen Potion"},{"floor":5,"key":"AttackPotion"},{"floor":10,"key":"Fire Potion"},{"floor":27,"key":"EssenceOfSteel"}],"is_trial":false,"path_per_floor":["M","?","M","?","M","R","E","R","T","E","?","M","M","M","R","B",null,"M","M","?","M","M","R","E","M","T","M","M"],"character_chosen":"THE_SILENT","items_purchased":[],"campfire_rested":2,"item_purchase_floors":[],"current_hp_per_floor":[70,70,70,70,70,70,63,63,63,37,54,54,54,54,70,42,70,52,41,27,36,11,32,13,5,5,2,0],"gold":486,"neow_bonus":"RANDOM_COMMON_RELIC","is_prod":false,"is_daily":false,"chose_seed":false,"campfire_upgraded":2,"win_rate":0.0,"timestamp":1543037049,"path_taken":["M","?","M","?","?","R","E","R","T","E","?","M","M","M","R","BOSS","M","M","?","M","M","R","E","M","T","M","?"],"build_version":"2018-11-15","purchased_purges":0,"victory":false,"max_hp_per_floor":[70,70,70,70,70,70,70,70,70,70,70,70,70,70,70,70,70,70,70,70,70,70,70,70,70,70,70,70],"card_choices":[{"not_picked":["Quick Slash","Dash"],"picked":"Dagger Spray","floor":1},{"not_picked":["Deadly Poison","Deflect"],"picked":"Caltrops","floor":3},{"not_picked":["Outmaneuver","Sucker Punch"],"picked":"Backflip","floor":5},{"not_picked":["Sucker Punch","Tactician"],"picked":"PiercingWail","floor":7},{"not_picked":["Masterful Stab","Glass Knife"],"picked":"A Thousand Cuts","floor":10},{"not_picked":["Infinite Blades","PiercingWail"],"picked":"Deflect","floor":12},{"not_picked":["Underhanded Strike","Blade Dance"],"picked":"Quick Slash","floor":13},{"not_picked":["Underhanded Strike","Storm of Steel"],"picked":"Cloak And Dagger","floor":14},{"not_picked":["Burst","Grand Finale"],"picked":"Envenom","floor":16},{"not_picked":["Acrobatics","Endless Agony"],"picked":"Noxious Fumes","floor":18},{"not_picked":["Accuracy","Reflex"],"picked":"PiercingWail","floor":19},{"not_picked":["Outmaneuver","Sucker Punch+1"],"picked":"Flying Knee","floor":21},{"not_picked":["Slice+1","Sucker Punch+1"],"picked":"Bouncing Flask","floor":22},{"not_picked":["Prepared","Calculated Gamble"],"picked":"After Image","floor":24},{"not_picked":["Blade Dance","Eviscerate"],"picked":"Dash","floor":25},{"not_picked":["Sucker Punch+1","Catalyst"],"picked":"Riddle With Holes+1","floor":27}],"player_experience":70846,"relics_obtained":[{"floor":7,"key":"Oddly Smooth Stone"},{"floor":9,"key":"Boot"},{"floor":10,"key":"Snake Skull"},{"floor":24,"key":"The Specimen"},{"floor":26,"key":"Molten Egg 2"}],"event_choices":[{"damage_healed":0,"gold_gain":0,"player_choice":"Grow","damage_taken":0,"max_hp_gain":0,"max_hp_loss":0,"event_name":"Living Wall","floor":2,"gold_loss":0,"cards_upgraded":["Dagger Spray"]},{"damage_healed":0,"gold_gain":0,"player_choice":"Ignored","damage_taken":0,"max_hp_gain":0,"max_hp_loss":0,"event_name":"Purifier","floor":4,"gold_loss":0},{"damage_healed":17,"gold_gain":0,"player_choice":"Healed and dodged fight","damage_taken":0,"max_hp_gain":0,"max_hp_loss":0,"event_name":"Mushrooms","floor":11,"gold_loss":0,"cards_obtained":["Parasite"]},{"damage_healed":0,"gold_gain":0,"player_choice":"CARD ","damage_taken":14,"max_hp_gain":0,"max_hp_loss":0,"event_name":"Knowing Skull","floor":20,"potions_obtained":[],"gold_loss":0,"cards_obtained":["Finesse"]}],"is_beta":false,"boss_relics":[{"not_picked":["Coffee Dripper","Runic Pyramid"],"picked":"WristBlade"}],"items_purged_floors":[],"is_endless":false,"potions_floor_spawned":[3,5,10,14,21,27],"killed_by":"3 Cultists","ascension_level":0}