{"gold_per_floor":[114,189,204,204,219,219,234,234,259,289,304,28,43,58,58,158,158,173,188,203,203,218,218,136,151,151,151,151,151,181,208,220,332,344,371,398,425,33,48,78,78,93,93,93,93,0,50,65,65,65],"floor_reached":51,"playtime":2186,"items_purged":["Normality"],"score":1053,"play_id":"90c85e44-6f1f-478b-9798-850752734762","local_time":"20180901130633","daily_mods":["Shiny","Cursed Run","Uncertain Future"],"is_ascension_mode":false,"campfire_choices":[{"data":"Bludgeon","floor":6,"key":"SMITH"},{"data":"True Grit","floor":8,"key":"SMITH"},{"data":"True Grit","floor":15,"key":"SMITH"},{"data":"Exhume","floor":23,"key":"SMITH"},{"data":"1","floor":29,"key":"LIFT"},{"data":"2","floor":32,"key":"LIFT"},{"data":"3","floor":41,"key":"LIFT"},{"data":"Limit Break","floor":45,"key":"SMITH"},{"data":"Offering","floor":49,"key":"SMITH"}],"neow_cost":"","seed_source_timestamp":0,"circlet_count":0,"master_deck":["Double Tap","Demon Form","Bludgeon+1","Feed","Limit Break+1","Fiend Fire","Dark Embrace","Impervious","Brutality","Reaper","Exhume+1","Offering+1","Immolate","True Grit+1","True Grit+1","Flex+1","Inflame","Heavy Blade","Shockwave+1","Flex+1","True Grit+1","Pummel","Pain","Bludgeon","Bludgeon+1","Uppercut+1","Wild Strike+1","Thunderclap","Inflame+1","Disarm+1","Corruption+1","Dropkick","Pain","Disarm+1","Doubt","Impervious+1","Regret","Normality","Regret","Clothesline+1","Burning Pact+1","Heavy Blade","Apotheosis+1","Bloodletting+1","Warcry+1","Injury","Limit Break+1","Parasite","Double Tap+1","Parasite"],"special_seed":17775,"relics":["Cursed Key","Darkstone Periapt","Du-Vu Doll","Toxic Egg 2","Oddly Smooth Stone","Ornamental Fan","Vajra","Astrolabe","Orichalcum","Girya","Enchiridion","MawBank","Calling Bell","Art of War","Pear","Torii","Toolbox","Boot","Smiling Mask","Red Mask","Lantern"],"potions_floor_usage":[10,18,18,25,50],"damage_taken":[{"damage":0,"enemies":"Jaw Worm","floor":1,"turns":2},{"damage":1,"enemies":"2 Louse","floor":3,"turns":2},{"damage":0,"enemies":"Cultist","floor":5,"turns":2},{"damage":17,"enemies":"Large Slime","floor":7,"turns":2},{"damage":12,"enemies":"Lagavulin","floor":10,"turns":4},{"damage":34,"enemies":"3 Louse","floor":11,"turns":3},{"damage":0,"enemies":"Looter","floor":13,"turns":2},{"damage":18,"enemies":"Exordium Wildlife","floor":14,"turns":3},{"damage":7,"enemies":"Slime Boss","floor":16,"turns":2},{"damage":9,"enemies":"3 Byrds","floor":18,"turns":4},{"damage":17,"enemies":"Shell Parasite","floor":19,"turns":3},{"damage":32,"enemies":"Centurion and Healer","floor":20,"turns":4},{"damage":4,"enemies":"3 Cultists","floor":22,"turns":3},{"damage":2,"enemies":"Cultist and Chosen","floor":25,"turns":3},{"damage":6,"enemies":"Book of Stabbing","floor":30,"turns":3},{"damage":5,"enemies":"Shelled Parasite and Fungi","floor":31,"turns":3},{"damage":29,"enemies":"Automaton","floor":33,"turns":6},{"damage":8,"enemies":"Orb Walker","floor":35,"turns":3},{"damage":19,"enemies":"3 Darklings","floor":36,"turns":4},{"damage":22,"enemies":"4 Shapes","floor":37,"turns":4},{"damage":20,"enemies":"Reptomancer","floor":39,"turns":3},{"damage":7,"enemies":"Giant Head","floor":40,"turns":5},{"damage":13,"enemies":"Spire Growth","floor":42,"turns":3},{"damage":1,"enemies":"Jaw Worm Horde","floor":48,"turns":2},{"damage":53,"enemies":"Awakened One","floor":50,"turns":6}],"seed_played":"7006954628493323479","potions_obtained":[{"floor":1,"key":"SkillPotion"},{"floor":11,"key":"SkillPotion"},{"floor":14,"key":"SpeedPotion"},{"floor":19,"key":"FearPotion"},{"floor":22,"key":"GamblersBrew"},{"floor":30,"key":"LiquidBronze"},{"floor":33,"key":"SneckoOil"},{"floor":37,"key":"Explosive Potion"},{"floor":42,"key":"SteroidPotion"}],"is_trial":false,"path_per_floor":["M","?","M","?","M","R","M","R","T","E","M","$","M","M","R","B",null,"M","M","M","?","M","R","$","M","T","?","?","R","E","M","R","B",null,"M","M","M","$","M","E","R","M","T","?","R","?","T","M","R","B"],"character_chosen":"IRONCLAD","items_purchased":["Vajra","Flex+1","Corruption","Toolbox","Apotheosis+1"],"campfire_rested":0,"item_purchase_floors":[12,12,24,38,38],"current_hp_per_floor":[83,72,74,71,71,71,57,57,63,51,56,56,59,51,51,50,104,98,81,79,79,93,93,93,107,113,97,97,97,94,89,89,66,150,142,148,134,134,137,134,134,142,148,148,148,148,154,153,153,140],"gold":65,"neow_bonus":"","is_prod":false,"is_daily":true,"chose_seed":false,"campfire_upgraded":6,"win_rate":0,"timestamp":1535799993,"path_taken":["M","?","M","?","?","R","M","R","T","E","M","$","M","M","R","BOSS","M","M","M","?","M","R","$","M","T","?","?","R","E","M","R","BOSS","M","M","M","$","M","E","R","M","T","?","R","?","?","M","R","BOSS"],"build_version":"2018-08-30","purchased_purges":1,"victory":true,"max_hp_per_floor":[83,83,86,86,86,86,89,89,95,95,95,95,98,98,98,104,104,104,104,104,104,104,104,104,107,113,113,113,113,116,116,116,122,150,150,150,150,150,150,154,154,154,160,160,160,160,166,166,166,172],"card_choices":[{"not_picked":["Hemokinesis","Havoc"],"picked":"True Grit","floor":1},{"not_picked":["Body Slam","Wild Strike"],"picked":"True Grit","floor":3},{"not_picked":["Perfected Strike","Sword Boomerang"],"picked":"Flex+1","floor":5},{"not_picked":["True Grit+1","Dropkick"],"picked":"Inflame","floor":7},{"not_picked":["Perfected Strike","Rupture"],"picked":"Heavy Blade","floor":10},{"not_picked":["Pommel Strike","Dark Embrace"],"picked":"Shockwave+1","floor":11},{"not_picked":["Havoc+1","Anger"],"picked":"True Grit+1","floor":13},{"not_picked":["Armaments+1","Body Slam"],"picked":"Pummel","floor":14},{"not_picked":["Demon Form","Dark Embrace"],"picked":"Bludgeon","floor":16},{"not_picked":["Clothesline","Iron Wave+1"],"picked":"Thunderclap","floor":18},{"not_picked":["Anger+1","Juggernaut"],"picked":"Inflame+1","floor":19},{"not_picked":["Uppercut","Flame Barrier+1"],"picked":"Disarm+1","floor":20},{"not_picked":["Heavy Blade","Shockwave+1","Thunderclap+1"],"picked":"SKIP","floor":22},{"not_picked":["Uppercut","Sentinel+1"],"picked":"Dropkick","floor":25},{"not_picked":["Warcry+1","Intimidate+1"],"picked":"Disarm+1","floor":30},{"not_picked":["Sword Boomerang","Wild Strike","Flex+1"],"picked":"SKIP","floor":31},{"not_picked":["Bludgeon","Juggernaut"],"picked":"Impervious+1","floor":33},{"not_picked":["Perfected Strike","Whirlwind+1"],"picked":"Clothesline+1","floor":35},{"not_picked":["Thunderclap","Anger+1"],"picked":"Burning Pact+1","floor":36},{"not_picked":["Power Through+1","Thunderclap+1"],"picked":"Heavy Blade","floor":37},{"not_picked":["Power Through+1","Thunderclap","Twin Strike"],"picked":"SKIP","floor":39},{"not_picked":["Rampage","Metallicize"],"picked":"Bloodletting+1","floor":40},{"not_picked":["Uppercut","Headbutt+1"],"picked":"Warcry+1","floor":42},{"not_picked":["Pommel Strike+1","Havoc+1"],"picked":"Double Tap+1","floor":48}],"player_experience":87944,"relics_obtained":[{"floor":9,"key":"Oddly Smooth Stone"},{"floor":10,"key":"Ornamental Fan"},{"floor":26,"key":"Girya"},{"floor":27,"key":"Enchiridion"},{"floor":30,"key":"MawBank"},{"floor":34,"key":"Art of War"},{"floor":34,"key":"Pear"},{"floor":34,"key":"Torii"},{"floor":40,"key":"Boot"},{"floor":43,"key":"Smiling Mask"},{"floor":47,"key":"Lantern"}],"event_choices":[{"event_name":"World of Goop","player_choice":"Gather Gold","floor":2,"damage_taken":0},{"event_name":"Scrap Ooze","player_choice":"success","floor":4,"damage_taken":3},{"event_name":"The Mausoleum","player_choice":"Yes","floor":21,"damage_taken":0},{"event_name":"Cursed Tome","player_choice":"Obtained Book","floor":27,"damage_taken":0},{"event_name":"Accursed Blacksmith","player_choice":"Forge","floor":28,"damage_taken":0},{"event_name":"Duplicator","player_choice":"One dupe","floor":44,"damage_taken":0},{"event_name":"Tomb of Lord Red Mask","player_choice":"Paid","floor":46,"damage_taken":0}],"is_beta":true,"boss_relics":[{"not_picked":["Runic Cube","Runic Dome"],"picked":"Astrolabe"},{"not_picked":["Lizard Tail","Empty Cage"],"picked":"Calling Bell"}],"items_purged_floors":[12],"is_endless":false,"potions_floor_spawned":[1,11,14,19,22,30,33,37,42],"ascension_level":0}