{"path_per_floor":["M","?","M","M","M","R","E","R","T","E","T","R","M","E","R","B",null,"M","M","T","M","M","E","R","E","T","E","?","R","?","M","R"],"character_chosen":"IRONCLAD","items_purchased":[],"gold_per_floor":[109,184,196,207,222,222,250,250,250,277,353,353,368,403,403,507,507,520,530,530,547,566,600,600,631,631,662,662,662,662,676,676,676],"floor_reached":33,"campfire_rested":2,"playtime":1656,"current_hp_per_floor":[76,65,70,70,66,66,40,40,40,26,26,53,51,45,45,15,71,55,48,48,32,31,11,38,63,63,35,35,35,35,53,53,0],"items_purged":[],"gold":676,"score":423,"play_id":"54042174-8001-427e-9010-ebb7f45180bb","local_time":"20180421222222","is_prod":false,"is_daily":false,"chose_seed":false,"is_ascension_mode":true,"campfire_upgraded":5,"timestamp":1524367342,"path_taken":["M","?","M","M","?","R","E","R","T","E","?","R","M","E","R","BOSS","M","M","?","M","M","E","R","E","T","E","?","R","?","M","R","BOSS"],"build_version":"2018-04-19","seed_source_timestamp":2339951498859360,"purchased_purges":0,"victory":false,"master_deck":["Strike_R","Strike_R","Strike_R","Strike_R","Strike_R","Defend_R","Defend_R","Defend_R","Defend_R","Bash+1","Pommel Strike","Dropkick+1","Burning Pact","Dropkick+1","Uppercut+1","Shrug It Off+1","Flex+1","Exhume+1","Berserk+1","Rage+1","Armaments+1","Intimidate+1","Flex+1","Shrug It Off+1","Feed+1","True Grit+1","Warcry+1","Warcry+1"],"max_hp_per_floor":[80,80,80,80,80,80,80,80,80,90,90,90,90,90,90,90,90,90,90,90,90,90,90,90,90,90,90,90,90,90,94,94,94],"relics":["Burning Blood","Mercury Hourglass","Toxic Egg 2","Pear","Tiny Chest","Toolbox","Lizard Tail","The Courier","Meat on the Bone","Bag of Marbles","Bottled Lightning","Question Card"],"card_choices":[{"not_picked":["Anger","Sentinel"],"picked":"Pommel Strike","floor":1},{"not_picked":["Entrench","Bloodletting"],"picked":"Dropkick","floor":3},{"not_picked":["Heavy Blade","Wild Strike"],"picked":"Burning Pact","floor":4},{"not_picked":["Corruption","Sword Boomerang"],"picked":"Dropkick","floor":5},{"not_picked":["Iron Wave","Reckless Charge"],"picked":"Uppercut","floor":7},{"not_picked":["Dark Embrace","Combust"],"picked":"Shrug It Off","floor":10},{"not_picked":["Armaments","Body Slam"],"picked":"Flex","floor":13},{"not_picked":["Thunderclap","Heavy Blade"],"picked":"Exhume","floor":14},{"not_picked":["Dark Embrace","Demon Form"],"picked":"Berserk","floor":16},{"not_picked":["Headbutt","Anger"],"picked":"Rage","floor":18},{"not_picked":["Iron Wave","Hemokinesis"],"picked":"Armaments","floor":19},{"not_picked":["Blood for Blood","Dual Wield"],"picked":"Intimidate","floor":21},{"not_picked":["Clash","Pommel Strike"],"picked":"Flex","floor":22},{"not_picked":["Heavy Blade","Ghostly Armor"],"picked":"Shrug It Off","floor":23},{"not_picked":["Perfected Strike","Dual Wield"],"picked":"Feed","floor":25},{"not_picked":["Havoc","Cleave"],"picked":"True Grit","floor":27},{"not_picked":["Pummel","Sword Boomerang","Iron Wave"],"picked":"Warcry","floor":31}],"player_experience":186371,"potions_floor_usage":[1,5,14,18,22,25,33,33,33],"damage_taken":[{"damage":2,"enemies":"Jaw Worm","floor":1,"turns":3},{"damage":1,"enemies":"2 Louse","floor":3,"turns":3},{"damage":6,"enemies":"Cultist","floor":4,"turns":3},{"damage":10,"enemies":"Gremlin Gang","floor":5,"turns":6},{"damage":32,"enemies":"Gremlin Nob","floor":7,"turns":4},{"damage":30,"enemies":"Lagavulin","floor":10,"turns":5},{"damage":8,"enemies":"Exordium Thugs","floor":13,"turns":3},{"damage":12,"enemies":"Gremlin Nob","floor":14,"turns":3},{"damage":36,"enemies":"Hexaghost","floor":16,"turns":10},{"damage":22,"enemies":"Chosen","floor":18,"turns":5},{"damage":13,"enemies":"2 Thieves","floor":19,"turns":3},{"damage":22,"enemies":"Cultist and Chosen","floor":21,"turns":6},{"damage":15,"enemies":"Snake Plant","floor":22,"turns":4},{"damage":26,"enemies":"Book of Stabbing","floor":23,"turns":5},{"damage":43,"enemies":"Slavers","floor":25,"turns":7},{"damage":46,"enemies":"Gremlin Leader","floor":27,"turns":8},{"damage":4,"enemies":"3 Cultists","floor":31,"turns":3},{"damage":81,"enemies":"Collector","floor":33,"turns":7}],"event_choices":[{"event_name":"World of Goop","player_choice":"Gather Gold","floor":2,"damage_taken":0},{"event_name":"The Library","player_choice":"Read","floor":28,"damage_taken":0},{"event_name":"Upgrade Shrine","player_choice":"Upgraded","floor":30,"damage_taken":0}],"boss_relics":[{"not_picked":["Ectoplasm","Runic Dome"],"picked":"Lizard Tail"}],"potions_floor_spawned":[3,4,14,16,18,23,27,31],"seed_played":"5864590374856308773","killed_by":"Collector","ascension_level":6,"is_trial":false}