{"gold_per_floor":[129,141,166,178,265,277,306,346,358,382,405,417,454,484,496,610,622,654,765,655,670,688,688,688],"floor_reached":24,"playtime":1544,"items_purged":["Strike_B"],"score":291,"play_id":"1bb56003-ece9-4e0b-9abc-71e72e6ad95f","local_time":"20180803090111","is_ascension_mode":true,"campfire_choices":[{"data":"Sweeping Beam","floor":6,"key":"SMITH"},{"floor":15,"key":"REST"},{"floor":23,"key":"REST"}],"neow_cost":"NONE","seed_source_timestamp":44975048189877,"circlet_count":0,"master_deck":["Strike_B","Strike_B","Strike_B","Defend_B","Defend_B","Defend_B","Defend_B","Zap+1","Dualcast","Sweeping Beam+1","Hologram","Tempest","Echo Form","Loop","Streamline","Reinforced Body","Echo Form","Conserve Battery","Beam Cell"],"relics":["Cracked Core","MawBank","Peace Pipe","Turnip","Darkstone Periapt","Busted Crown"],"potions_floor_usage":[13,14,16,21],"damage_taken":[{"damage":2,"enemies":"Jaw Worm","floor":1,"turns":3},{"damage":0,"enemies":"Small Slimes","floor":3,"turns":3},{"damage":1,"enemies":"Cultist","floor":7,"turns":3},{"damage":19,"enemies":"3 Sentries","floor":8,"turns":4},{"damage":0,"enemies":"Large Slime","floor":10,"turns":4},{"damage":6,"enemies":"Exordium Wildlife","floor":11,"turns":2},{"damage":22,"enemies":"Lagavulin","floor":13,"turns":5},{"damage":1,"enemies":"Looter","floor":14,"turns":3},{"damage":22,"enemies":"The Guardian","floor":16,"turns":10},{"damage":17,"enemies":"Spheric Guardian","floor":18,"turns":4},{"damage":17,"enemies":"2 Thieves","floor":21,"turns":3},{"damage":17,"enemies":"Snake Plant","floor":22,"turns":3},{"damage":29,"enemies":"Slavers","floor":24,"turns":1}],"seed_played":"6672293190192036960","potions_obtained":[{"floor":10,"key":"SkillPotion"},{"floor":11,"key":"AttackPotion"},{"floor":14,"key":"Poison Potion"},{"floor":16,"key":"LiquidBronze"},{"floor":18,"key":"Ancient Potion"},{"floor":22,"key":"FearPotion"}],"is_trial":false,"path_per_floor":["M","?","M","$","?","R","M","E","T","M","M","$","E","M","R","B",null,"M","?","$","M","M","R"],"character_chosen":"DEFECT","items_purchased":["Conserve Battery"],"campfire_rested":2,"item_purchase_floors":[20],"current_hp_per_floor":[66,66,66,66,55,55,54,35,35,35,29,29,7,6,28,6,58,41,41,41,24,7,29,0],"gold":688,"neow_bonus":"RANDOM_COMMON_RELIC","is_prod":false,"is_daily":false,"chose_seed":false,"campfire_upgraded":1,"win_rate":0,"timestamp":1533250871,"path_taken":["M","?","M","?","?","R","M","E","T","M","?","?","E","M","R","BOSS","M","?","$","?","M","R","E"],"build_version":"2018-07-26","purchased_purges":1,"victory":false,"max_hp_per_floor":[75,75,75,75,75,75,75,75,75,75,75,75,75,75,75,75,75,75,75,75,75,75,75,75],"card_choices":[{"not_picked":["Redo","Rebound"],"picked":"Sweeping Beam","floor":1},{"not_picked":["Force Field","Stack"],"picked":"Hologram","floor":3},{"not_picked":["Rebound","Reprogram"],"picked":"Tempest","floor":7},{"not_picked":["Hologram","Streamline"],"picked":"Echo Form","floor":8},{"not_picked":["Redo","Compile Driver"],"picked":"Loop","floor":10},{"not_picked":["Melter","Steam","Hologram"],"picked":"SKIP","floor":11},{"not_picked":["Melter","Static Discharge"],"picked":"Streamline","floor":13},{"not_picked":["Redo","Auto Shields"],"picked":"Reinforced Body","floor":14},{"not_picked":["Amplify","Fission"],"picked":"Echo Form","floor":16},{"not_picked":["Stack"],"picked":"SKIP","floor":18},{"not_picked":[],"picked":"Beam Cell","floor":21},{"not_picked":["Turbo+1"],"picked":"SKIP","floor":22}],"player_experience":608971,"relics_obtained":[{"floor":8,"key":"Peace Pipe"},{"floor":9,"key":"Turnip"},{"floor":13,"key":"Darkstone Periapt"}],"event_choices":[{"event_name":"Living Wall","player_choice":"Grow","floor":2,"damage_taken":0},{"event_name":"World of Goop","player_choice":"Gather Gold","floor":5,"damage_taken":0},{"event_name":"Nest","player_choice":"Stole From Cult","floor":19,"damage_taken":0}],"is_beta":false,"boss_relics":[{"not_picked":["Fusion Hammer","Runic Dome"],"picked":"Busted Crown"}],"items_purged_floors":[20],"is_endless":false,"potions_floor_spawned":[10,11,14,16,18,22],"killed_by":"Slavers","ascension_level":8}