{"gold_per_floor":[116,116,116,133,153,153,171,186,186,186,186,218,218,55,55,126,126,136,136,136,149,199,199,199,199,199,215,231,231,241,275,275,349,349,365,148,167,180,226,226,236,254,254,272,272,272,304,317,317,317],"floor_reached":51,"playtime":6179,"items_purged":["Strike_G","Writhe"],"score":1358,"play_id":"12e291f7-2180-4554-b83e-906bbe13bb3f","local_time":"20181015084244","is_ascension_mode":true,"campfire_choices":[{"data":"Noxious Fumes","floor":6.0,"key":"SMITH"},{"data":"Deadly Poison","floor":11.0,"key":"SMITH"},{"floor":13.0,"key":"REST"},{"data":"Footwork","floor":15.0,"key":"SMITH"},{"data":"Adrenaline","floor":23.0,"key":"SMITH"},{"data":"Deflect","floor":25.0,"key":"SMITH"},{"data":"Catalyst","floor":29.0,"key":"SMITH"},{"data":"Bane","floor":32.0,"key":"SMITH"},{"data":"Corpse Explosion","floor":40.0,"key":"SMITH"},{"floor":46.0,"key":"REST"},{"data":"Leg Sweep","floor":49,"key":"SMITH"}],"neow_cost":"TEN_PERCENT_HP_LOSS","seed_source_timestamp":0,"circlet_count":0,"master_deck":["Defend_G","Defend_G","Defend_G","Defend_G","Defend_G","Strike_G","Strike_G","Survivor","Neutralize+1","AscendersBane","Noxious Fumes+1","Poisoned Stab","Bane+1","Cloak And Dagger","Deadly Poison+1","Footwork+1","Bandage Up","Adrenaline+1","Backflip","Deflect+1","Blur","Catalyst+1","Leg Sweep+1","Corpse Explosion+1","Escape Plan+1","Dash"],"special_seed":0,"relics":["Ring of the Serpent","FossilizedHelix","Smiling Mask","Oddly Smooth Stone","Singing Bowl","Nilry\u0027s Codex","Dodecahedron","Thread and Needle","Tough Bandages","Eternal Feather","Bag of Preparation","Peace Pipe","Pantograph","Torii"],"potions_floor_usage":[47],"damage_taken":[{"damage":0.0,"enemies":"Small Slimes","floor":1.0,"turns":4.0},{"damage":4.0,"enemies":"Jaw Worm","floor":4.0,"turns":5.0},{"damage":0.0,"enemies":"Cultist","floor":5.0,"turns":4.0},{"damage":0.0,"enemies":"2 Fungi Beasts","floor":7.0,"turns":3.0},{"damage":0.0,"enemies":"Looter","floor":8.0,"turns":3.0},{"damage":13.0,"enemies":"3 Sentries","floor":12.0,"turns":9.0},{"damage":5.0,"enemies":"Hexaghost","floor":16.0,"turns":9.0},{"damage":0.0,"enemies":"Chosen","floor":18.0,"turns":5.0},{"damage":0.0,"enemies":"Shell Parasite","floor":21.0,"turns":4.0},{"damage":0.0,"enemies":"Chosen and Byrds","floor":27.0,"turns":6.0},{"damage":0.0,"enemies":"Shelled Parasite and Fungi","floor":28.0,"turns":8.0},{"damage":0.0,"enemies":"Snake Plant","floor":30.0,"turns":5.0},{"damage":0.0,"enemies":"Book of Stabbing","floor":31.0,"turns":8.0},{"damage":8.0,"enemies":"Automaton","floor":33.0,"turns":12.0},{"damage":18.0,"enemies":"3 Darklings","floor":35.0,"turns":4.0},{"damage":0.0,"enemies":"Orb Walker","floor":37.0,"turns":4.0},{"damage":17.0,"enemies":"3 Darklings","floor":38.0,"turns":4.0},{"damage":19.0,"enemies":"Mysterious Sphere","floor":39.0,"turns":5.0},{"damage":13.0,"enemies":"4 Shapes","floor":41.0,"turns":4.0},{"damage":18.0,"enemies":"Reptomancer","floor":42.0,"turns":13.0},{"damage":11.0,"enemies":"Sphere and 2 Shapes","floor":44.0,"turns":8.0},{"damage":17,"enemies":"Giant Head","floor":47,"turns":11},{"damage":0,"enemies":"4 Shapes","floor":48,"turns":4},{"damage":1,"enemies":"Time Eater","floor":50,"turns":16}],"seed_played":"1184273306416373867","potions_obtained":[{"floor":1.0,"key":"EssenceOfSteel"},{"floor":4.0,"key":"Poison Potion"},{"floor":18.0,"key":"Ancient Potion"},{"floor":21.0,"key":"Ancient Potion"},{"floor":31.0,"key":"Weak Potion"},{"floor":37.0,"key":"Fire Potion"},{"floor":39.0,"key":"Fire Potion"},{"floor":41.0,"key":"SteroidPotion"},{"floor":44.0,"key":"Regen Potion"},{"floor":48,"key":"SteroidPotion"}],"is_trial":false,"path_per_floor":["M","?","?","M","M","R","M","M","T","?","R","E","R","$","R","B",null,"M","?","?","M","?","R","?","R","T","M","M","R","M","E","R","B",null,"M","$","M","M","?","R","M","M","T","M","?","R","E","M","R","B"],"character_chosen":"THE_SILENT","items_purchased":["Bandage Up","Bag of Preparation"],"campfire_rested":2,"item_purchase_floors":[14,36],"current_hp_per_floor":[59,52,41,37,37,37,37,37,37,37,37,24,42,42,42,41,55,59,59,38,44,44,44,44,44,44,48,52,52,56,62,62,56,62,50,50,56,45,30,45,36,24,24,19,19,56,59,65,78,77],"gold":317,"neow_bonus":"ONE_RARE_RELIC","is_prod":false,"is_daily":false,"chose_seed":false,"campfire_upgraded":9,"win_rate":0,"timestamp":1539618164,"path_taken":["M","?","?","M","M","R","M","?","T","?","R","E","R","?","R","BOSS","M","?","?","M","?","R","?","R","T","M","?","R","M","E","R","BOSS","M","$","M","M","?","R","M","M","T","M","?","R","E","M","R","BOSS"],"build_version":"2018-10-11","purchased_purges":2,"victory":true,"max_hp_per_floor":[60,60,60,60,60,60,60,60,60,60,60,60,60,60,60,60,60,60,60,60,62,62,62,62,62,62,62,62,62,62,64,64,64,64,66,66,68,70,70,70,70,72,72,74,74,74,76,78,78,78],"card_choices":[{"not_picked":["Outmaneuver","Backflip"],"picked":"Noxious Fumes","floor":1.0},{"not_picked":["Cloak And Dagger","Quick Slash"],"picked":"Poisoned Stab","floor":4.0},{"not_picked":["Outmaneuver","Deflect"],"picked":"Bane","floor":5.0},{"not_picked":["Deflect","Outmaneuver"],"picked":"Cloak And Dagger","floor":7.0},{"not_picked":["Bouncing Flask","Tactician"],"picked":"Deadly Poison","floor":8.0},{"not_picked":["Deadly Poison","Heel Hook"],"picked":"Footwork","floor":12.0},{"not_picked":["Grand Finale","Corpse Explosion"],"picked":"Adrenaline","floor":16.0},{"not_picked":["PiercingWail","Quick Slash"],"picked":"Backflip","floor":18.0},{"not_picked":["Flying Knee","Dagger Spray","Quick Slash+1"],"picked":"Singing Bowl","floor":21.0},{"not_picked":["Backflip","Terror"],"picked":"Blur","floor":27.0},{"not_picked":["Backflip","Flechettes"],"picked":"Catalyst","floor":28.0},{"not_picked":["Dagger Spray","Slice"],"picked":"Leg Sweep","floor":30.0},{"not_picked":["Infinite Blades","Crippling Poison","Skewer"],"picked":"Singing Bowl","floor":31.0},{"not_picked":["Grand Finale","Unload"],"picked":"Corpse Explosion","floor":33.0},{"not_picked":["Backflip+1","Poisoned Stab+1","Slice"],"picked":"Singing Bowl","floor":35.0},{"not_picked":["Outmaneuver","Dagger Spray","Deflect"],"picked":"Singing Bowl","floor":37.0},{"not_picked":["Dagger Spray","Flying Knee","Setup"],"picked":"Singing Bowl","floor":38.0},{"not_picked":["Underhanded Strike+1","Eviscerate"],"picked":"Escape Plan+1","floor":39.0},{"not_picked":["Slice","Cloak And Dagger"],"picked":"Dash","floor":41.0},{"not_picked":["Sucker Punch+1","Quick Slash","Underhanded Strike"],"picked":"Singing Bowl","floor":42.0},{"not_picked":["Poisoned Stab","Envenom","Blade Dance"],"picked":"Singing Bowl","floor":44.0},{"not_picked":["Slice","Leg Sweep","Accuracy"],"picked":"Singing Bowl","floor":47},{"not_picked":["Noxious Fumes","PiercingWail","Acrobatics"],"picked":"Singing Bowl","floor":48}],"player_experience":1153982,"relics_obtained":[{"floor":9.0,"key":"Oddly Smooth Stone"},{"floor":12.0,"key":"Singing Bowl"},{"floor":20.0,"key":"Nilry\u0027s Codex"},{"floor":26.0,"key":"Thread and Needle"},{"floor":31.0,"key":"Tough Bandages"},{"floor":39.0,"key":"Peace Pipe"},{"floor":43.0,"key":"Pantograph"},{"floor":47,"key":"Torii"}],"event_choices":[{"event_name":"Golden Wing","player_choice":"Card Removal","floor":2.0,"damage_taken":0.0},{"event_name":"Scrap Ooze","player_choice":"success","floor":3.0,"damage_taken":11.0},{"event_name":"Living Wall","player_choice":"Grow","floor":10.0,"damage_taken":0.0},{"event_name":"The Library","player_choice":"Read","floor":19.0,"damage_taken":0.0},{"event_name":"Cursed Tome","player_choice":"Obtained Book","floor":20.0,"damage_taken":0.0},{"event_name":"Nest","player_choice":"Stole From Cult","floor":22.0,"damage_taken":0.0},{"event_name":"The Mausoleum","player_choice":"Yes","floor":24.0,"damage_taken":0.0},{"event_name":"Mysterious Sphere","player_choice":"Fight","floor":39.0,"damage_taken":0.0},{"event_name":"Purifier","player_choice":"One Purge","floor":45.0,"damage_taken":0.0}],"is_beta":false,"boss_relics":[{"not_picked":["Lizard Tail","Runic Dome"],"picked":"Ring of the Serpent"},{"not_picked":["Coffee Dripper","Orrery"],"picked":"Eternal Feather"}],"items_purged_floors":[14,36],"is_endless":false,"potions_floor_spawned":[1,4,18,21,31,37,39,41,44,48],"ascension_level":16}