{"gold_per_floor":[159,219,16,61,121,241,241,301,301,26,116,128,200,272,284,611,623,680,692,749,803,860,872,974,417,417,462,507,507,597,642,642,942,1092,1137,1137,1182,483,548,548,638,683,708,708,708,753,1065,1110,1110,1110],"floor_reached":51,"playtime":2057,"items_purged":["Normality"],"score":1008,"play_id":"075d7d41-7797-4ff7-9ad0-8d69a22a3fa8","local_time":"20180830085210","daily_mods":["Allstar","Cursed Run","Midas"],"is_ascension_mode":false,"campfire_choices":[{"floor":12,"key":"REST"},{"floor":15,"key":"REST"},{"floor":23,"key":"REST"},{"floor":29,"key":"REST"},{"floor":32,"key":"REST"},{"floor":40,"key":"REST"},{"floor":49,"key":"REST"}],"neow_cost":"","seed_source_timestamp":0,"circlet_count":0,"master_deck":["Strike_R","Strike_R","Strike_R","Strike_R","Strike_R","Defend_R+1","Defend_R+1","Defend_R","Defend_R","Bash","Trip","Dark Shackles","Enlightenment+1","Good Instincts","HandOfGreed","Shrug It Off+1","Headbutt+1","Thunderclap","Warcry","Flex","Impervious","Perfected Strike+1","Disarm","Sword Boomerang+1","Regret","Offering","Infernal Blade","Decay","Perfected Strike+1","True Grit+1","Carnage+1","Thunderclap+1","Sword Boomerang+1","Shrug It Off","Clumsy","True Grit+1","Rage","Clothesline+1","Pain","Demon Form","Pommel Strike+1","Twin Strike+1","Finesse","HandOfGreed+1","Infernal Blade+1","Thunderclap+1","Violence","Headbutt+1","Twin Strike+1","Pommel Strike+1","Headbutt+1","Clumsy","Writhe","Flex+1","Sword Boomerang+1","Decay"],"special_seed":17773,"relics":["Cursed Key","Darkstone Periapt","Du-Vu Doll","Pen Nib","War Paint","Molten Egg 2","ClockworkSouvenir","MawBank","Velvet Choker","Red Mask","Dodecahedron","Pear","Sling","Meat on the Bone","Juzu Bracelet","Tiny House","Lantern","Orichalcum","Anchor","Strawberry","Old Coin"],"potions_floor_usage":[6,6,11,18,21,21,28,33,33,39,47,50],"damage_taken":[{"damage":1,"enemies":"Cultist","floor":1,"turns":3},{"damage":0,"enemies":"Small Slimes","floor":2,"turns":3},{"damage":0,"enemies":"2 Louse","floor":4,"turns":3},{"damage":0,"enemies":"Blue Slaver","floor":5,"turns":2},{"damage":15,"enemies":"3 Sentries","floor":6,"turns":7},{"damage":0,"enemies":"3 Louse","floor":8,"turns":4},{"damage":30,"enemies":"Gremlin Nob","floor":11,"turns":4},{"damage":0,"enemies":"2 Fungi Beasts","floor":13,"turns":3},{"damage":6,"enemies":"Exordium Thugs","floor":14,"turns":4},{"damage":10,"enemies":"The Guardian","floor":16,"turns":9},{"damage":5,"enemies":"Chosen","floor":18,"turns":2},{"damage":38,"enemies":"3 Byrds","floor":20,"turns":4},{"damage":23,"enemies":"Masked Bandits","floor":21,"turns":4},{"damage":6,"enemies":"Snake Plant","floor":22,"turns":2},{"damage":11,"enemies":"Book of Stabbing","floor":24,"turns":3},{"damage":0,"enemies":"Snecko","floor":27,"turns":2},{"damage":20,"enemies":"Chosen and Byrds","floor":28,"turns":5},{"damage":14,"enemies":"Gremlin Leader","floor":30,"turns":4},{"damage":8,"enemies":"Centurion and Healer","floor":31,"turns":3},{"damage":6,"enemies":"Champ","floor":33,"turns":5},{"damage":0,"enemies":"3 Shapes","floor":35,"turns":3},{"damage":9,"enemies":"Orb Walker","floor":37,"turns":2},{"damage":22,"enemies":"Sphere and 2 Shapes","floor":39,"turns":4},{"damage":24,"enemies":"2 Orb Walkers","floor":41,"turns":4},{"damage":4,"enemies":"Spire Growth","floor":42,"turns":3},{"damage":21,"enemies":"Maw","floor":46,"turns":5},{"damage":3,"enemies":"Mysterious Sphere","floor":47,"turns":2},{"damage":9,"enemies":"Flame Bruiser 2 Orb","floor":48,"turns":2},{"damage":77,"enemies":"Awakened One","floor":50,"turns":7}],"seed_played":"8318791093423734901","potions_obtained":[{"floor":1,"key":"BloodPotion"},{"floor":5,"key":"Weak Potion"},{"floor":8,"key":"SkillPotion"},{"floor":14,"key":"Strength Potion"},{"floor":16,"key":"BloodPotion"},{"floor":18,"key":"Fruit Juice"},{"floor":20,"key":"EssenceOfSteel"},{"floor":22,"key":"Ancient Potion"},{"floor":31,"key":"BloodPotion"},{"floor":34,"key":"LiquidBronze"},{"floor":35,"key":"SmokeBomb"},{"floor":46,"key":"SkillPotion"},{"floor":47,"key":"PowerPotion"}],"is_trial":false,"path_per_floor":["M","M","$","M","M","E","?","M","T","$","E","R","M","M","R","B",null,"M","?","M","?","M","R","E","$","T","M","M","R","E","M","R","B",null,"M","?","M","$","M","R","E","M","T","?","?","M","?","M","R","B"],"character_chosen":"IRONCLAD","items_purchased":["Thunderclap","Pen Nib","ClockworkSouvenir","Pear","Sling","Sword Boomerang+1","SkillPotion","Shrug It Off","Lantern","Orichalcum","AttackPotion","FearPotion","Thunderclap+1","Violence","Headbutt+1"],"campfire_rested":7,"item_purchase_floors":[3,3,10,25,25,25,25,25,38,38,38,38,38,38,38],"current_hp_per_floor":[79,79,79,79,79,72,56,56,62,62,32,57,57,51,76,72,92,92,98,60,47,41,71,60,70,76,76,68,103,89,81,116,116,130,130,120,111,111,89,128,104,100,113,113,149,128,125,116,149,90],"gold":1110,"neow_bonus":"","is_prod":false,"is_daily":true,"chose_seed":false,"campfire_upgraded":0,"win_rate":0,"timestamp":1535611930,"path_taken":["M","M","?","M","M","E","?","M","T","$","E","R","M","M","R","BOSS","M","?","M","?","M","R","E","?","T","M","M","R","E","M","R","BOSS","M","?","M","$","M","R","E","M","T","?","?","M","?","M","R","BOSS"],"build_version":"2018-08-28","purchased_purges":1,"victory":true,"max_hp_per_floor":[80,80,80,80,80,80,80,80,86,86,86,86,86,86,86,92,92,97,103,103,103,103,103,103,113,119,119,119,119,119,119,119,125,130,130,130,130,130,130,130,130,130,143,143,149,149,149,149,149,155],"card_choices":[{"not_picked":["Perfected Strike","Warcry"],"picked":"Shrug It Off","floor":1},{"not_picked":["Clash","Sword Boomerang"],"picked":"Headbutt","floor":2},{"not_picked":["Clash","True Grit"],"picked":"Warcry","floor":4},{"not_picked":["Power Through","Bloodletting"],"picked":"Flex","floor":5},{"not_picked":["Anger","Second Wind"],"picked":"Impervious","floor":6},{"not_picked":["Armaments","Flame Barrier","Blood for Blood"],"picked":"SKIP","floor":8},{"not_picked":["Combust","Havoc"],"picked":"Perfected Strike+1","floor":11},{"not_picked":["Hemokinesis+1","Power Through"],"picked":"Disarm","floor":13},{"not_picked":["Havoc","Corruption"],"picked":"Sword Boomerang+1","floor":14},{"not_picked":["Immolate+1","Demon Form"],"picked":"Offering","floor":16},{"not_picked":["Shockwave+1","Anger+1"],"picked":"Infernal Blade","floor":18},{"not_picked":["Headbutt+1","Sword Boomerang+1"],"picked":"Perfected Strike+1","floor":20},{"not_picked":["Clash+1","Twin Strike+1"],"picked":"True Grit+1","floor":21},{"not_picked":["Body Slam+1","Armaments+1"],"picked":"Carnage+1","floor":22},{"not_picked":["Iron Wave+1","Flame Barrier"],"picked":"Thunderclap+1","floor":24},{"not_picked":["Warcry","Feel No Pain","Clash+1"],"picked":"SKIP","floor":27},{"not_picked":["Warcry","Anger+1"],"picked":"True Grit+1","floor":28},{"not_picked":["Armaments","Flex"],"picked":"Rage","floor":30},{"not_picked":["Clash+1","Warcry"],"picked":"Clothesline+1","floor":31},{"not_picked":["Impervious","Dark Embrace"],"picked":"Demon Form","floor":33},{"not_picked":["Headbutt+1","Clothesline+1"],"picked":"Pommel Strike+1","floor":34},{"not_picked":["Searing Blow+1","Clash+1"],"picked":"Twin Strike+1","floor":35},{"not_picked":["PanicButton","Dark Shackles"],"picked":"Finesse","floor":36},{"not_picked":["Dark Shackles","Trip"],"picked":"Mayhem","floor":36},{"not_picked":["Swift Strike+1","PanicButton"],"picked":"HandOfGreed+1","floor":36},{"not_picked":["Dual Wield","Rupture+1"],"picked":"Infernal Blade+1","floor":37},{"not_picked":["Body Slam+1","True Grit+1"],"picked":"Twin Strike+1","floor":39},{"not_picked":["Sever Soul+1","Carnage+1"],"picked":"Pommel Strike+1","floor":41},{"not_picked":["Clothesline+1","Sentinel+1"],"picked":"Headbutt+1","floor":42},{"not_picked":["Thunderclap+1","Anger+1"],"picked":"Flex+1","floor":46},{"not_picked":["Thunderclap+1","Ghostly Armor+1"],"picked":"Sword Boomerang+1","floor":47},{"not_picked":["Corruption","Searing Blow+1","Power Through+1"],"picked":"SKIP","floor":48}],"player_experience":77745,"relics_obtained":[{"floor":6,"key":"War Paint"},{"floor":9,"key":"Molten Egg 2"},{"floor":11,"key":"MawBank"},{"floor":21,"key":"Red Mask"},{"floor":24,"key":"Dodecahedron"},{"floor":26,"key":"Meat on the Bone"},{"floor":30,"key":"Juzu Bracelet"},{"floor":41,"key":"Anchor"},{"floor":43,"key":"Strawberry"},{"floor":47,"key":"Old Coin"}],"event_choices":[{"event_name":"Shining Light","player_choice":"Entered Light","floor":7,"damage_taken":0},{"event_name":"Forgotten Altar","player_choice":"Smashed Altar","floor":19,"damage_taken":0},{"event_name":"Masked Bandits","player_choice":"Fought Bandits","floor":21,"damage_taken":0},{"event_name":"SensoryStone","player_choice":"Memory 3","floor":36,"damage_taken":0},{"event_name":"Falling","player_choice":"Removed Power","floor":44,"damage_taken":0},{"event_name":"Winding Halls","player_choice":"Writhe","floor":45,"damage_taken":0},{"event_name":"Mysterious Sphere","player_choice":"Fight","floor":47,"damage_taken":0}],"is_beta":true,"boss_relics":[{"not_picked":["Ectoplasm","Astrolabe"],"picked":"Velvet Choker"},{"not_picked":["Mark of Pain","Coffee Dripper"],"picked":"Tiny House"}],"items_purged_floors":[10],"is_endless":false,"potions_floor_spawned":[1,5,8,14,16,18,20,22,31,35,46,47,48],"ascension_level":0}