{"gold_per_floor":[115,190,44,61,61,61,95,95,95,95,110,125,148,148,148,148],"floor_reached":16,"playtime":482,"items_purged":[],"score":125,"play_id":"17fa0bb2-4d82-4039-96cd-8338551d3a11","local_time":"20190206225729","is_ascension_mode":true,"campfire_choices":[{"data":"Bash","floor":6,"key":"SMITH"},{"data":"Reaper","floor":8,"key":"SMITH"},{"data":"Heavy Blade","floor":10,"key":"SMITH"},{"data":"True Grit","floor":15,"key":"SMITH"}],"neow_cost":"NONE","seed_source_timestamp":2276189672904941,"circlet_count":0,"master_deck":["Strike_R","Strike_R","Strike_R","Strike_R","Strike_R","Defend_R","Defend_R","Defend_R","Defend_R","Bash+1","Rampage","Heavy Blade+1","Reaper+1","True Grit+1"],"relics":["Burning Blood","PreservedInsect","Golden Idol","Mango","Letter Opener"],"potions_floor_usage":[16,16],"damage_taken":[{"damage":4,"enemies":"Small Slimes","floor":1,"turns":3},{"damage":8,"enemies":"2 Louse","floor":4,"turns":3},{"damage":32,"enemies":"Gremlin Nob","floor":7,"turns":4},{"damage":1,"enemies":"Cultist","floor":11,"turns":3},{"damage":33,"enemies":"Exordium Thugs","floor":12,"turns":5},{"damage":7,"enemies":"Looter","floor":13,"turns":4},{"damage":44,"enemies":"Hexaghost","floor":16,"turns":9}],"seed_played":"-3523713586211989993","potions_obtained":[{"floor":0,"key":"SneckoOil"},{"floor":0,"key":"Strength Potion"},{"floor":0,"key":"PowerPotion"}],"is_trial":false,"path_per_floor":["M","?","$","M","?","R","E","R","T","R","M","M","M","?","R","B"],"character_chosen":"IRONCLAD","items_purchased":["PreservedInsect"],"campfire_rested":0,"item_purchase_floors":[3],"current_hp_per_floor":[80,69,69,67,47,47,35,35,35,35,47,30,29,60,60,16],"gold":148,"neow_bonus":"THREE_SMALL_POTIONS","is_prod":false,"is_daily":false,"chose_seed":false,"campfire_upgraded":4,"win_rate":0,"timestamp":1549454249,"path_taken":["M","?","$","M","?","R","E","R","T","R","M","M","M","?","R","BOSS"],"build_version":"2019-01-23","purchased_purges":0,"victory":false,"max_hp_per_floor":[80,80,80,80,80,80,94,94,94,94,94,94,94,94,94,94],"card_choices":[{"not_picked":["Thunderclap","Perfected Strike"],"picked":"Rampage","floor":1},{"not_picked":["Twin Strike","Sword Boomerang"],"picked":"Heavy Blade","floor":4},{"not_picked":["Brutality","Flex"],"picked":"Reaper","floor":7},{"not_picked":["Flex","Entrench","Sword Boomerang"],"picked":"SKIP","floor":11},{"not_picked":["Bloodletting","Infernal Blade","Havoc"],"picked":"SKIP","floor":12},{"not_picked":["Burning Pact","Cleave"],"picked":"True Grit","floor":13}],"player_experience":281308,"relics_obtained":[{"floor":7,"key":"Mango"},{"floor":9,"key":"Letter Opener"}],"event_choices":[{"damage_healed":0,"gold_gain":75,"player_choice":"Gather Gold","damage_taken":11,"max_hp_gain":0,"max_hp_loss":0,"event_name":"World of Goop","floor":2,"gold_loss":0},{"damage_healed":0,"gold_gain":0,"player_choice":"Take Damage","damage_taken":20,"relics_obtained":["Golden Idol"],"max_hp_gain":0,"max_hp_loss":0,"event_name":"Golden Idol","floor":5,"gold_loss":0},{"damage_healed":31,"gold_gain":0,"player_choice":"Banana","damage_taken":0,"max_hp_gain":0,"max_hp_loss":0,"event_name":"Big Fish","floor":14,"gold_loss":0}],"is_beta":false,"boss_relics":[],"items_purged_floors":[],"is_endless":false,"potions_floor_spawned":[4,12],"killed_by":"Hexaghost","ascension_level":5}