{"gold_per_floor":[113,124,143,62,74,74,105,105,105,122,136,152,71,121,121,224,224,210,223,237,50,50,82,82],"floor_reached":24,"playtime":1280,"items_purged":["Strike_G"],"score":324,"play_id":"6e603498-d79f-4997-a58f-011bebdf96e0","local_time":"20190205143216","is_ascension_mode":true,"campfire_choices":[{"data":"Neutralize","floor":6,"key":"SMITH"},{"floor":15,"key":"REST"}],"neow_cost":"NONE","seed_source_timestamp":2158673803299103,"circlet_count":0,"master_deck":["Defend_G","Defend_G","Defend_G","Defend_G","Defend_G","Strike_G","Strike_G+1","Strike_G","Strike_G","Survivor","Neutralize+1","PiercingWail","Blade Dance","Escape Plan","Dagger Throw+1","Caltrops","Predator","Cloak And Dagger","Prepared","Heel Hook","After Image","Accuracy","Malaise","Accuracy","Acrobatics","Blur","Noxious Fumes","Catalyst","Bane+1"],"relics":["Ring of the Snake","PreservedInsect","Ornamental Fan","Whetstone","Sozu","Juzu Bracelet"],"potions_floor_usage":[23,24],"damage_taken":[{"damage":3,"enemies":"Cultist","floor":1,"turns":5},{"damage":0,"enemies":"2 Louse","floor":2,"turns":5},{"damage":0,"enemies":"Small Slimes","floor":3,"turns":3},{"damage":9,"enemies":"Red Slaver","floor":5,"turns":5},{"damage":32,"enemies":"Gremlin Nob","floor":7,"turns":5},{"damage":16,"enemies":"Lots of Slimes","floor":10,"turns":4},{"damage":3,"enemies":"Looter","floor":11,"turns":3},{"damage":5,"enemies":"Large Slime","floor":12,"turns":7},{"damage":0,"enemies":"Hexaghost","floor":16,"turns":11},{"damage":16,"enemies":"2 Thieves","floor":18,"turns":4},{"damage":9,"enemies":"Spheric Guardian","floor":19,"turns":4},{"damage":23,"enemies":"Chosen and Byrds","floor":20,"turns":7},{"damage":9,"enemies":"Book of Stabbing","floor":23,"turns":6},{"damage":33,"enemies":"Cultist and Chosen","floor":24,"turns":4}],"seed_played":"-6159307891291390756","potions_obtained":[{"floor":2,"key":"Block Potion"},{"floor":10,"key":"GamblersBrew"},{"floor":11,"key":"SpeedPotion"}],"is_trial":false,"path_per_floor":["M","M","M","$","M","R","E","?","T","M","M","M","$","?","R","B",null,"M","M","M","$","?","E","M"],"character_chosen":"THE_SILENT","items_purchased":["Dagger Throw","Caltrops","Accuracy","Noxious Fumes","Catalyst"],"campfire_rested":1,"item_purchase_floors":[4,4,13,21,21],"current_hp_per_floor":[74,74,74,74,65,65,33,33,33,17,14,9,9,9,32,32,77,61,52,29,29,29,20,0],"gold":82,"neow_bonus":"TEN_PERCENT_HP_BONUS","is_prod":false,"is_daily":false,"chose_seed":false,"campfire_upgraded":1,"win_rate":0,"timestamp":1549337536,"path_taken":["M","M","M","?","M","R","E","?","T","M","M","M","$","?","R","BOSS","M","M","M","$","?","E","M"],"build_version":"2019-01-23","purchased_purges":1,"victory":false,"max_hp_per_floor":[77,77,77,77,77,77,77,77,77,77,77,77,77,77,77,77,77,77,77,77,77,77,77,77],"card_choices":[{"not_picked":["Sucker Punch","Prepared"],"picked":"PiercingWail","floor":1},{"not_picked":["Caltrops","Flying Knee"],"picked":"Blade Dance","floor":2},{"not_picked":["PiercingWail","Calculated Gamble"],"picked":"Escape Plan","floor":3},{"not_picked":["PiercingWail","Dagger Throw"],"picked":"Predator","floor":5},{"not_picked":["Deadly Poison","Reflex"],"picked":"Cloak And Dagger","floor":7},{"not_picked":["Deadly Poison","Skewer"],"picked":"Prepared","floor":10},{"not_picked":["Flying Knee","Bouncing Flask"],"picked":"Heel Hook","floor":11},{"not_picked":["Flechettes","Heel Hook"],"picked":"After Image","floor":12},{"not_picked":["Grand Finale","Tools of the Trade"],"picked":"Malaise","floor":16},{"not_picked":["Flying Knee","Underhanded Strike"],"picked":"Accuracy","floor":18},{"not_picked":["Deflect+1","Bane+1"],"picked":"Acrobatics","floor":19},{"not_picked":["Blade Dance","Dagger Spray"],"picked":"Blur","floor":20},{"not_picked":["Venomology","Acrobatics"],"picked":"Bane+1","floor":23}],"player_experience":255491,"relics_obtained":[{"floor":7,"key":"PreservedInsect"},{"floor":9,"key":"Whetstone"},{"floor":23,"key":"Juzu Bracelet"}],"event_choices":[{"damage_healed":0,"gold_gain":0,"player_choice":"Searched \u00272\u0027 times","damage_taken":0,"relics_obtained":["Ornamental Fan"],"max_hp_gain":0,"max_hp_loss":0,"event_name":"Dead Adventurer","floor":8,"gold_loss":0},{"damage_healed":0,"gold_gain":50,"player_choice":"Gained Gold","damage_taken":0,"max_hp_gain":0,"max_hp_loss":0,"event_name":"Golden Wing","floor":14,"gold_loss":0},{"damage_healed":0,"gold_gain":0,"player_choice":"Ignored","damage_taken":0,"max_hp_gain":0,"max_hp_loss":0,"event_name":"N\u0027loth","floor":22,"gold_loss":0}],"is_beta":false,"boss_relics":[{"not_picked":["Ectoplasm","Black Star"],"picked":"Sozu"}],"items_purged_floors":[21],"is_endless":false,"potions_floor_spawned":[2,10,11,16,19],"killed_by":"Cultist and Chosen","ascension_level":4}