{"gold_per_floor":[115,115,131,206,216,246,246,265,265,291,291,21,21,40,40,113,113,127,146,157,157,13,38,38,38,38,38,51,51,61,95,95,172,172,182,182,200,100,100,128,147,158,158,193,193,213,313,332,332,332,332,332,38,64,64],"floor_reached":56,"playtime":12852,"items_purged":["Decay","Strike_R+1"],"score":1902,"play_id":"f33215b8-b000-4c9d-a110-4ea6ca10a895","local_time":"20190204172755","is_ascension_mode":true,"campfire_choices":[{"floor":7.0,"key":"REST"},{"data":"Immolate","floor":11.0,"key":"SMITH"},{"data":"Metallicize","floor":13.0,"key":"SMITH"},{"data":"Bash","floor":15.0,"key":"SMITH"},{"data":"Barricade","floor":25.0,"key":"SMITH"},{"data":"Corruption","floor":27.0,"key":"SMITH"},{"data":"Flame Barrier","floor":29.0,"key":"SMITH"},{"data":"Shrug It Off","floor":32.0,"key":"SMITH"},{"floor":45.0,"key":"RECALL"},{"floor":49.0,"key":"REST"},{"floor":52.0,"key":"REST"}],"neow_cost":"NONE","seed_source_timestamp":0,"circlet_count":0,"master_deck":["AscendersBane","Strike_R+1","Strike_R+1","Strike_R+1","Strike_R+1","Defend_R+1","Defend_R+1","Defend_R+1","Defend_R+1","Bash+1","Brutality","Anger+1","Cleave","Pommel Strike","Headbutt","Shrug It Off+1","Immolate+1","Metallicize+1","Havoc","Barricade+1","Shockwave+1","Seeing Red","Battle Trance","Corruption+1","Flame Barrier+1","Warcry","Body Slam+1","Demon Form+1","Fiend Fire+1","Ghostly Armor","True Grit","Spot Weakness+1","Parasite","Seeing Red+1","Metallicize+1"],"special_seed":0,"relics":["Black Blood","PreservedInsect","Meat on the Bone","Nunchaku","Potion Belt","Velvet Choker","Frozen Egg 2","Oddly Smooth Stone","Ancient Tea Set","Whetstone","Torii","Mango","Mummified Hand","Dead Branch"],"potions_floor_usage":[55,55],"damage_taken":[{"damage":12.0,"enemies":"2 Louse","floor":1.0,"turns":3.0},{"damage":3.0,"enemies":"Jaw Worm","floor":3.0,"turns":5.0},{"damage":5.0,"enemies":"Cultist","floor":5.0,"turns":4.0},{"damage":40.0,"enemies":"3 Sentries","floor":6.0,"turns":7.0},{"damage":1.0,"enemies":"Exordium Wildlife","floor":8.0,"turns":3.0},{"damage":25.0,"enemies":"Lagavulin","floor":10.0,"turns":6.0},{"damage":0.0,"enemies":"Exordium Thugs","floor":14.0,"turns":2.0},{"damage":50.0,"enemies":"Hexaghost","floor":16.0,"turns":8.0},{"damage":26.0,"enemies":"2 Thieves","floor":18.0,"turns":3.0},{"damage":18.0,"enemies":"Shell Parasite","floor":19.0,"turns":5.0},{"damage":26.0,"enemies":"Snake Plant","floor":20.0,"turns":3.0},{"damage":12.0,"enemies":"Gremlin Leader","floor":23.0,"turns":5.0},{"damage":7.0,"enemies":"Cultist and Chosen","floor":28.0,"turns":6.0},{"damage":7.0,"enemies":"Centurion and Healer","floor":30.0,"turns":4.0},{"damage":4.0,"enemies":"Book of Stabbing","floor":31.0,"turns":4.0},{"damage":11.0,"enemies":"Champ","floor":33.0,"turns":10.0},{"damage":7.0,"enemies":"3 Darklings","floor":35.0,"turns":4.0},{"damage":0.0,"enemies":"Orb Walker","floor":37.0,"turns":4.0},{"damage":50.0,"enemies":"Reptomancer","floor":40.0,"turns":9.0},{"damage":38.0,"enemies":"Sphere and 2 Shapes","floor":41.0,"turns":7.0},{"damage":9.0,"enemies":"Writhing Mass","floor":42.0,"turns":8.0},{"damage":15.0,"enemies":"Nemesis","floor":44.0,"turns":9.0},{"damage":21.0,"enemies":"Maw","floor":46.0,"turns":7.0},{"damage":3.0,"enemies":"Mind Bloom Boss Battle","floor":47.0,"turns":8.0},{"damage":42.0,"enemies":"Sphere and 2 Shapes","floor":48.0,"turns":7.0},{"damage":77.0,"enemies":"Awakened One","floor":50.0,"turns":14.0},{"damage":57.0,"enemies":"Shield and Spear","floor":54.0,"turns":5.0},{"damage":73,"enemies":"The Heart","floor":55,"turns":8}],"seed_played":"2536881565539657871","potions_obtained":[{"floor":1.0,"key":"FearPotion"},{"floor":6.0,"key":"BloodPotion"},{"floor":14.0,"key":"Strength Potion"},{"floor":18.0,"key":"EssenceOfSteel"},{"floor":19.0,"key":"Regen Potion"},{"floor":31.0,"key":"EntropicBrew"},{"floor":35.0,"key":"PowerPotion"},{"floor":42.0,"key":"GamblersBrew"},{"floor":44.0,"key":"Block Potion"},{"floor":48.0,"key":"Swift Potion"},{"floor":54.0,"key":"GamblersBrew"}],"is_trial":false,"path_per_floor":["M","?","M","?","M","E","R","M","T","E","R","$","R","M","R","B",null,"M","M","M","?","$","E","?","R","T","R","M","R","M","E","R","B",null,"M","?","M","$","?","E","M","M","T","E","R","M","?","M","R","B",null,"R","$","E","B",null],"character_chosen":"IRONCLAD","items_purchased":["Metallicize","Potion Belt","Strength Potion","Corruption","Mummified Hand","Energy Potion"],"campfire_rested":3,"item_purchase_floors":[12,12,12,22,53,53],"current_hp_per_floor":[62,67,70,59,60,26,50,63,63,56,56,56,56,62,62,30,68,48,48,40,40,40,46,46,46,46,46,60,60,59,61,61,56,74,77,76,76,76,76,48,44,57,57,52,52,53,74,54,81,26,74,90,90,55,23],"gold":64,"neow_bonus":"ONE_RANDOM_RARE_CARD","is_prod":false,"is_daily":false,"chose_seed":false,"campfire_upgraded":7,"win_rate":0,"timestamp":1549319275,"path_taken":["M","?","M","?","M","E","R","?","T","E","R","$","R","M","R","BOSS","M","M","?","?","?","E","?","R","T","R","M","R","M","E","R","BOSS","M","?","M","$","?","E","M","M","T","E","R","?","?","M","R","BOSS","R","$","E","BOSS"],"build_version":"2019-01-23","purchased_purges":2,"victory":true,"max_hp_per_floor":[75,80,80,80,80,80,80,80,80,80,80,80,80,80,80,80,80,80,80,80,80,80,80,80,80,80,80,80,80,80,80,80,80,80,80,76,76,76,76,76,76,76,76,76,76,76,90,90,90,90,90,90,90,90,90],"card_choices":[{"not_picked":["Entrench","Burning Pact"],"picked":"Anger","floor":1.0},{"not_picked":["Burning Pact","True Grit"],"picked":"Cleave","floor":3.0},{"not_picked":["Battle Trance","Clash"],"picked":"Pommel Strike","floor":5.0},{"not_picked":["Perfected Strike","Cleave"],"picked":"Headbutt","floor":6.0},{"not_picked":["Body Slam","Iron Wave"],"picked":"Shrug It Off","floor":8.0},{"not_picked":["Thunderclap","Perfected Strike"],"picked":"Immolate","floor":10.0},{"not_picked":["Thunderclap","Clash"],"picked":"Havoc","floor":14.0},{"not_picked":["Limit Break","Impervious"],"picked":"Barricade","floor":16.0},{"not_picked":["Havoc","Headbutt"],"picked":"Shockwave+1","floor":18.0},{"not_picked":["Flex","Spot Weakness"],"picked":"Seeing Red","floor":19.0},{"not_picked":["Warcry","Immolate"],"picked":"Battle Trance","floor":20.0},{"not_picked":["Thunderclap","Feel No Pain"],"picked":"Flame Barrier","floor":23.0},{"not_picked":["Iron Wave","Shockwave"],"picked":"Warcry","floor":28.0},{"not_picked":["Clothesline","Battle Trance"],"picked":"Body Slam+1","floor":30.0},{"not_picked":["Clash","Burning Pact"],"picked":"Demon Form+1","floor":31.0},{"not_picked":["Barricade+1","Brutality+1"],"picked":"Fiend Fire","floor":33.0},{"not_picked":["Uppercut","Searing Blow"],"picked":"Ghostly Armor","floor":35.0},{"not_picked":["Havoc+1","Sever Soul+1","Combust+1"],"picked":"SKIP","floor":37.0},{"not_picked":["Iron Wave","Sword Boomerang"],"picked":"True Grit","floor":40.0},{"not_picked":["Headbutt","Twin Strike+1"],"picked":"Spot Weakness+1","floor":41.0},{"not_picked":["True Grit","Hemokinesis","Body Slam"],"picked":"SKIP","floor":42.0},{"not_picked":["Perfected Strike","Reckless Charge"],"picked":"Seeing Red+1","floor":44.0},{"not_picked":["Sword Boomerang+1","Evolve+1","Clothesline"],"picked":"SKIP","floor":46.0},{"not_picked":["Wild Strike","Clash"],"picked":"Metallicize+1","floor":47.0},{"not_picked":["Armaments","Hemokinesis","Sword Boomerang"],"picked":"SKIP","floor":48.0},{"not_picked":["Hemokinesis+1","Evolve+1","Wild Strike"],"picked":"SKIP","floor":54.0}],"player_experience":695685,"relics_obtained":[{"floor":6.0,"key":"PreservedInsect"},{"floor":9.0,"key":"Meat on the Bone"},{"floor":10.0,"key":"Nunchaku"},{"floor":23.0,"key":"Frozen Egg 2"},{"floor":31.0,"key":"Oddly Smooth Stone"},{"floor":40.0,"key":"Ancient Tea Set"},{"floor":43.0,"key":"Whetstone"},{"floor":44.0,"key":"Torii"},{"floor":47.0,"key":"Mango"},{"floor":54.0,"key":"Dead Branch"}],"event_choices":[{"damage_healed":0.0,"max_hp_gain":5.0,"max_hp_loss":0.0,"gold_gain":0.0,"event_name":"Big Fish","player_choice":"Donut","floor":2.0,"gold_loss":0.0,"damage_taken":0.0},{"damage_healed":0.0,"max_hp_gain":0.0,"max_hp_loss":0.0,"gold_gain":75.0,"event_name":"World of Goop","player_choice":"Gather Gold","floor":4.0,"gold_loss":0.0,"damage_taken":11.0},{"damage_healed":0.0,"max_hp_gain":0.0,"max_hp_loss":0.0,"gold_gain":0.0,"event_name":"Forgotten Altar","player_choice":"Smashed Altar","floor":21.0,"gold_loss":0.0,"damage_taken":0.0,"cards_obtained":["Decay"]},{"damage_healed":0.0,"max_hp_gain":0.0,"max_hp_loss":0.0,"gold_gain":0.0,"event_name":"Back to Basics","player_choice":"Simplicity","floor":24.0,"gold_loss":0.0,"damage_taken":0.0,"cards_upgraded":["Strike_R","Strike_R","Strike_R","Strike_R","Strike_R","Defend_R","Defend_R","Defend_R","Defend_R"]},{"damage_healed":0.0,"max_hp_gain":0.0,"max_hp_loss":4.0,"gold_gain":0.0,"event_name":"Winding Halls","player_choice":"Max HP","floor":36.0,"gold_loss":0.0,"damage_taken":0.0},{"damage_healed":0.0,"max_hp_gain":0.0,"max_hp_loss":0.0,"gold_gain":0.0,"event_name":"Lab","player_choice":"Got Potions","floor":39.0,"gold_loss":0.0,"damage_taken":0.0},{"damage_healed":0.0,"max_hp_gain":0.0,"max_hp_loss":0.0,"gold_gain":0.0,"event_name":"MindBloom","player_choice":"Fight","floor":47.0,"gold_loss":0.0,"damage_taken":0.0}],"is_beta":false,"boss_relics":[{"not_picked":["Calling Bell","Cursed Key"],"picked":"Velvet Choker"},{"not_picked":["Runic Dome","Philosopher\u0027s Stone"],"picked":"Black Blood"}],"items_purged_floors":[22,38],"is_endless":false,"potions_floor_spawned":[1,6,14,18,19,31,35,37,42,44,48,54],"ascension_level":14}