{"gold_per_floor":[146,221,237,257,275,303,319,319,319,319],"floor_reached":10,"playtime":569,"items_purged":[],"score":112,"play_id":"2cb7fe83-ff64-4bca-a522-dc4dc9d51a1a","local_time":"20190128222142","is_ascension_mode":true,"campfire_choices":[],"neow_cost":"NONE","seed_source_timestamp":11861221188094,"circlet_count":0,"master_deck":["AscendersBane","Defend_G","Defend_G","Defend_G","Defend_G","Defend_G","Strike_G","Strike_G","Strike_G","Strike_G","Strike_G","Survivor","Neutralize","Backflip","Sucker Punch","Cloak And Dagger","Noxious Fumes","Venomology","Acrobatics"],"relics":["Ring of the Snake","Tiny Chest","Regal Pillow","Mercury Hourglass"],"potions_floor_usage":[7,7,10,10],"damage_taken":[{"damage":0,"enemies":"2 Louse","floor":1,"turns":3},{"damage":5,"enemies":"Small Slimes","floor":3,"turns":4},{"damage":0,"enemies":"Jaw Worm","floor":4,"turns":4},{"damage":1,"enemies":"Red Slaver","floor":5,"turns":5},{"damage":41,"enemies":"Lagavulin","floor":6,"turns":9},{"damage":0,"enemies":"Exordium Wildlife","floor":7,"turns":5},{"damage":5,"enemies":"Exordium Thugs","floor":10,"turns":3}],"seed_played":"-3600660219864259680","potions_obtained":[{"floor":3,"key":"Swift Potion"},{"floor":4,"key":"Swift Potion"}],"is_trial":false,"path_per_floor":["M","?","M","M","M","E","M","?","T","M"],"character_chosen":"THE_SILENT","items_purchased":[],"campfire_rested":0,"item_purchase_floors":[],"current_hp_per_floor":[63,52,47,47,46,5,5,5,5,0],"gold":319,"neow_bonus":"RANDOM_COMMON_RELIC","is_prod":false,"is_daily":false,"chose_seed":false,"campfire_upgraded":0,"win_rate":0,"timestamp":1548735702,"path_taken":["M","?","M","M","M","E","M","?","T","M"],"build_version":"2019-01-23","purchased_purges":0,"victory":false,"max_hp_per_floor":[70,70,70,70,70,70,70,70,70,70],"card_choices":[{"not_picked":["Underhanded Strike","Heel Hook"],"picked":"Backflip","floor":1},{"not_picked":["PiercingWail","Deflect"],"picked":"Sucker Punch","floor":3},{"not_picked":["Finisher","Phantasmal Killer"],"picked":"Cloak And Dagger","floor":4},{"not_picked":["Poisoned Stab","Slice"],"picked":"Noxious Fumes","floor":5},{"not_picked":["Leg Sweep","Dagger Throw"],"picked":"Venomology","floor":6},{"not_picked":["Flechettes","Dagger Throw"],"picked":"Acrobatics","floor":7}],"player_experience":498405,"relics_obtained":[{"floor":6,"key":"Regal Pillow"},{"floor":9,"key":"Mercury Hourglass"}],"event_choices":[{"damage_healed":0,"gold_gain":75,"player_choice":"Gather Gold","damage_taken":11,"max_hp_gain":0,"max_hp_loss":0,"event_name":"World of Goop","floor":2,"gold_loss":0},{"damage_healed":0,"gold_gain":0,"player_choice":"Ignored","damage_taken":0,"max_hp_gain":0,"max_hp_loss":0,"event_name":"Shining Light","floor":8,"gold_loss":0}],"is_beta":false,"boss_relics":[],"items_purged_floors":[],"is_endless":false,"potions_floor_spawned":[3,4,6],"killed_by":"Exordium Thugs","ascension_level":12}