{"gold_per_floor":[115,115,115,133,133,171,194,194,194,225,225,225,248,262,262,393,393,417,12,27,27,45,85,85,85],"floor_reached":25,"playtime":1619,"items_purged":[],"score":254,"play_id":"a9e59d5e-e1b3-4af7-92ed-85ee8c7a174d","local_time":"20181216232503","is_ascension_mode":true,"campfire_choices":[{"floor":8,"key":"REST"},{"floor":11,"key":"REST"},{"floor":15,"key":"REST"},{"floor":24,"key":"REST"}],"neow_cost":"NONE","seed_source_timestamp":35641943050295,"circlet_count":0,"master_deck":["Defend_G+1","Defend_G+1","Defend_G+1","Defend_G+1","Strike_G+1","Strike_G+1","Strike_G+1","Strike_G+1","Survivor","Neutralize","Prepared","Dagger Spray","Sucker Punch","Blade Dance","Noxious Fumes","Dagger Throw","Caltrops","Burst","Backstab","Dagger Throw","Backflip","Endless Agony","Accuracy","PiercingWail","Bandage Up","Footwork","Dodge and Roll","Crippling Poison","Endless Agony","Caltrops"],"relics":["Ring of the Snake","Golden Idol","Letter Opener","Juzu Bracelet","Whetstone","Orrery","Sling","Smiling Mask"],"potions_floor_usage":[14,25,25],"damage_taken":[{"damage":0,"enemies":"Cultist","floor":1,"turns":5},{"damage":2,"enemies":"2 Louse","floor":4,"turns":3},{"damage":31,"enemies":"3 Sentries","floor":6,"turns":11},{"damage":4,"enemies":"Jaw Worm","floor":7,"turns":5},{"damage":30,"enemies":"Lagavulin","floor":10,"turns":10},{"damage":10,"enemies":"2 Fungi Beasts","floor":13,"turns":3},{"damage":9,"enemies":"3 Louse","floor":14,"turns":6},{"damage":35,"enemies":"The Guardian","floor":16,"turns":11},{"damage":19,"enemies":"Chosen","floor":18,"turns":5},{"damage":15,"enemies":"2 Thieves","floor":20,"turns":5},{"damage":10,"enemies":"Chosen and Byrds","floor":22,"turns":9},{"damage":28,"enemies":"Slavers","floor":23,"turns":5},{"damage":39,"enemies":"Gremlin Leader","floor":25,"turns":6}],"seed_played":"-3027439107962873094","potions_obtained":[{"floor":7,"key":"Regen Potion"},{"floor":10,"key":"GamblersBrew"},{"floor":14,"key":"SmokeBomb"},{"floor":16,"key":"Dexterity Potion"}],"is_trial":false,"path_per_floor":["M","$","?","M","?","E","M","R","T","E","R","?","M","M","R","B",null,"M","$","M","?","M","E","R","E"],"character_chosen":"THE_SILENT","items_purchased":["Bandage Up","Sling","Footwork","Dodge and Roll"],"campfire_rested":4,"item_purchase_floors":[19,19,19,19],"current_hp_per_floor":[70,70,70,68,51,20,16,37,37,7,28,28,18,23,44,9,70,51,51,40,40,34,10,31,0],"gold":85,"neow_bonus":"REMOVE_CARD","is_prod":false,"is_daily":false,"chose_seed":false,"campfire_upgraded":0,"win_rate":0,"timestamp":1545020703,"path_taken":["M","?","?","?","?","E","M","R","T","E","R","?","M","M","R","BOSS","M","$","M","?","M","E","R","E"],"build_version":"2018-12-13","purchased_purges":0,"victory":false,"max_hp_per_floor":[70,70,70,70,70,70,70,70,70,70,70,70,70,70,70,70,70,70,70,70,70,70,70,70,70],"card_choices":[{"not_picked":["Deflect","Reflex"],"picked":"Prepared","floor":1},{"not_picked":["Cloak And Dagger","Distraction"],"picked":"Dagger Spray","floor":4},{"not_picked":["Bane","Deadly Poison"],"picked":"Sucker Punch","floor":6},{"not_picked":["Flying Knee","All Out Attack"],"picked":"Blade Dance","floor":7},{"not_picked":["Dodge and Roll","Bane"],"picked":"Noxious Fumes","floor":10},{"not_picked":["Skewer","Choke"],"picked":"Dagger Throw","floor":13},{"not_picked":["Choke","Venomology"],"picked":"Caltrops","floor":14},{"not_picked":["Glass Knife","Storm of Steel"],"picked":"Burst","floor":16},{"not_picked":["Cloak And Dagger","Bane"],"picked":"Backstab","floor":17},{"not_picked":["Masterful Stab","Acrobatics"],"picked":"Dagger Throw","floor":17},{"not_picked":["Dagger Spray","Quick Slash"],"picked":"Backflip","floor":17},{"not_picked":["Masterful Stab","Acrobatics"],"picked":"Endless Agony","floor":17},{"not_picked":["Concentrate","Endless Agony"],"picked":"Accuracy","floor":17},{"not_picked":["Expertise","Acrobatics"],"picked":"PiercingWail","floor":18},{"not_picked":["Flying Knee","PiercingWail"],"picked":"Crippling Poison","floor":20},{"not_picked":["Well Laid Plans","Poisoned Stab"],"picked":"Endless Agony","floor":22},{"not_picked":["Grand Finale","Bane"],"picked":"Caltrops","floor":23}],"player_experience":204484,"relics_obtained":[{"floor":6,"key":"Letter Opener"},{"floor":9,"key":"Juzu Bracelet"},{"floor":10,"key":"Whetstone"},{"floor":23,"key":"Smiling Mask"}],"event_choices":[{"cards_removed":["Defend_G"],"damage_healed":0,"gold_gain":0,"player_choice":"Purged","damage_taken":0,"max_hp_gain":0,"max_hp_loss":0,"event_name":"Purifier","floor":3,"gold_loss":0},{"damage_healed":0,"gold_gain":0,"player_choice":"Take Damage","damage_taken":17,"relics_obtained":["Golden Idol"],"max_hp_gain":0,"max_hp_loss":0,"event_name":"Golden Idol","floor":5,"gold_loss":0},{"damage_healed":0,"gold_gain":0,"player_choice":"Ignored","damage_taken":0,"max_hp_gain":0,"max_hp_loss":0,"event_name":"Golden Wing","floor":12,"gold_loss":0},{"damage_healed":0,"gold_gain":0,"player_choice":"Simplicity","damage_taken":0,"max_hp_gain":0,"max_hp_loss":0,"event_name":"Back to Basics","floor":21,"gold_loss":0,"cards_upgraded":["Defend_G","Defend_G","Defend_G","Defend_G","Strike_G","Strike_G"]}],"is_beta":false,"boss_relics":[{"not_picked":["White Beast Statue","Snecko Eye"],"picked":"Orrery"}],"items_purged_floors":[],"is_endless":false,"potions_floor_spawned":[7,10,14,16,23],"killed_by":"Gremlin Leader","ascension_level":2}