{"gold_per_floor":[114,129,129,144,159,159,189,204,254,254,284,284,299,314,314,414,414,429,444,48,63,78,78,108,123,123,138,168,83,183,198,198,298,298,313,332,332,347,197,227,227,257,257,107,107,107,137,152,152,152],"floor_reached":51,"playtime":2245,"items_purged":[],"score":1039,"play_id":"a7e75dc1-2243-41b5-aa8c-98a6fbaed674","local_time":"20180902055511","daily_mods":["Diverse","Terminal","Hoarder"],"is_ascension_mode":false,"campfire_choices":[{"data":"Sever Soul","floor":6,"key":"SMITH"},{"floor":12,"key":"REST"},{"floor":15,"key":"REST"},{"data":"Neutralize","floor":23,"key":"SMITH"},{"data":"Dark Embrace","floor":32,"key":"SMITH"},{"floor":46,"key":"REST"},{"floor":49,"key":"REST"}],"neow_cost":"","seed_source_timestamp":0,"circlet_count":0,"master_deck":["Defend_G","Defend_G","Defend_G","Defend_G","Defend_G","Strike_G","Strike_G","Strike_G","Strike_G","Strike_G","Survivor","Neutralize+1","Rupture","Rupture","Rupture","Sucker Punch","Sucker Punch","Sucker Punch","Sever Soul+1","Sever Soul","Sever Soul","Heatsinks","Heatsinks","Heatsinks","Quick Slash","Quick Slash","Quick Slash","Conserve Battery","Conserve Battery","Conserve Battery","Glass Knife","Glass Knife","Glass Knife","Hello World","Hello World","Hello World","Thunderclap","Thunderclap","Thunderclap","Machine Learning","Machine Learning","Machine Learning","Infinite Blades+1","Infinite Blades+1","Infinite Blades+1","Flash of Steel","Flash of Steel","Flash of Steel","Carnage+1","Carnage+1","Carnage+1","Endless Agony","Endless Agony","Endless Agony","Stack+1","Stack+1","Stack+1","Clothesline+1","Clothesline+1","Clothesline+1","Backstab+1","Backstab+1","Backstab+1","Dark Embrace+1","Dark Embrace","Dark Embrace","Cloak And Dagger+1","Cloak And Dagger+1","Cloak And Dagger+1","Limit Break","Limit Break","Limit Break","Slice","Slice","Slice","Inflame+1","Inflame+1","Inflame+1","Sword Boomerang+1","Sword Boomerang+1","Sword Boomerang+1","After Image+1","After Image+1","After Image+1","Madness","Madness","Madness","Madness","Madness","Madness","Stack","Stack","Stack","FTL","FTL","FTL","Corruption+1","Corruption+1","Corruption+1","Mind Blast","Mind Blast","Mind Blast","Exhume","Exhume","Exhume","Perfected Strike+1","Perfected Strike+1","Perfected Strike+1"],"special_seed":17776,"relics":["Ring of the Snake","Dodecahedron","Bronze Scales","Ornamental Fan","Thread and Needle","WristBlade","MawBank","Orichalcum","Snake Skull","Shuriken","Ancient Tea Set","Frozen Egg 2","Fusion Hammer","Nunchaku","Strawberry","Mummified Hand","Question Card","Smiling Mask","Bottled Flame"],"potions_floor_usage":[7,11,24,24,27,33,33,40,50],"damage_taken":[{"damage":0,"enemies":"Small Slimes","floor":1,"turns":6},{"damage":0,"enemies":"2 Louse","floor":2,"turns":3},{"damage":0,"enemies":"Cultist","floor":4,"turns":5},{"damage":0,"enemies":"Blue Slaver","floor":5,"turns":4},{"damage":21,"enemies":"Lagavulin","floor":7,"turns":8},{"damage":1,"enemies":"2 Fungi Beasts","floor":8,"turns":3},{"damage":1,"enemies":"3 Sentries","floor":11,"turns":5},{"damage":0,"enemies":"Lots of Slimes","floor":13,"turns":3},{"damage":0,"enemies":"Gremlin Gang","floor":14,"turns":5},{"damage":7,"enemies":"Hexaghost","floor":16,"turns":10},{"damage":0,"enemies":"Shell Parasite","floor":18,"turns":4},{"damage":0,"enemies":"Chosen","floor":19,"turns":4},{"damage":7,"enemies":"Centurion and Healer","floor":21,"turns":4},{"damage":0,"enemies":"Snecko","floor":22,"turns":3},{"damage":0,"enemies":"Book of Stabbing","floor":24,"turns":3},{"damage":0,"enemies":"Snake Plant","floor":25,"turns":4},{"damage":0,"enemies":"Shelled Parasite and Fungi","floor":27,"turns":3},{"damage":5,"enemies":"Gremlin Leader","floor":28,"turns":3},{"damage":0,"enemies":"Centurion and Healer","floor":31,"turns":3},{"damage":0,"enemies":"Collector","floor":33,"turns":4},{"damage":0,"enemies":"Orb Walker","floor":35,"turns":1},{"damage":0,"enemies":"Mysterious Sphere","floor":36,"turns":2},{"damage":1,"enemies":"3 Shapes","floor":38,"turns":2},{"damage":10,"enemies":"Nemesis","floor":40,"turns":3},{"damage":0,"enemies":"2 Orb Walkers","floor":42,"turns":3},{"damage":0,"enemies":"Giant Head","floor":47,"turns":1},{"damage":0,"enemies":"Spire Growth","floor":48,"turns":1},{"damage":9,"enemies":"Awakened One","floor":50,"turns":5}],"seed_played":"7770520436414535672","potions_obtained":[{"floor":2,"key":"SteroidPotion"},{"floor":7,"key":"PowerPotion"},{"floor":14,"key":"FearPotion"},{"floor":16,"key":"Ancient Potion"},{"floor":19,"key":"Poison Potion"},{"floor":22,"key":"AttackPotion"},{"floor":25,"key":"FearPotion"},{"floor":27,"key":"SkillPotion"},{"floor":35,"key":"GamblersBrew"},{"floor":36,"key":"Ancient Potion"},{"floor":42,"key":"GamblersBrew"}],"is_trial":false,"path_per_floor":["M","M","?","M","M","R","E","M","T","?","E","R","M","M","R","B",null,"M","M","$","M","M","R","E","M","T","M","E","?","?","M","R","B",null,"M","?","?","M","$","E","?","E","T","$","?","R","E","M","R","B"],"character_chosen":"THE_SILENT","items_purchased":["Flash of Steel","MawBank","Orichalcum","Strawberry","FTL","Corruption+1"],"campfire_rested":4,"item_purchase_floors":[20,20,20,39,44,44],"current_hp_per_floor":[68,67,66,65,64,63,42,41,41,29,28,45,45,45,54,47,52,51,50,49,42,42,42,42,42,42,42,37,37,37,37,37,36,35,34,33,32,31,37,27,22,22,22,22,22,30,29,28,27,18],"gold":152,"neow_bonus":"","is_prod":false,"is_daily":true,"chose_seed":false,"campfire_upgraded":3,"win_rate":0,"timestamp":1535860511,"path_taken":["M","M","?","M","M","R","E","?","T","?","E","R","M","M","R","BOSS","M","M","$","M","M","R","E","M","T","?","E","?","?","M","R","BOSS","M","?","?","?","$","E","?","E","T","$","?","R","E","?","R","BOSS"],"build_version":"2018-08-30","purchased_purges":0,"victory":true,"max_hp_per_floor":[68,67,66,65,64,63,62,61,60,59,58,57,56,55,54,53,52,51,50,49,48,47,46,45,44,43,42,41,40,39,38,37,36,35,34,33,32,31,37,36,35,34,33,32,31,30,29,28,27,26],"card_choices":[{"not_picked":["Dagger Spray","Clash"],"picked":"Rupture","floor":1},{"not_picked":["Chaos","Blade Dance"],"picked":"Sucker Punch","floor":2},{"not_picked":["Prepared","Expertise"],"picked":"Sever Soul","floor":4},{"not_picked":["Leap","Cloak And Dagger"],"picked":"Heatsinks","floor":5},{"not_picked":["Wild Strike","Cloak And Dagger"],"picked":"Quick Slash","floor":7},{"not_picked":["Rupture","Underhanded Strike"],"picked":"Conserve Battery","floor":8},{"not_picked":["Leap","Redo"],"picked":"Glass Knife","floor":11},{"not_picked":["Sucker Punch","Melter"],"picked":"Hello World","floor":13},{"not_picked":["Hologram","Gash"],"picked":"Thunderclap","floor":14},{"not_picked":["Tools of the Trade","Grand Finale"],"picked":"Machine Learning","floor":16},{"not_picked":["Hello World","Iron Wave"],"picked":"Infinite Blades+1","floor":18},{"not_picked":["Cleave+1","Tempest+1","Dodge and Roll"],"picked":"SKIP","floor":19},{"not_picked":["Wild Strike+1","Redo"],"picked":"Carnage+1","floor":21},{"not_picked":["Poisoned Stab","Cold Snap+1"],"picked":"Endless Agony","floor":22},{"not_picked":["Cold Snap","BootSequence"],"picked":"Stack+1","floor":24},{"not_picked":["Bane","Havoc+1"],"picked":"Clothesline+1","floor":25},{"not_picked":["Shrug It Off","Flechettes"],"picked":"Backstab+1","floor":27},{"not_picked":["Blade Dance+1","Die Die Die"],"picked":"Dark Embrace","floor":28},{"not_picked":["Sweeping Beam","PiercingWail"],"picked":"Cloak And Dagger+1","floor":31},{"not_picked":["Meteor Strike","Fiend Fire"],"picked":"Limit Break","floor":33},{"not_picked":["Outmaneuver+1","Flying Knee+1"],"picked":"Slice","floor":35},{"not_picked":["Deflect","Chill"],"picked":"Inflame+1","floor":36},{"not_picked":["Compile Driver","Havoc"],"picked":"Sword Boomerang+1","floor":38},{"not_picked":["Beam Cell+1","Cold Snap"],"picked":"After Image+1","floor":40},{"not_picked":["Genetic Algorithm+1","Backflip"],"picked":"Stack","floor":42},{"not_picked":["Dramatic Entrance","Sadistic Nature+1","Impatience"],"picked":"Mind Blast","floor":45},{"not_picked":["Rebound","Underhanded Strike+1","Compile Driver+1"],"picked":"Exhume","floor":47},{"not_picked":["Redo","Streamline","Iron Wave"],"picked":"Perfected Strike+1","floor":48}],"player_experience":92395,"relics_obtained":[{"floor":7,"key":"Dodecahedron"},{"floor":9,"key":"Bronze Scales"},{"floor":11,"key":"Thread and Needle"},{"floor":24,"key":"Snake Skull"},{"floor":26,"key":"Shuriken"},{"floor":28,"key":"Ancient Tea Set"},{"floor":36,"key":"Nunchaku"},{"floor":40,"key":"Mummified Hand"},{"floor":42,"key":"Question Card"},{"floor":43,"key":"Smiling Mask"},{"floor":47,"key":"Bottled Flame"}],"event_choices":[{"event_name":"Golden Wing","player_choice":"Ignored","floor":3,"damage_taken":0},{"event_name":"Scrap Ooze","player_choice":"success","floor":10,"damage_taken":12},{"event_name":"Addict","player_choice":"Obtained Relic","floor":29,"damage_taken":0},{"event_name":"Golden Shrine","player_choice":"Pray","floor":30,"damage_taken":0},{"event_name":"Mysterious Sphere","player_choice":"Fight","floor":36,"damage_taken":0},{"event_name":"Tomb of Lord Red Mask","player_choice":"Ignored","floor":37,"damage_taken":0},{"event_name":"Winding Halls","player_choice":"Embrace Madness","floor":41,"damage_taken":0},{"event_name":"SensoryStone","player_choice":"Memory 1","floor":45,"damage_taken":0}],"is_beta":true,"boss_relics":[{"not_picked":["Cursed Key","Velvet Choker"],"picked":"WristBlade"},{"not_picked":["HoveringKite","Orrery"],"picked":"Fusion Hammer"}],"items_purged_floors":[],"is_endless":false,"potions_floor_spawned":[2,7,14,16,19,22,25,27,35,36,42],"ascension_level":0}