{"gold_per_floor":[117,130,55,55,74,101,101,116,116,116,132,144,144,162,162,258,258,274,274,288,288,288],"floor_reached":22,"playtime":957,"items_purged":["Strike_R"],"score":235,"play_id":"9a5c8746-6bb6-48cc-b548-a3e6bc40880b","local_time":"20181222014813","is_ascension_mode":true,"campfire_choices":[{"data":"Reaper","floor":10,"key":"SMITH"},{"floor":15,"key":"REST"}],"neow_cost":"NONE","seed_source_timestamp":279986063710526,"circlet_count":0,"master_deck":["Strike_R","Strike_R","Strike_R","Defend_R","Defend_R","Defend_R","Defend_R","Bash+1","Pommel Strike","Dropkick","Twin Strike","Ghostly Armor","Reaper+1","Shrug It Off","Thunderclap","Pommel Strike","Warcry","Reaper","Iron Wave","Decay","Seeing Red"],"relics":["Black Blood","NeowsBlessing","Dream Catcher","Enchiridion"],"potions_floor_usage":[16,16,20,22],"damage_taken":[{"damage":0,"enemies":"Cultist","floor":1,"turns":1},{"damage":0,"enemies":"Small Slimes","floor":2,"turns":2},{"damage":0,"enemies":"2 Louse","floor":5,"turns":1},{"damage":50,"enemies":"Lagavulin","floor":6,"turns":6},{"damage":15,"enemies":"Gremlin Gang","floor":8,"turns":6},{"damage":21,"enemies":"Blue Slaver","floor":11,"turns":3},{"damage":11,"enemies":"3 Louse","floor":12,"turns":4},{"damage":0,"enemies":"2 Fungi Beasts","floor":14,"turns":2},{"damage":48,"enemies":"Slime Boss","floor":16,"turns":10},{"damage":33,"enemies":"Chosen","floor":18,"turns":6},{"damage":29,"enemies":"Shell Parasite","floor":20,"turns":4},{"damage":47,"enemies":"Snecko","floor":22,"turns":5}],"seed_played":"-2905625546102273888","potions_obtained":[{"floor":1,"key":"Swift Potion"},{"floor":2,"key":"LiquidBronze"},{"floor":16,"key":"PowerPotion"},{"floor":18,"key":"SteroidPotion"}],"is_trial":false,"path_per_floor":["M","M","$","$","M","E","?","M","T","R","M","M","?","M","R","B",null,"M","?","M","?","M"],"character_chosen":"IRONCLAD","items_purchased":[],"campfire_rested":1,"item_purchase_floors":[],"current_hp_per_floor":[80,80,80,80,80,36,36,27,27,27,19,20,20,26,50,17,64,48,48,42,26,0],"gold":288,"neow_bonus":"THREE_ENEMY_KILL","is_prod":false,"is_daily":false,"chose_seed":false,"campfire_upgraded":1,"win_rate":0,"timestamp":1545461293,"path_taken":["M","M","?","$","?","E","?","?","T","R","M","M","?","?","R","BOSS","M","?","M","?","M"],"build_version":"2018-12-20","purchased_purges":1,"victory":false,"max_hp_per_floor":[80,80,80,80,80,80,80,80,80,80,80,80,80,80,80,80,80,80,80,80,80,80],"card_choices":[{"not_picked":["Spot Weakness","Flex"],"picked":"Pommel Strike","floor":1},{"not_picked":["Pommel Strike","Sentinel"],"picked":"Dropkick","floor":2},{"not_picked":["Havoc","Warcry"],"picked":"Twin Strike","floor":5},{"not_picked":["Flame Barrier","Anger"],"picked":"Ghostly Armor","floor":6},{"not_picked":["Body Slam","Cleave"],"picked":"Reaper","floor":8},{"not_picked":["Heavy Blade","Clash"],"picked":"Shrug It Off","floor":11},{"not_picked":["Wild Strike","Power Through"],"picked":"Thunderclap","floor":12},{"not_picked":["Headbutt","Limit Break"],"picked":"Pommel Strike","floor":14},{"not_picked":["Combust","Clothesline"],"picked":"Warcry","floor":15},{"not_picked":["Juggernaut","Dark Embrace"],"picked":"Reaper","floor":16},{"not_picked":["Armaments","Wild Strike"],"picked":"Iron Wave","floor":18},{"not_picked":["Flex","Flame Barrier"],"picked":"Seeing Red","floor":20}],"player_experience":224215,"relics_obtained":[{"floor":6,"key":"Dream Catcher"},{"floor":21,"key":"Enchiridion"}],"event_choices":[{"damage_healed":0,"gold_gain":0,"player_choice":"Upgraded","damage_taken":0,"max_hp_gain":0,"max_hp_loss":0,"event_name":"Upgrade Shrine","floor":7,"gold_loss":0,"cards_upgraded":["Bash"]},{"cards_removed":["Strike_R"],"damage_healed":0,"gold_gain":0,"player_choice":"Purged","damage_taken":0,"max_hp_gain":0,"max_hp_loss":0,"event_name":"Purifier","floor":13,"gold_loss":0},{"damage_healed":0,"gold_gain":0,"player_choice":"Smashed Altar","damage_taken":0,"max_hp_gain":0,"max_hp_loss":0,"event_name":"Forgotten Altar","floor":19,"gold_loss":0,"cards_obtained":["Decay"]},{"damage_healed":0,"gold_gain":0,"player_choice":"Obtained Book","damage_taken":16,"max_hp_gain":0,"max_hp_loss":0,"event_name":"Cursed Tome","floor":21,"gold_loss":0}],"is_beta":false,"boss_relics":[{"not_picked":["Velvet Choker","Fusion Hammer"],"picked":"Black Blood"}],"items_purged_floors":[3],"is_endless":false,"potions_floor_spawned":[1,2,16,18],"killed_by":"Snecko","ascension_level":5}