{"gold_per_floor":[115,115,133,54,71,71,97,97,121,121,136,152,117,133,133,230,230,240,240,117,127,37,37,49,49,49,49,64,79,79,92,92,191,191,202,202],"floor_reached":36,"playtime":2535,"items_purged":["Normality"],"score":567,"play_id":"3a3cfbc5-2852-4510-b1d2-2b16d645b6e9","local_time":"20181016090809","is_ascension_mode":true,"campfire_choices":[{"data":"Barrage","floor":6.0,"key":"SMITH"},{"data":"Capacitor","floor":8.0,"key":"SMITH"},{"data":"Self Repair","floor":10.0,"key":"SMITH"},{"data":"Steam","floor":15.0,"key":"SMITH"},{"floor":23.0,"key":"REST"},{"floor":25.0,"key":"REST"},{"floor":27.0,"key":"REST"},{"floor":32,"key":"REST"}],"neow_cost":"TEN_PERCENT_HP_LOSS","seed_source_timestamp":0,"circlet_count":0,"master_deck":["Strike_B","Strike_B","Strike_B","Strike_B","Defend_B","Defend_B","Defend_B","Defend_B","Zap+1","Dualcast","AscendersBane","Self Repair+1","Barrage+1","Capacitor+1","Compile Driver","Electrodynamics","Steam+1","Reboot","Clumsy","J.A.X.+1","Conserve Battery","Go for the Eyes","Glacier","Ball Lightning","White Noise+1","Streamline+1","Hologram","Loop+1","Consume","Beam Cell","Echo Form","Go for the Eyes+1"],"special_seed":0,"relics":["Cracked Core","Du-Vu Doll","Bag of Marbles","PreservedInsect","Calling Bell","Dream Catcher","Letter Opener","Bird Faced Urn","Bottled Lightning","Inserter"],"potions_floor_usage":[33,33],"damage_taken":[{"damage":2.0,"enemies":"2 Louse","floor":1.0,"turns":2.0},{"damage":6.0,"enemies":"Cultist","floor":3.0,"turns":4.0},{"damage":4.0,"enemies":"Small Slimes","floor":5.0,"turns":3.0},{"damage":25.0,"enemies":"Lagavulin","floor":7.0,"turns":6.0},{"damage":34.0,"enemies":"Exordium Wildlife","floor":11.0,"turns":4.0},{"damage":6.0,"enemies":"2 Fungi Beasts","floor":12.0,"turns":2.0},{"damage":9.0,"enemies":"Red Slaver","floor":14.0,"turns":3.0},{"damage":30.0,"enemies":"The Guardian","floor":16.0,"turns":12.0},{"damage":25.0,"enemies":"Spheric Guardian","floor":18.0,"turns":5.0},{"damage":52.0,"enemies":"3 Byrds","floor":21.0,"turns":4.0},{"damage":30.0,"enemies":"Sentry and Sphere","floor":24.0,"turns":4.0},{"damage":18.0,"enemies":"Snake Plant","floor":28.0,"turns":2.0},{"damage":12.0,"enemies":"3 Cultists","floor":29.0,"turns":3.0},{"damage":48,"enemies":"Shelled Parasite and Fungi","floor":31,"turns":6},{"damage":36,"enemies":"Champ","floor":33,"turns":9},{"damage":37,"enemies":"Orb Walker","floor":35,"turns":4},{"damage":53,"enemies":"Mysterious Sphere","floor":36,"turns":4}],"seed_played":"8198426794639666724","potions_obtained":[{"floor":5.0,"key":"Ancient Potion"},{"floor":11.0,"key":"Explosive Potion"},{"floor":31,"key":"SpeedPotion"},{"floor":33,"key":"FearPotion"}],"is_trial":false,"path_per_floor":["M","?","M","$","M","R","E","R","T","R","M","M","?","M","R","B",null,"M","?","$","M","?","R","M","R","T","R","M","M","$","M","R","B",null,"M"],"character_chosen":"DEFECT","items_purchased":["Capacitor","Conserve Battery"],"campfire_rested":4,"item_purchase_floors":[4,20],"current_hp_per_floor":[66,66,67,67,68,68,50,50,50,50,26,30,47,48,48,28,58,49,49,49,13,13,32,16,35,35,54,50,42,42,14,33,15,53,44,0],"gold":202,"neow_bonus":"ONE_RARE_RELIC","is_prod":false,"is_daily":false,"chose_seed":false,"campfire_upgraded":4,"win_rate":0,"timestamp":1539706089,"path_taken":["M","?","?","$","M","R","E","R","T","R","M","M","?","M","R","BOSS","M","?","$","?","?","R","M","R","T","R","M","M","?","?","R","BOSS","M","?"],"build_version":"2018-10-11","purchased_purges":1,"victory":false,"max_hp_per_floor":[68,68,68,68,68,68,68,68,68,68,68,68,68,68,68,68,68,68,68,68,68,65,65,65,65,65,65,65,65,65,65,65,65,65,65,65],"card_choices":[{"not_picked":["Redo","Hologram"],"picked":"Self Repair","floor":1.0},{"not_picked":["Hologram","Skim"],"picked":"Barrage","floor":3.0},{"not_picked":["Streamline","Turbo","Recycle"],"picked":"SKIP","floor":5.0},{"not_picked":["Go for the Eyes","Rebound"],"picked":"Compile Driver","floor":7.0},{"not_picked":["Hologram","Conserve Battery"],"picked":"Electrodynamics","floor":11.0},{"not_picked":["Beam Cell","Chaos"],"picked":"Steam","floor":12.0},{"not_picked":["Skim","Sweeping Beam","Storm"],"picked":"SKIP","floor":14.0},{"not_picked":["Fission","Machine Learning"],"picked":"Reboot","floor":16.0},{"not_picked":["Blizzard+1","Self Repair","Aggregate+1"],"picked":"SKIP","floor":18.0},{"not_picked":["Sweeping Beam","Streamline+1"],"picked":"Go for the Eyes","floor":21.0},{"not_picked":["Hello World","Fusion"],"picked":"Glacier","floor":23.0},{"not_picked":["Steam Power","Redo"],"picked":"Ball Lightning","floor":24.0},{"not_picked":["Reboot","Redo+1"],"picked":"White Noise+1","floor":25.0},{"not_picked":["Gash","Turbo"],"picked":"Streamline+1","floor":27.0},{"not_picked":["Rebound+1","Sweeping Beam"],"picked":"Hologram","floor":28.0},{"not_picked":["Cold Snap","Steam Power"],"picked":"Loop+1","floor":29.0},{"not_picked":["Blizzard","Scrape"],"picked":"Consume","floor":31},{"not_picked":["Skim","Rip and Tear"],"picked":"Beam Cell","floor":32},{"not_picked":["Seek","Hyperbeam"],"picked":"Echo Form","floor":33},{"not_picked":["Gash","Storm"],"picked":"Go for the Eyes+1","floor":35}],"player_experience":1166623,"relics_obtained":[{"floor":7.0,"key":"Bag of Marbles"},{"floor":9.0,"key":"PreservedInsect"},{"floor":17.0,"key":"Dream Catcher"},{"floor":17.0,"key":"Letter Opener"},{"floor":17.0,"key":"Bird Faced Urn"},{"floor":26.0,"key":"Bottled Lightning"}],"event_choices":[{"event_name":"Upgrade Shrine","player_choice":"Upgraded","floor":2.0,"damage_taken":0.0},{"event_name":"The Cleric","player_choice":"Healed","floor":13.0,"damage_taken":0.0},{"event_name":"Drug Dealer","player_choice":"Got JAX","floor":19.0,"damage_taken":0.0},{"event_name":"Designer","player_choice":"Full Service","floor":22.0,"damage_taken":0.0},{"event_name":"Mysterious Sphere","player_choice":"Fight","floor":36,"damage_taken":0}],"is_beta":false,"boss_relics":[{"not_picked":["FrozenCore","Coffee Dripper"],"picked":"Calling Bell"},{"not_picked":["Black Star","Snecko Eye"],"picked":"Inserter"}],"items_purged_floors":[20],"is_endless":false,"potions_floor_spawned":[5,11,12,16,31,33],"killed_by":"Mysterious Sphere","ascension_level":11}