{"gold_per_floor":[113,188,207,207,207,207,235,252,278,308,320,332,16,16],"floor_reached":14,"playtime":1293,"items_purged":[],"score":192,"play_id":"74497e9f-5b4e-487e-b376-c7652dc45d83","local_time":"20181211171108","is_ascension_mode":true,"campfire_choices":[{"floor":6,"key":"REST"}],"neow_cost":"NONE","seed_source_timestamp":76173432728726,"circlet_count":0,"master_deck":["AscendersBane","Strike_R","Strike_R","Strike_R","Strike_R","Strike_R","Defend_R","Defend_R","Defend_R","Defend_R","Bash","Rage","Inflame","Reaper","Heavy Blade","Pommel Strike","Armaments","Inflame"],"relics":["Burning Blood","Juzu Bracelet","Smiling Mask","Blood Vial","Bronze Scales","MawBank","Golden Idol","Toxic Egg 2"],"potions_floor_usage":[7,10,14],"damage_taken":[{"damage":14,"enemies":"Jaw Worm","floor":1,"turns":4},{"damage":10,"enemies":"Small Slimes","floor":3,"turns":4},{"damage":25,"enemies":"Lagavulin","floor":7,"turns":6},{"damage":8,"enemies":"2 Louse","floor":8,"turns":4},{"damage":46,"enemies":"3 Sentries","floor":10,"turns":8},{"damage":27,"enemies":"Exordium Thugs","floor":14,"turns":3}],"seed_played":"-6995004264976194492","potions_obtained":[{"floor":1,"key":"GamblersBrew"},{"floor":3,"key":"Poison Potion"},{"floor":10,"key":"Swift Potion"}],"is_trial":false,"path_per_floor":["M","?","M","?","?","R","E","M","T","E","?","?","$","M"],"character_chosen":"IRONCLAD","items_purchased":["Toxic Egg 2","Inflame"],"campfire_rested":1,"item_purchase_floors":[13,13],"current_hp_per_floor":[60,49,45,34,34,56,37,44,44,24,24,24,24,0],"gold":16,"neow_bonus":"RANDOM_COMMON_RELIC","is_prod":false,"is_daily":false,"chose_seed":false,"campfire_upgraded":0,"win_rate":0,"timestamp":1544573468,"path_taken":["M","?","M","?","?","R","E","M","T","E","?","?","?","M"],"build_version":"2018-12-06","purchased_purges":0,"victory":false,"max_hp_per_floor":[75,75,75,75,75,75,75,75,75,75,75,68,68,68],"card_choices":[{"not_picked":["Dual Wield","Blood for Blood"],"picked":"Rage","floor":1},{"not_picked":["True Grit","Perfected Strike"],"picked":"Inflame","floor":3},{"not_picked":["Thunderclap","Rage"],"picked":"Heavy Blade","floor":7},{"not_picked":["Whirlwind","Clothesline"],"picked":"Pommel Strike","floor":8},{"not_picked":["Shrug It Off","Pommel Strike"],"picked":"Armaments","floor":10}],"player_experience":601732,"relics_obtained":[{"floor":7,"key":"Blood Vial"},{"floor":9,"key":"Bronze Scales"},{"floor":10,"key":"MawBank"}],"event_choices":[{"damage_healed":0,"gold_gain":75,"player_choice":"Gather Gold","damage_taken":11,"max_hp_gain":0,"max_hp_loss":0,"event_name":"World of Goop","floor":2,"gold_loss":0},{"damage_healed":0,"gold_gain":0,"player_choice":"Success","damage_taken":11,"relics_obtained":["Smiling Mask"],"max_hp_gain":0,"max_hp_loss":0,"event_name":"Scrap Ooze","floor":4,"gold_loss":0},{"damage_healed":0,"gold_gain":0,"player_choice":"1 cards matched","damage_taken":0,"max_hp_gain":0,"max_hp_loss":0,"event_name":"Match and Keep!","floor":5,"gold_loss":0,"cards_obtained":["Reaper"]},{"damage_healed":0,"gold_gain":0,"player_choice":"Ignored","damage_taken":0,"max_hp_gain":0,"max_hp_loss":0,"event_name":"Shining Light","floor":11,"gold_loss":0},{"damage_healed":0,"gold_gain":0,"player_choice":"Lose Max HP","damage_taken":0,"relics_obtained":["Golden Idol"],"max_hp_gain":0,"max_hp_loss":7,"event_name":"Golden Idol","floor":12,"gold_loss":0}],"is_beta":false,"boss_relics":[],"items_purged_floors":[],"is_endless":false,"potions_floor_spawned":[1,3,10],"killed_by":"Exordium Thugs","ascension_level":20}