{"path_per_floor":["M","M","M","M","M","E","?","R","T","M","E","?","M","M","R","B",null,"M","M","?","M","?","E","R","E","T","?","M","?","M","E","R","B",null,"M","$","?","?","M","R","E","M","T","$","M","R","M","?","R","B"],"character_chosen":"IRONCLAD","items_purchased":["Ice Cream"],"gold_per_floor":[117,135,151,170,185,213,270,270,270,284,311,311,323,340,340,445,445,462,473,473,489,404,436,436,469,495,420,433,433,453,485,485,587,587,607,220,220,220,230,230,263,273,273,173,186,186,205,0,0,0],"floor_reached":51,"campfire_rested":2,"playtime":3263,"current_hp_per_floor":[87,87,86,81,87,66,69,69,69,72,81,81,85,87,87,69,87,85,82,65,44,44,29,56,46,46,46,43,43,45,18,45,22,92,92,92,92,92,92,92,66,86,86,86,83,83,92,92,92,77],"items_purged":["Strike_R","Strike_R"],"gold":0,"score":801,"play_id":"0e6d027e-dc30-4aeb-bc03-bf4c71e4054f","local_time":"20180324161840","is_prod":false,"is_daily":false,"is_ascension_mode":false,"campfire_upgraded":5,"timestamp":1521926320,"path_taken":["M","?","?","M","M","E","?","R","T","M","E","?","M","M","R","BOSS","M","M","?","M","?","E","R","E","T","?","?","?","?","E","R","BOSS","M","$","?","?","M","R","E","?","T","?","?","R","M","?","R","BOSS"],"build_version":"2018-03-22v2","purchased_purges":2,"victory":true,"master_deck":["Strike_R","Strike_R","Defend_R+1","Defend_R+1","Pommel Strike+1","Perfected Strike+1","Pommel Strike+1","Inflame","Flex","Limit Break+1","Spot Weakness+1","Burning Pact+1","Rage+1","Heavy Blade+1","Demon Form+1","Bloodletting+1","Heavy Blade+1","Twin Strike+1","Intimidate+1","Exhume+1","Warcry+1","Burning Pact+1","Havoc+1","Limit Break+1","Inflame","True Grit+1","Fire Breathing+1","Shockwave+1","Heavy Blade+1","Writhe","Warcry+1","Warcry+1","Exhume+1"],"max_hp_per_floor":[87,87,87,87,87,87,87,87,87,87,87,87,87,87,87,87,87,87,87,92,92,92,92,92,92,92,92,92,92,92,92,92,92,92,92,92,92,92,92,92,92,92,92,92,92,92,92,92,92,92],"relics":["Black Blood","Strawberry","Thread and Needle","Toxic Egg 2","Magic Flower","Ancient Tea Set","Prayer Wheel","Centennial Puzzle","Oddly Smooth Stone","War Paint","Ornamental Fan","Cursed Key","Ice Cream","Bird Faced Urn","Champion Belt","Red Mask"],"card_choices":[{"not_picked":["Blood for Blood","Battle Trance"],"picked":"Pommel Strike","floor":1},{"not_picked":["Armaments","Infernal Blade"],"picked":"Perfected Strike","floor":2},{"not_picked":["Rage","Shrug It Off"],"picked":"Pommel Strike","floor":4},{"not_picked":["Cleave","Rupture"],"picked":"Inflame","floor":5},{"not_picked":["Thunderclap","Cleave"],"picked":"Flex","floor":6},{"not_picked":["Intimidate","Hemokinesis"],"picked":"Limit Break","floor":7},{"not_picked":["Pommel Strike","Anger"],"picked":"Spot Weakness","floor":10},{"not_picked":["Pommel Strike","True Grit"],"picked":"Burning Pact","floor":11},{"not_picked":["Anger","True Grit"],"picked":"Rage","floor":13},{"not_picked":["Iron Wave","Thunderclap"],"picked":"Heavy Blade","floor":14},{"not_picked":["Dark Embrace","Juggernaut"],"picked":"Demon Form","floor":16},{"not_picked":["Dual Wield","Clash"],"picked":"Bloodletting","floor":18},{"not_picked":["Searing Blow","Flame Barrier"],"picked":"Heavy Blade","floor":21},{"not_picked":["Feel No Pain","Whirlwind"],"picked":"Twin Strike","floor":23},{"not_picked":["Second Wind","Clash"],"picked":"Intimidate","floor":25},{"not_picked":["Infernal Blade","Clash"],"picked":"Exhume","floor":26},{"not_picked":["Combust","Pummel"],"picked":"Warcry","floor":28},{"not_picked":["Sword Boomerang","Iron Wave"],"picked":"Burning Pact","floor":30},{"not_picked":["Cleave","Thunderclap"],"picked":"Havoc","floor":31},{"not_picked":["Brutality","Juggernaut"],"picked":"Limit Break","floor":33},{"not_picked":["Perfected Strike","Disarm"],"picked":"Inflame","floor":35},{"not_picked":["Whirlwind","Thunderclap"],"picked":"Fire Breathing","floor":39},{"not_picked":["Cleave","Twin Strike"],"picked":"Shockwave","floor":41},{"not_picked":["Clothesline","Infernal Blade"],"picked":"Heavy Blade","floor":42},{"not_picked":["Havoc","Disarm"],"picked":"Warcry","floor":43},{"not_picked":["Armaments","Anger"],"picked":"Warcry","floor":45},{"not_picked":["Ghostly Armor","Clash"],"picked":"Exhume","floor":47}],"player_experience":60463,"potions_floor_usage":[11,16,16,23,23,30,31,33,33,47,50,50],"damage_taken":[{"damage":6,"enemies":"Cultist","floor":1,"turns":3},{"damage":1,"enemies":"Jaw Worm","floor":2,"turns":3},{"damage":7,"enemies":"2 Louse","floor":3,"turns":2},{"damage":11,"enemies":"Red Slaver","floor":4,"turns":3},{"damage":0,"enemies":"Large Slime","floor":5,"turns":3},{"damage":27,"enemies":"Gremlin Nob","floor":6,"turns":4},{"damage":3,"enemies":"3 Sentries","floor":7,"turns":6},{"damage":6,"enemies":"Exordium Thugs","floor":10,"turns":3},{"damage":0,"enemies":"3 Sentries","floor":11,"turns":4},{"damage":5,"enemies":"Looter","floor":13,"turns":2},{"damage":0,"enemies":"2 Fungi Beasts","floor":14,"turns":3},{"damage":37,"enemies":"Hexaghost","floor":16,"turns":6},{"damage":17,"enemies":"Shell Parasite","floor":18,"turns":6},{"damage":18,"enemies":"Spheric Guardian","floor":19,"turns":4},{"damage":36,"enemies":"Cultist and Chosen","floor":21,"turns":8},{"damage":30,"enemies":"Slavers","floor":23,"turns":4},{"damage":25,"enemies":"Gremlin Leader","floor":25,"turns":4},{"damage":18,"enemies":"Centurion and Healer","floor":28,"turns":3},{"damage":13,"enemies":"3 Cultists","floor":30,"turns":4},{"damage":42,"enemies":"Slavers","floor":31,"turns":4},{"damage":38,"enemies":"Collector","floor":33,"turns":6},{"damage":3,"enemies":"Orb Walker","floor":35,"turns":2},{"damage":12,"enemies":"3 Shapes","floor":39,"turns":4},{"damage":41,"enemies":"Nemesis","floor":41,"turns":5},{"damage":7,"enemies":"Maw","floor":42,"turns":5},{"damage":24,"enemies":"3 Darklings","floor":45,"turns":3},{"damage":10,"enemies":"Sphere and 2 Shapes","floor":47,"turns":3},{"damage":39,"enemies":"Time Eater","floor":50,"turns":5}],"event_choices":[{"event_name":"Dead Adventurer","player_choice":"Searched \u00272\u0027 times","floor":7,"damage_taken":0},{"event_name":"Purifier","player_choice":"One Purge","floor":12,"damage_taken":0},{"event_name":"Forgotten Altar","player_choice":"Shed Blood","floor":20,"damage_taken":0},{"event_name":"Addict","player_choice":"Obtained Relic","floor":22,"damage_taken":0},{"event_name":"Beggar","player_choice":"Gave Gold","floor":27,"damage_taken":0},{"event_name":"The Lab","player_choice":"Got Potions","floor":29,"damage_taken":0},{"event_name":"Transmorgrifier","player_choice":"Transform","floor":38,"damage_taken":0},{"event_name":"Tomb of Lord Red Mask","player_choice":"Paid","floor":48,"damage_taken":0}],"boss_relics":[{"not_picked":["Runic Pyramid","Orrery"],"picked":"Black Blood"},{"not_picked":["Question Card","Sozu"],"picked":"Cursed Key"}],"potions_floor_spawned":[3,4,6,10,13,16,18,25,31,41,42,47],"seed_played":"8282969554590936524","ascension_level":0,"is_trial":false}