{"path_per_floor":["M","?","?","M","M","M","R","M","T","$","M","M","R","?","R","B",null,"M","M","?","M","M","R","M","M","T","M","?","$","T"],"character_chosen":"DEFECT","items_purchased":["White Noise"],"gold_per_floor":[114,114,79,94,109,124,124,139,164,91,106,121,121,121,121,221,221,221,221,221,221,221,221,221,221,221,221,221,221,221,221],"floor_reached":31,"campfire_rested":1,"playtime":1006,"item_purchase_floors":[10],"current_hp_per_floor":[73,55,71,69,68,67,67,66,65,64,42,34,34,34,34,20,57,39,37,37,30,11,46,26,10,10,9,9,9,9,0],"items_purged":[],"gold":221,"score":233,"play_id":"b41ca7c9-a5a6-40ee-94f9-39b0646f696f","local_time":"20180615013519","daily_mods":["Diverse","Night Terrors","Terminal"],"is_prod":false,"is_daily":true,"chose_seed":false,"is_ascension_mode":false,"campfire_upgraded":3,"win_rate":0.0,"timestamp":1528990519,"campfire_choices":[{"data":"Zap","floor":7,"key":"SMITH"},{"data":"White Noise","floor":13,"key":"SMITH"},{"data":"Consume","floor":15,"key":"SMITH"},{"floor":23,"key":"REST"}],"path_taken":["M","?","?","M","M","M","R","?","T","$","M","M","R","?","R","BOSS","M","M","?","M","M","R","M","M","T","M","?","$","?","?"],"build_version":"2018-06-07v3","seed_source_timestamp":53550327888624,"purchased_purges":0,"victory":false,"master_deck":["Strike_B","Strike_B","Strike_B","Strike_B","Defend_B","Defend_B","Defend_B","Defend_B","Zap+1","Dualcast","Sword Boomerang+1","Cold Snap+1","Multi-Cast","White Noise+1","Consume+1","Rip and Tear+1"],"max_hp_per_floor":[73,72,71,70,69,68,67,66,65,64,63,62,61,60,59,58,57,56,55,54,53,52,46,45,44,43,42,41,40,39,39],"relics":["Cracked Core","Molten Egg 2","Anchor","Ectoplasm","Orichalcum","The Courier","Bottled Flame"],"card_choices":[{"not_picked":["Uppercut","Clash","Deflect"],"picked":"SKIP","floor":1},{"not_picked":["Chaos","Glacier"],"picked":"Sword Boomerang+1","floor":4},{"not_picked":["Perfected Strike+1","Armaments"],"picked":"Cold Snap+1","floor":5},{"not_picked":["Dropkick+1","Conserve Battery","Combust"],"picked":"SKIP","floor":6},{"not_picked":["Barrage+1","Quick Slash+1"],"picked":"Multi-Cast","floor":8},{"not_picked":["Reflex","Reprogram"],"picked":"Consume","floor":11},{"not_picked":["Slice+1","Heel Hook+1","Scrape+1"],"picked":"SKIP","floor":12},{"not_picked":["Crippling Poison","Feel No Pain","Coolheaded"],"picked":"SKIP","floor":18},{"not_picked":["Poisoned Stab+1","Compile Driver+1","Armaments"],"picked":"SKIP","floor":19},{"not_picked":["Lockon+1","Sentinel"],"picked":"Rip and Tear+1","floor":21},{"not_picked":["Streamline+1","Cold Snap+1","Compile Driver+1"],"picked":"SKIP","floor":22},{"not_picked":["Turbo","Doppelganger","Undo"],"picked":"SKIP","floor":24},{"not_picked":["Thunderclap+1","Fire Breathing","Redo"],"picked":"SKIP","floor":25},{"not_picked":["Compile Driver+1","Go for the Eyes+1","Second Wind"],"picked":"SKIP","floor":27}],"player_experience":353482,"potions_floor_usage":[16,22,22,22,27],"damage_taken":[{"damage":0,"enemies":"2 Louse","floor":1,"turns":3},{"damage":2,"enemies":"Small Slimes","floor":4,"turns":3},{"damage":1,"enemies":"Jaw Worm","floor":5,"turns":2},{"damage":1,"enemies":"Exordium Wildlife","floor":6,"turns":2},{"damage":0,"enemies":"Blue Slaver","floor":8,"turns":2},{"damage":22,"enemies":"Exordium Thugs","floor":11,"turns":4},{"damage":8,"enemies":"2 Fungi Beasts","floor":12,"turns":3},{"damage":14,"enemies":"Slime Boss","floor":16,"turns":7},{"damage":18,"enemies":"Chosen","floor":18,"turns":5},{"damage":2,"enemies":"3 Byrds","floor":19,"turns":4},{"damage":7,"enemies":"Centurion and Healer","floor":21,"turns":9},{"damage":19,"enemies":"Chosen and Byrds","floor":22,"turns":5},{"damage":20,"enemies":"Snake Plant","floor":24,"turns":5},{"damage":16,"enemies":"Sentry and Sphere","floor":25,"turns":6},{"damage":1,"enemies":"Chosen and Byrds","floor":27,"turns":7},{"damage":12,"enemies":"Snake Plant","floor":31,"turns":2}],"relics_obtained":[{"floor":9,"key":"Anchor"},{"floor":26,"key":"The Courier"},{"floor":30,"key":"Bottled Flame"}],"event_choices":[{"event_name":"Scrap Ooze","player_choice":"success","floor":2,"damage_taken":18},{"event_name":"The Cleric","player_choice":"Healed","floor":3,"damage_taken":0},{"event_name":"The Lab","player_choice":"Got Potions","floor":14,"damage_taken":0},{"event_name":"The Mausoleum","player_choice":"Yes","floor":20,"damage_taken":0},{"event_name":"Vampires","player_choice":"Ignored","floor":28,"damage_taken":0}],"boss_relics":[{"not_picked":["Pandora\u0027s Box","Eternal Feather"],"picked":"Ectoplasm"}],"items_purged_floors":[],"potions_floor_spawned":[1,8,16,18,19,24,25],"seed_played":"-3577076227804411564","killed_by":"Snake Plant","ascension_level":0,"potions_obtained":[{"floor":1,"key":"Swift Potion"},{"floor":8,"key":"Weak Potion"},{"floor":14,"key":"Explosive Potion"},{"floor":16,"key":"EssenceOfSteel"},{"floor":24,"key":"Ancient Potion"},{"floor":25,"key":"LiquidBronze"}],"is_trial":false}