{"gold_per_floor":[119,130,90,265,265,265,317,328,328,328,328,343,357,367,367,472,472,489,489,501,501,527,527,527,527,527,546,558,558],"floor_reached":29,"playtime":997,"items_purged":[],"score":224,"play_id":"52e5320b-a75b-4df4-8a84-66265636578b","local_time":"20180826204813","is_ascension_mode":false,"campfire_choices":[{"data":"Quick Slash","floor":6,"key":"SMITH"},{"data":"Flying Knee","floor":10,"key":"SMITH"},{"floor":15,"key":"REST"},{"data":"Reflex","floor":23,"key":"SMITH"},{"data":"Discovery","floor":25,"key":"SMITH"}],"neow_cost":"NONE","seed_source_timestamp":38393509008209,"circlet_count":0,"master_deck":["Defend_G","Defend_G+1","Defend_G","Defend_G+1","Strike_G","Strike_G","Strike_G","Strike_G","Strike_G","Survivor","Neutralize","Quick Slash+1","Flying Knee+1","Slice","Backflip","Reflex+1","Backflip","Glass Knife","Dagger Spray","Poisoned Stab","RitualDagger","Predator","Discovery+1","Blur+1","Quick Slash+1"],"relics":["HoveringKite","Spirit Poop","Calipers","Coffee Dripper","Blood Vial","War Paint"],"potions_floor_usage":[11,16,16,16,27,28,28],"damage_taken":[{"damage":0,"enemies":"Cultist","floor":1,"turns":5},{"damage":6,"enemies":"Jaw Worm","floor":2,"turns":4},{"damage":5,"enemies":"Small Slimes","floor":8,"turns":3},{"damage":0,"enemies":"Lagavulin","floor":11,"turns":1},{"damage":4,"enemies":"2 Fungi Beasts","floor":12,"turns":3},{"damage":5,"enemies":"Looter","floor":13,"turns":2},{"damage":15,"enemies":"Exordium Wildlife","floor":14,"turns":4},{"damage":57,"enemies":"The Guardian","floor":16,"turns":12},{"damage":14,"enemies":"Spheric Guardian","floor":18,"turns":4},{"damage":2,"enemies":"Chosen","floor":20,"turns":4},{"damage":33,"enemies":"Shelled Parasite and Fungi","floor":27,"turns":6},{"damage":9,"enemies":"Centurion and Healer","floor":28,"turns":5},{"damage":12,"enemies":"3 Cultists","floor":29,"turns":2}],"seed_played":"5899808081956224681","potions_obtained":[{"floor":3,"key":"Regen Potion"},{"floor":3,"key":"SmokeBomb"},{"floor":3,"key":"SpeedPotion"},{"floor":12,"key":"FearPotion"},{"floor":13,"key":"Energy Potion"},{"floor":18,"key":"Weak Potion"},{"floor":20,"key":"Strength Potion"},{"floor":27,"key":"AttackPotion"}],"is_trial":false,"path_per_floor":["M","M","?","?","?","R","?","M","T","R","E","M","M","M","R","B",null,"M","?","M","?","T","R","?","R","T","M","M"],"character_chosen":"THE_SILENT","items_purchased":[],"campfire_rested":1,"item_purchase_floors":[],"current_hp_per_floor":[70,64,64,64,64,64,64,59,59,59,59,55,50,35,56,14,70,56,56,54,48,48,48,48,48,48,17,10,0],"gold":558,"neow_bonus":"BOSS_RELIC","is_prod":false,"is_daily":false,"chose_seed":false,"campfire_upgraded":4,"win_rate":0.0,"timestamp":1535309293,"path_taken":["M","?","?","?","?","R","?","M","T","R","E","M","M","M","R","BOSS","M","?","M","?","?","R","?","R","T","M","M","M"],"build_version":"2018-08-23v2","purchased_purges":0,"victory":false,"max_hp_per_floor":[70,70,70,70,70,70,70,70,70,70,70,70,70,70,70,70,70,70,70,70,70,70,70,70,70,70,70,70,70],"card_choices":[{"not_picked":["Dagger Throw","Poisoned Stab"],"picked":"Quick Slash","floor":1},{"not_picked":["Finisher","Reflex"],"picked":"Flying Knee","floor":2},{"not_picked":["Bouncing Flask","Noxious Fumes"],"picked":"Slice","floor":8},{"not_picked":["All Out Attack","Quick Slash"],"picked":"Backflip","floor":12},{"not_picked":["Outmaneuver","Blur"],"picked":"Reflex","floor":13},{"not_picked":["Blade Dance","Burst"],"picked":"Backflip","floor":14},{"not_picked":["Malaise","Venomology"],"picked":"Glass Knife","floor":16},{"not_picked":["Dodge and Roll","Outmaneuver"],"picked":"Dagger Spray","floor":18},{"not_picked":["Calculated Gamble","Caltrops+1"],"picked":"Poisoned Stab","floor":20},{"not_picked":["Sucker Punch+1","PiercingWail"],"picked":"Blur+1","floor":27},{"not_picked":["Deadly Poison","Poisoned Stab+1"],"picked":"Quick Slash+1","floor":28}],"player_experience":64759,"relics_obtained":[{"floor":9,"key":"Calipers"},{"floor":22,"key":"Blood Vial"},{"floor":26,"key":"War Paint"}],"event_choices":[{"event_name":"The Woman in Blue","player_choice":"Bought 3 Potions","floor":3,"damage_taken":0},{"event_name":"Liars Game","player_choice":"agreed","floor":4,"damage_taken":0},{"event_name":"Bonfire Elementals","player_choice":"CURSE","floor":5,"damage_taken":0},{"event_name":"Golden Wing","player_choice":"Gained Gold","floor":7,"damage_taken":0},{"event_name":"Purifier","player_choice":"One Purge","floor":19,"damage_taken":0},{"event_name":"Nest","player_choice":"Joined the Cult","floor":21,"damage_taken":0},{"event_name":"Match and Keep!","player_choice":"2 cards matched","floor":24,"damage_taken":0}],"is_beta":true,"boss_relics":[{"not_picked":["Cursed Key","Runic Dome"],"picked":"Coffee Dripper"}],"items_purged_floors":[],"is_endless":false,"potions_floor_spawned":[12,13,14,18,20,27],"killed_by":"3 Cultists","ascension_level":0}