{"path_per_floor":["M","M","?","?","M","R","E","M","T","$","R","$","M","M","R","B",null,"M"],"character_chosen":"THE_SILENT","items_purchased":["Sadistic Nature","Noxious Fumes"],"gold_per_floor":[111,121,121,121,142,142,186,209,234,8,8,8,24,37,37,132,132,156,156],"floor_reached":19,"campfire_rested":1,"playtime":881,"item_purchase_floors":[10,10],"current_hp_per_floor":[62,57,57,54,50,50,37,23,23,23,23,23,23,23,42,25,55,7,0],"items_purged":[],"gold":156,"score":279,"play_id":"8cd7c5f0-9bf3-46d2-a547-31db5a82cbd2","local_time":"20180607162028","is_prod":false,"is_daily":false,"chose_seed":false,"is_ascension_mode":true,"campfire_upgraded":2,"win_rate":0,"timestamp":1528413628,"campfire_choices":[{"data":"Noxious Fumes","floor":6,"key":"SMITH"},{"data":"Neutralize","floor":11,"key":"SMITH"},{"floor":15,"key":"REST"}],"path_taken":["M","M","?","?","M","R","E","M","T","?","R","?","?","M","R","BOSS","M","?"],"build_version":"2018-05-31","seed_source_timestamp":1478631436373830,"purchased_purges":0,"victory":false,"master_deck":["Defend_G","Defend_G","Defend_G","Defend_G","Defend_G","Strike_G","Strike_G","Strike_G","Strike_G","Strike_G","Survivor","Neutralize+1","AscendersBane","Noxious Fumes+1","Caltrops","Acrobatics","Quick Slash","Bane","Sadistic Nature","Noxious Fumes","Blur","Adrenaline","PiercingWail"],"max_hp_per_floor":[70,70,65,65,65,65,65,65,65,65,65,65,65,65,65,65,65,65,65],"relics":["Ring of the Snake","Bronze Scales","Golden Idol","Lantern","Potion Belt","Art of War","White Beast Statue"],"card_choices":[{"not_picked":["Setup","Masterful Stab"],"picked":"Noxious Fumes","floor":1},{"not_picked":["Setup","Deflect"],"picked":"Caltrops","floor":2},{"not_picked":["All Out Attack","Outmaneuver"],"picked":"Acrobatics","floor":5},{"not_picked":["Accuracy","Burst"],"picked":"Quick Slash","floor":7},{"not_picked":["Sucker Punch","Backstab"],"picked":"Bane","floor":8},{"not_picked":["Sucker Punch","Reflex"],"picked":"Blur","floor":13},{"not_picked":["All Out Attack","Slice","Reflex"],"picked":"SKIP","floor":14},{"not_picked":["Storm of Steel","Venomology"],"picked":"Adrenaline","floor":16},{"not_picked":["Sucker Punch","Deflect"],"picked":"PiercingWail","floor":18}],"player_experience":819852,"potions_floor_usage":[7,7,8],"damage_taken":[{"damage":1,"enemies":"Small Slimes","floor":1,"turns":4},{"damage":5,"enemies":"2 Louse","floor":2,"turns":3},{"damage":4,"enemies":"Cultist","floor":5,"turns":5},{"damage":13,"enemies":"Lagavulin","floor":7,"turns":7},{"damage":14,"enemies":"3 Louse","floor":8,"turns":2},{"damage":0,"enemies":"Looter","floor":13,"turns":3},{"damage":0,"enemies":"Red Slaver","floor":14,"turns":5},{"damage":17,"enemies":"Slime Boss","floor":16,"turns":9},{"damage":48,"enemies":"2 Thieves","floor":18,"turns":5}],"relics_obtained":[{"floor":7,"key":"Potion Belt"},{"floor":9,"key":"Art of War"}],"event_choices":[{"event_name":"Golden Idol","player_choice":"Lose Max HP","floor":3,"damage_taken":0},{"event_name":"Scrap Ooze","player_choice":"success","floor":4,"damage_taken":3}],"boss_relics":[{"not_picked":["Sozu","Eternal Feather"],"picked":"White Beast Statue"}],"items_purged_floors":[],"potions_floor_spawned":[1,5,7,13,18],"seed_played":"9127826647914078114","ascension_level":13,"potions_obtained":[{"floor":1,"key":"SpeedPotion"},{"floor":5,"key":"Strength Potion"},{"floor":7,"key":"Explosive Potion"},{"floor":13,"key":"PowerPotion"},{"floor":18,"key":"Dexterity Potion"}],"is_trial":false}