{"gold_per_floor":[111,111,286,305,305,335,335,363,363,363,373,400,418,449,449,553,553,566,566,235,235,254,282,282,308,308,320,347,361,391,403,403,403],"floor_reached":33,"playtime":2057,"items_purged":["Doubt"],"score":610,"play_id":"0e6e6ac8-8cc4-4ab8-b34c-65c4306c0241","local_time":"20181230232536","is_ascension_mode":true,"campfire_choices":[{"data":"Dualcast","floor":7.0,"key":"SMITH"},{"floor":10.0,"key":"REST"},{"data":"Blizzard","floor":15.0,"key":"SMITH"},{"data":"Fission","floor":24,"key":"SMITH"},{"floor":32,"key":"DIG"}],"neow_cost":"NONE","seed_source_timestamp":0,"circlet_count":0,"master_deck":["Strike_B","Strike_B","Defend_B","Defend_B","Defend_B","Defend_B","Zap+1","Dualcast+1","Rebound","Genetic Algorithm","Genetic Algorithm","Core Surge","Turbo","Cold Snap","Cold Snap","Blizzard+1","Fission+1","Hologram","Ghostly","Ghostly","Ghostly","Ghostly","Ghostly","Hello World","Reboot","Heatsinks","Electrodynamics","Capacitor","Loop+1","Tempest","Steam Power","Hello World"],"special_seed":0,"relics":["Cracked Core","NeowsBlessing","Ornamental Fan","FossilizedHelix","Regal Pillow","Darkstone Periapt","Matryoshka","Inserter","Bag of Preparation","Ancient Tea Set","Kunai","Mummified Hand","Mercury Hourglass","Shuriken","Tiny Chest","Shovel","Pantograph"],"potions_floor_usage":[23,23,23,23,28,28,29],"damage_taken":[{"damage":0.0,"enemies":"Jaw Worm","floor":1.0,"turns":1.0},{"damage":0.0,"enemies":"2 Louse","floor":4.0,"turns":1.0},{"damage":0.0,"enemies":"3 Sentries","floor":6.0,"turns":1.0},{"damage":31.0,"enemies":"Lagavulin","floor":8.0,"turns":7.0},{"damage":0.0,"enemies":"Small Slimes","floor":11.0,"turns":3.0},{"damage":0.0,"enemies":"Gremlin Nob","floor":12.0,"turns":3.0},{"damage":2.0,"enemies":"Exordium Thugs","floor":13.0,"turns":5.0},{"damage":20.0,"enemies":"Lagavulin","floor":14.0,"turns":9.0},{"damage":27.0,"enemies":"Slime Boss","floor":16.0,"turns":17.0},{"damage":20.0,"enemies":"Spheric Guardian","floor":18.0,"turns":7.0},{"damage":0,"enemies":"Chosen","floor":22,"turns":5},{"damage":1,"enemies":"Book of Stabbing","floor":23,"turns":6},{"damage":0,"enemies":"Slavers","floor":25,"turns":6},{"damage":0,"enemies":"Centurion and Healer","floor":27,"turns":5},{"damage":0,"enemies":"Book of Stabbing","floor":28,"turns":5},{"damage":0,"enemies":"Shelled Parasite and Fungi","floor":29,"turns":4},{"damage":0,"enemies":"Snake Plant","floor":31,"turns":3},{"damage":77,"enemies":"Collector","floor":33,"turns":7}],"seed_played":"2073534578939455221","potions_obtained":[{"floor":6.0,"key":"Strength Potion"},{"floor":8.0,"key":"GamblersBrew"},{"floor":11.0,"key":"Fire Potion"},{"floor":16.0,"key":"Ancient Potion"},{"floor":23,"key":"Poison Potion"},{"floor":28,"key":"Energy Potion"},{"floor":31,"key":"FairyPotion"}],"is_trial":false,"path_per_floor":["M","$","?","M","?","E","R","E","T","R","M","E","M","E","R","B",null,"M","?","$","?","M","E","R","E","T","M","E","M","T","M","R","B"],"character_chosen":"DEFECT","items_purchased":["EntropicBrew","Bag of Preparation"],"campfire_rested":1,"item_purchase_floors":[20,20],"current_hp_per_floor":[68,68,68,68,68,68,68,37,37,74,74,74,72,52,52,25,63,43,37,37,37,37,36,36,36,36,36,36,36,36,36,36,0],"gold":403,"neow_bonus":"THREE_ENEMY_KILL","is_prod":false,"is_daily":false,"chose_seed":false,"campfire_upgraded":3,"win_rate":0,"timestamp":1546233936,"path_taken":["M","$","?","M","?","E","R","E","T","R","M","E","M","E","R","BOSS","M","?","$","?","M","E","R","E","T","M","E","M","?","?","R","BOSS"],"build_version":"2018-12-20","purchased_purges":1,"victory":false,"max_hp_per_floor":[75,75,75,75,75,75,75,75,75,75,75,75,75,75,75,75,75,75,37,37,37,37,37,37,37,37,37,37,37,37,37,37,37],"card_choices":[{"not_picked":["Sweeping Beam","Barrage"],"picked":"Rebound","floor":1.0},{"not_picked":["Double Energy","Stack"],"picked":"Genetic Algorithm","floor":4.0},{"not_picked":["Go for the Eyes","Streamline"],"picked":"Genetic Algorithm","floor":6.0},{"not_picked":["Loop","Barrage"],"picked":"Core Surge","floor":8.0},{"not_picked":["FTL","Beam Cell"],"picked":"Turbo","floor":11.0},{"not_picked":["BootSequence","Turbo"],"picked":"Cold Snap","floor":12.0},{"not_picked":["Conserve Battery","Recycle"],"picked":"Cold Snap","floor":13.0},{"not_picked":["Gash","Hyperbeam"],"picked":"Blizzard","floor":14.0},{"not_picked":["Reboot","Buffer"],"picked":"Fission","floor":16.0},{"not_picked":["Go for the Eyes","Rebound"],"picked":"Hologram","floor":18.0},{"not_picked":["Beam Cell","Hologram"],"picked":"Heatsinks","floor":22},{"not_picked":["Melter","Go for the Eyes+1"],"picked":"Electrodynamics","floor":23},{"not_picked":["Tempest","Doom and Gloom"],"picked":"Capacitor","floor":25},{"not_picked":["Scrape","Streamline"],"picked":"Loop+1","floor":27},{"not_picked":["Go for the Eyes","Leap"],"picked":"Tempest","floor":28},{"not_picked":["Recycle","Streamline+1"],"picked":"Steam Power","floor":29},{"not_picked":["Hologram+1","Leap"],"picked":"Hello World","floor":31}],"player_experience":354081,"relics_obtained":[{"floor":6.0,"key":"Ornamental Fan"},{"floor":8.0,"key":"FossilizedHelix"},{"floor":9.0,"key":"Regal Pillow"},{"floor":12.0,"key":"Darkstone Periapt"},{"floor":14.0,"key":"Matryoshka"},{"floor":23,"key":"Ancient Tea Set"},{"floor":25,"key":"Kunai"},{"floor":26,"key":"Mummified Hand"},{"floor":26,"key":"Mercury Hourglass"},{"floor":28,"key":"Shuriken"},{"floor":30,"key":"Tiny Chest"},{"floor":30,"key":"Shovel"},{"floor":32,"key":"Pantograph"}],"event_choices":[{"damage_healed":0.0,"max_hp_gain":0.0,"max_hp_loss":0.0,"gold_gain":175.0,"event_name":"Liars Game","player_choice":"AGREE","floor":3.0,"gold_loss":0.0,"damage_taken":0.0,"cards_obtained":["Doubt"]},{"damage_healed":0.0,"max_hp_gain":0.0,"max_hp_loss":0.0,"gold_gain":0.0,"event_name":"Living Wall","player_choice":"Grow","floor":5.0,"gold_loss":0.0,"damage_taken":0.0,"cards_upgraded":["Zap"]},{"damage_healed":0,"gold_gain":0,"player_choice":"Became a Ghost","damage_taken":0,"max_hp_gain":0,"max_hp_loss":38,"event_name":"Ghosts","floor":19,"gold_loss":0,"cards_obtained":["Ghostly","Ghostly","Ghostly","Ghostly","Ghostly"]},{"damage_healed":0,"gold_gain":0,"cards_transformed":["Strike_B","Strike_B"],"player_choice":"Became Test Subject","damage_taken":0,"max_hp_gain":0,"max_hp_loss":0,"event_name":"Drug Dealer","floor":21,"gold_loss":0,"cards_obtained":["Hello World","Reboot"]}],"is_beta":false,"boss_relics":[{"not_picked":["Lizard Tail","Calling Bell"],"picked":"Inserter"}],"items_purged_floors":[20],"is_endless":false,"potions_floor_spawned":[6,8,11,16,23,28,31],"killed_by":"Collector","ascension_level":7}