{"gold_per_floor":[116,116,86,86,106,106,134,134,157,185,198,198,228,241,241,315,315,327,338,207,207],"floor_reached":21,"playtime":808,"items_purged":["Strike_B"],"score":422,"play_id":"79395fa4-b95c-49b6-9afc-17160b04868d","local_time":"20181017092157","is_ascension_mode":true,"campfire_choices":[{"data":"Zap","floor":6,"key":"SMITH"},{"data":"Dualcast","floor":8,"key":"SMITH"},{"data":"Creative AI","floor":15,"key":"SMITH"}],"neow_cost":"NONE","seed_source_timestamp":374148364216814,"circlet_count":0,"master_deck":["Strike_B","Strike_B","Defend_B","Defend_B","Defend_B","Defend_B","Zap+1","Dualcast+1","AscendersBane","Reprogram","FTL","Creative AI+1","BootSequence","Glacier","Coolheaded","Machine Learning","Hologram","Self Repair"],"relics":["Cracked Core","NeowsBlessing","Centennial Puzzle","Bronze Scales","Regal Pillow","Emotion Chip","Turnip","Velvet Choker"],"potions_floor_usage":[3,10,13,16],"damage_taken":[{"damage":0,"enemies":"Jaw Worm","floor":1,"turns":1},{"damage":0,"enemies":"Cultist","floor":5,"turns":1},{"damage":0,"enemies":"3 Sentries","floor":7,"turns":2},{"damage":8,"enemies":"Gremlin Nob","floor":10,"turns":3},{"damage":7,"enemies":"Small Slimes","floor":11,"turns":3},{"damage":5,"enemies":"Lagavulin","floor":13,"turns":6},{"damage":0,"enemies":"3 Louse","floor":14,"turns":3},{"damage":12,"enemies":"The Guardian","floor":16,"turns":14},{"damage":11,"enemies":"2 Thieves","floor":18,"turns":4},{"damage":6,"enemies":"Chosen","floor":19,"turns":6},{"damage":61,"enemies":"3 Cultists","floor":21,"turns":5}],"seed_played":"6877056702989114336","potions_obtained":[{"floor":1,"key":"AttackPotion"},{"floor":3,"key":"Fruit Juice"},{"floor":3,"key":"Weak Potion"},{"floor":5,"key":"Strength Potion"},{"floor":13,"key":"Energy Potion"}],"is_trial":false,"path_per_floor":["M","?","?","?","M","R","E","R","T","E","M","?","E","M","R","B",null,"M","M","$"],"character_chosen":"DEFECT","items_purchased":["Dexterity Potion"],"campfire_rested":0,"item_purchase_floors":[20],"current_hp_per_floor":[64,57,62,62,62,62,62,62,62,54,47,42,37,37,37,25,63,52,46,46,0],"gold":207,"neow_bonus":"THREE_ENEMY_KILL","is_prod":false,"is_daily":false,"chose_seed":false,"campfire_upgraded":3,"win_rate":0,"timestamp":1539793317,"path_taken":["M","?","?","?","?","R","E","R","T","E","?","?","E","M","R","BOSS","M","M","$","M"],"build_version":"2018-10-16","purchased_purges":1,"victory":false,"max_hp_per_floor":[71,71,76,76,76,76,76,76,76,76,76,76,76,76,76,76,76,76,76,76,76],"card_choices":[{"not_picked":["Reinforced Body","Stack"],"picked":"Reprogram","floor":1},{"not_picked":["Steam Power","Gash","Rebound"],"picked":"SKIP","floor":5},{"not_picked":["Turbo","Rebound"],"picked":"FTL","floor":7},{"not_picked":["Force Field","Stack"],"picked":"Creative AI","floor":10},{"not_picked":["Streamline","Conserve Battery"],"picked":"BootSequence","floor":11},{"not_picked":["Chaos","Conserve Battery"],"picked":"Glacier","floor":13},{"not_picked":["Stack","Aggregate"],"picked":"Coolheaded","floor":14},{"not_picked":["Seek","Rainbow"],"picked":"Machine Learning","floor":16},{"not_picked":["Sweeping Beam","Genetic Algorithm"],"picked":"Hologram","floor":18},{"not_picked":["Rebound","Hologram"],"picked":"Self Repair","floor":19}],"player_experience":887771,"relics_obtained":[{"floor":7,"key":"Centennial Puzzle"},{"floor":9,"key":"Bronze Scales"},{"floor":10,"key":"Regal Pillow"},{"floor":13,"key":"Turnip"}],"event_choices":[{"cards_removed":["Strike_B"],"damage_healed":0,"gold_gain":0,"player_choice":"Card Removal","damage_taken":7,"max_hp_gain":0,"max_hp_loss":0,"event_name":"Golden Wing","floor":2,"gold_loss":0},{"damage_healed":0,"gold_gain":0,"player_choice":"Bought 2 Potions","damage_taken":0,"max_hp_gain":0,"max_hp_loss":0,"event_name":"The Woman in Blue","floor":3,"gold_loss":0},{"damage_healed":0,"gold_gain":0,"player_choice":"Ignored","damage_taken":0,"max_hp_gain":0,"max_hp_loss":0,"event_name":"Liars Game","floor":4,"gold_loss":0},{"damage_healed":0,"gold_gain":0,"player_choice":"Success","damage_taken":5,"relics_obtained":["Emotion Chip"],"max_hp_gain":0,"max_hp_loss":0,"event_name":"Scrap Ooze","floor":12,"gold_loss":0}],"is_beta":true,"boss_relics":[{"not_picked":["Astrolabe","Eternal Feather"],"picked":"Velvet Choker"}],"items_purged_floors":[20],"is_endless":false,"potions_floor_spawned":[1,5,7,13],"killed_by":"3 Cultists","ascension_level":18}