{"gold_per_floor":[14,24,40,59,59,93,93,128,155,174,194,212,247,261,261,335,335,355,355,280,298,311,311,337,252,252,252,110,135,135,135,135,135],"floor_reached":33,"playtime":2386,"items_purged":["Strike_R+1","Writhe"],"score":568,"play_id":"2c180ea5-1f64-46a3-9f09-f165cdee4fb9","local_time":"20181120135029","is_ascension_mode":true,"campfire_choices":[{"data":"Rampage","floor":7.0,"key":"SMITH"},{"data":"Limit Break","floor":15.0,"key":"SMITH"},{"floor":23,"key":"REST"},{"floor":27,"key":"REST"},{"data":"True Grit","floor":30,"key":"SMITH"},{"data":"Pummel","floor":32,"key":"SMITH"}],"neow_cost":"NO_GOLD","seed_source_timestamp":0,"circlet_count":0,"master_deck":["AscendersBane","Strike_R+1","Strike_R+1","Strike_R+1","Strike_R+1","Defend_R+1","Defend_R+1","Defend_R+1","Defend_R+1","Bash","Immolate","Spot Weakness","Shrug It Off","Shrug It Off","Rampage+1","Metallicize","Clothesline","Sever Soul","Iron Wave","Limit Break+1","Impervious","Disarm","Intimidate+1","True Grit+1","Pummel+1"],"special_seed":0,"relics":["Burning Blood","Vajra","Bag of Marbles","Omamori","Oddly Smooth Stone","Calling Bell","Regal Pillow","Shuriken","Magic Flower","Paper Frog","Pocketwatch","Darkstone Periapt","Matryoshka"],"potions_floor_usage":[21,22,29,29],"damage_taken":[{"damage":1.0,"enemies":"Cultist","floor":1.0,"turns":3.0},{"damage":1.0,"enemies":"2 Louse","floor":2.0,"turns":2.0},{"damage":0.0,"enemies":"Small Slimes","floor":3.0,"turns":2.0},{"damage":1.0,"enemies":"2 Fungi Beasts","floor":4.0,"turns":2.0},{"damage":12.0,"enemies":"3 Sentries","floor":6.0,"turns":4.0},{"damage":25.0,"enemies":"Lagavulin","floor":8.0,"turns":7.0},{"damage":5.0,"enemies":"Exordium Wildlife","floor":10.0,"turns":2.0},{"damage":4.0,"enemies":"Blue Slaver","floor":11.0,"turns":3.0},{"damage":6.0,"enemies":"Red Slaver","floor":12.0,"turns":2.0},{"damage":16.0,"enemies":"Gremlin Nob","floor":13.0,"turns":3.0},{"damage":3.0,"enemies":"2 Fungi Beasts","floor":14.0,"turns":3.0},{"damage":13.0,"enemies":"Slime Boss","floor":16.0,"turns":7.0},{"damage":60,"enemies":"3 Byrds","floor":18,"turns":7},{"damage":12,"enemies":"Shell Parasite","floor":21,"turns":9},{"damage":6,"enemies":"Snake Plant","floor":22,"turns":7},{"damage":23,"enemies":"Book of Stabbing","floor":24,"turns":8},{"damage":30,"enemies":"Gremlin Leader","floor":29,"turns":8},{"damage":55,"enemies":"Automaton","floor":33,"turns":6}],"seed_played":"-3727479848761591367","potions_obtained":[{"floor":3.0,"key":"SteroidPotion"},{"floor":4.0,"key":"Dexterity Potion"},{"floor":12.0,"key":"SpeedPotion"},{"floor":13.0,"key":"Fire Potion"},{"floor":18,"key":"EntropicBrew"}],"is_trial":false,"path_per_floor":["M","M","M","M","$","E","R","E","T","M","M","M","E","M","R","B",null,"M","?","$","M","M","R","E","?","T","R","$","E","R","?","R","B"],"character_chosen":"IRONCLAD","items_purchased":["Pummel"],"campfire_rested":2,"item_purchase_floors":[28],"current_hp_per_floor":[73,75,75,75,75,69,69,50,50,51,53,53,43,46,46,39,66,15,15,15,12,15,52,38,38,38,75,75,54,54,54,54,0],"gold":135,"neow_bonus":"THREE_RARE_CARDS","is_prod":false,"is_daily":false,"chose_seed":false,"campfire_upgraded":4,"win_rate":0,"timestamp":1542750629,"path_taken":["M","M","M","M","?","E","R","E","T","M","M","M","E","M","R","BOSS","M","?","$","M","M","R","E","?","T","R","$","E","R","?","R","BOSS"],"build_version":"2018-11-15","purchased_purges":2,"victory":false,"max_hp_per_floor":[75,75,75,75,75,75,75,75,75,75,75,75,75,75,75,75,75,75,75,75,75,75,75,75,75,75,75,75,75,75,75,75,75],"card_choices":[{"not_picked":["Dark Embrace","Fiend Fire"],"picked":"Immolate","floor":0.0},{"not_picked":["Iron Wave","Clash"],"picked":"Spot Weakness","floor":1.0},{"not_picked":["Headbutt","Corruption"],"picked":"Shrug It Off","floor":2.0},{"not_picked":["Twin Strike","Wild Strike"],"picked":"Shrug It Off","floor":3.0},{"not_picked":["Clash","Perfected Strike"],"picked":"Rampage","floor":4.0},{"not_picked":["Searing Blow","Anger"],"picked":"Metallicize","floor":6.0},{"not_picked":["Pommel Strike","Headbutt"],"picked":"Clothesline","floor":8.0},{"not_picked":["Havoc","Cleave"],"picked":"Sever Soul","floor":10.0},{"not_picked":["Bloodletting","Ghostly Armor"],"picked":"Iron Wave","floor":11.0},{"not_picked":["Havoc","Blood for Blood","Pommel Strike"],"picked":"SKIP","floor":12.0},{"not_picked":["Feed","Searing Blow"],"picked":"Limit Break","floor":13.0},{"not_picked":["Clash","Shrug It Off","Pommel Strike"],"picked":"SKIP","floor":14.0},{"not_picked":["Feed","Double Tap"],"picked":"Impervious","floor":16.0},{"not_picked":["Shrug It Off","Clothesline"],"picked":"Disarm","floor":18},{"not_picked":["Pommel Strike","Fire Breathing","Searing Blow"],"picked":"SKIP","floor":21},{"not_picked":["Seeing Red+1","Shrug It Off"],"picked":"Intimidate+1","floor":22},{"not_picked":["Second Wind","Flame Barrier"],"picked":"True Grit","floor":24},{"not_picked":["True Grit","Fire Breathing","Perfected Strike"],"picked":"SKIP","floor":29}],"player_experience":1340119,"relics_obtained":[{"floor":6.0,"key":"Vajra"},{"floor":8.0,"key":"Bag of Marbles"},{"floor":9.0,"key":"Omamori"},{"floor":13.0,"key":"Oddly Smooth Stone"},{"floor":17.0,"key":"Regal Pillow"},{"floor":17.0,"key":"Shuriken"},{"floor":17.0,"key":"Magic Flower"},{"floor":24,"key":"Paper Frog"},{"floor":26,"key":"Darkstone Periapt"},{"floor":29,"key":"Matryoshka"}],"event_choices":[{"damage_healed":0,"gold_gain":0,"player_choice":"Simplicity","damage_taken":0,"max_hp_gain":0,"max_hp_loss":0,"event_name":"Back to Basics","floor":19,"gold_loss":0,"cards_upgraded":["Strike_R","Strike_R","Strike_R","Strike_R","Strike_R","Defend_R","Defend_R","Defend_R","Defend_R"]},{"damage_healed":0,"gold_gain":0,"player_choice":"Obtained Relic","damage_taken":0,"relics_obtained":["Pocketwatch"],"max_hp_gain":0,"max_hp_loss":0,"event_name":"Addict","floor":25,"gold_loss":85},{"damage_healed":0,"gold_gain":0,"player_choice":"Ignored","damage_taken":0,"max_hp_gain":0,"max_hp_loss":0,"event_name":"Vampires","floor":31,"gold_loss":0}],"is_beta":false,"boss_relics":[{"not_picked":["Busted Crown","Mark of Pain"],"picked":"Calling Bell"}],"items_purged_floors":[20,28],"is_endless":false,"potions_floor_spawned":[3,4,12,13,14,18,22],"killed_by":"Automaton","ascension_level":17}