{"gold_per_floor":[117,134,148,166,185,185,185,203,228,253,253,328,361,60,60,137,137,154,154,154,154,165,165,39,39,62,62,79,79],"floor_reached":29,"playtime":937,"items_purged":["Strike_G"],"score":490,"play_id":"d5ee7946-1591-42ba-92b8-8d46075fdfa7","local_time":"20181210234130","is_ascension_mode":true,"campfire_choices":[{"data":"Glass Knife","floor":6,"key":"SMITH"},{"data":"A Thousand Cuts","floor":11,"key":"SMITH"},{"data":"Sucker Punch","floor":15,"key":"SMITH"},{"floor":23,"key":"REST"},{"data":"Noxious Fumes","floor":25,"key":"SMITH"},{"data":"Cloak And Dagger","floor":27,"key":"SMITH"}],"neow_cost":"NONE","seed_source_timestamp":1085856607154379,"circlet_count":0,"master_deck":["AscendersBane","Defend_G","Defend_G","Defend_G","Defend_G","Defend_G","Strike_G","Survivor","Neutralize","Tools of the Trade","Blur","Backstab","Glass Knife+1","Sucker Punch+1","Dagger Throw","Crippling Poison","A Thousand Cuts+1","Quick Slash","After Image","Infinite Blades","Decay","Backflip","Noxious Fumes+1","Cloak And Dagger+1"],"relics":["Ring of the Snake","Ancient Tea Set","Strawberry","Bag of Marbles","Toolbox","Empty Cage","Regal Pillow","Dream Catcher"],"potions_floor_usage":[10,13,29],"damage_taken":[{"damage":0,"enemies":"Jaw Worm","floor":1,"turns":5},{"damage":0,"enemies":"Small Slimes","floor":2,"turns":4},{"damage":0,"enemies":"Cultist","floor":3,"turns":4},{"damage":3,"enemies":"Looter","floor":4,"turns":3},{"damage":3,"enemies":"Lots of Slimes","floor":5,"turns":6},{"damage":0,"enemies":"Blue Slaver","floor":8,"turns":2},{"damage":0,"enemies":"Gremlin Nob","floor":10,"turns":2},{"damage":15,"enemies":"Lagavulin","floor":13,"turns":8},{"damage":12,"enemies":"Hexaghost","floor":16,"turns":10},{"damage":23,"enemies":"2 Thieves","floor":18,"turns":4},{"damage":5,"enemies":"Chosen","floor":22,"turns":4},{"damage":14,"enemies":"Snake Plant","floor":28,"turns":4},{"damage":55,"enemies":"Slavers","floor":29,"turns":6}],"seed_played":"1009911793853729167","potions_obtained":[{"floor":1,"key":"Strength Potion"},{"floor":4,"key":"Swift Potion"},{"floor":10,"key":"SteroidPotion"},{"floor":16,"key":"EntropicBrew"},{"floor":22,"key":"Weak Potion"},{"floor":28,"key":"Dexterity Potion"}],"is_trial":false,"path_per_floor":["M","M","M","M","M","R","?","M","T","E","R","?","E","$","R","B",null,"M","?","?","?","M","R","$","R","T","R","M","E"],"character_chosen":"THE_SILENT","items_purchased":["Toolbox","Noxious Fumes","Cloak And Dagger"],"campfire_rested":1,"item_purchase_floors":[14,24,24],"current_hp_per_floor":[59,59,59,56,53,53,46,46,46,53,53,42,27,27,27,15,59,36,36,36,36,31,67,67,67,67,67,53,0],"gold":79,"neow_bonus":"ONE_RANDOM_RARE_CARD","is_prod":false,"is_daily":false,"chose_seed":false,"campfire_upgraded":5,"win_rate":0,"timestamp":1544514090,"path_taken":["M","M","M","M","M","R","?","M","T","E","R","?","E","$","R","BOSS","M","?","?","?","?","R","$","R","T","R","M","E"],"build_version":"2018-12-06","purchased_purges":1,"victory":false,"max_hp_per_floor":[66,66,66,66,66,66,66,66,66,73,73,73,73,73,73,73,73,73,73,73,73,73,73,73,73,73,73,73,73],"card_choices":[{"not_picked":["Blade Dance","Poisoned Stab"],"picked":"Blur","floor":1},{"not_picked":["Infinite Blades","Riddle With Holes"],"picked":"Backstab","floor":2},{"not_picked":["Dagger Spray","Blade Dance"],"picked":"Glass Knife","floor":3},{"not_picked":["Quick Slash","Flechettes"],"picked":"Sucker Punch","floor":4},{"not_picked":["Flechettes","Deadly Poison"],"picked":"Dagger Throw","floor":5},{"not_picked":["Prepared","Dagger Spray"],"picked":"Crippling Poison","floor":8},{"not_picked":["Storm of Steel","Slice"],"picked":"A Thousand Cuts","floor":10},{"not_picked":["Dagger Throw","Predator"],"picked":"Quick Slash","floor":13},{"not_picked":["Die Die Die","Adrenaline"],"picked":"After Image","floor":16},{"not_picked":["Setup","Finisher"],"picked":"Infinite Blades","floor":18},{"not_picked":["Sucker Punch","Choke"],"picked":"Backflip","floor":22},{"not_picked":["Skewer","Outmaneuver","Flying Knee"],"picked":"SKIP","floor":28}],"player_experience":969318,"relics_obtained":[{"floor":9,"key":"Ancient Tea Set"},{"floor":10,"key":"Strawberry"},{"floor":13,"key":"Bag of Marbles"},{"floor":26,"key":"Dream Catcher"}],"event_choices":[{"cards_removed":["Strike_G"],"damage_healed":0,"gold_gain":0,"player_choice":"Card Removal","damage_taken":7,"max_hp_gain":0,"max_hp_loss":0,"event_name":"Golden Wing","floor":7,"gold_loss":0},{"damage_healed":0,"gold_gain":75,"player_choice":"Gather Gold","damage_taken":11,"max_hp_gain":0,"max_hp_loss":0,"event_name":"World of Goop","floor":12,"gold_loss":0},{"damage_healed":0,"gold_gain":0,"player_choice":"Smashed Altar","damage_taken":0,"max_hp_gain":0,"max_hp_loss":0,"event_name":"Forgotten Altar","floor":19,"gold_loss":0,"cards_obtained":["Decay"]},{"damage_healed":0,"gold_gain":0,"player_choice":"Ignored","damage_taken":0,"max_hp_gain":0,"max_hp_loss":0,"event_name":"Cursed Tome","floor":20,"gold_loss":0},{"damage_healed":0,"gold_gain":0,"player_choice":"Gave Potion","damage_taken":0,"relics_obtained":["Regal Pillow"],"max_hp_gain":0,"max_hp_loss":0,"event_name":"WeMeetAgain","floor":21,"gold_loss":0}],"is_beta":true,"boss_relics":[{"not_picked":["Pandora\u0027s Box","WristBlade"],"picked":"Empty Cage"}],"items_purged_floors":[14],"is_endless":false,"potions_floor_spawned":[1,4,5,8,10,16,22,28],"killed_by":"Slavers","ascension_level":18}