{"gold_per_floor":[118,46,64,83,97,122,141,141,141,141,141,157,174,206,206,304,304,304,229,229,72,72,72,72,72,72,72,72,72,72,72,72,72,72,72,72,72,0,0,0,0,0,0,0,0,0,0,0,0,0],"floor_reached":50,"playtime":3782,"items_purged":["Strike_R"],"score":507,"play_id":"49a30f50-ff38-4ddc-970e-a767eab13a64","local_time":"20180919223519","is_ascension_mode":false,"campfire_choices":[{"data":"Armaments","floor":8.0,"key":"SMITH"},{"data":"Body Slam","floor":10.0,"key":"SMITH"},{"data":"Entrench","floor":15.0,"key":"SMITH"},{"data":"Flame Barrier","floor":23.0,"key":"SMITH"},{"floor":27.0,"key":"REST"},{"data":"True Grit","floor":32.0,"key":"SMITH"},{"data":"Juggernaut","floor":40.0,"key":"SMITH"},{"data":"Shrug It Off","floor":47,"key":"SMITH"},{"data":"Headbutt","floor":49,"key":"SMITH"}],"neow_cost":"","seed_source_timestamp":0,"circlet_count":0,"master_deck":["Strike_R","Strike_R","Strike_R","Defend_R","Defend_R","Defend_R","Defend_R","Bash","Armaments+1","Flame Barrier+1","Clash","Body Slam+1","Headbutt+1","True Grit+1","Entrench+1","Shrug It Off+1","Thunderclap+1","Whirlwind+1","Feed+1","Pommel Strike+1","Iron Wave+1","Body Slam+1","Juggernaut+1","Limit Break","Entrench+1","Doubt","Sentinel+1"],"special_seed":0,"relics":["Burning Blood","Molten Egg 2","Mercury Hourglass","PreservedInsect","Pear","Ectoplasm","Gremlin Horn","Anchor","Enchiridion","Eternal Feather","Red Mask","Letter Opener"],"potions_floor_usage":[50],"damage_taken":[{"damage":9.0,"enemies":"2 Louse","floor":1.0,"turns":3.0},{"damage":9.0,"enemies":"Small Slimes","floor":3.0,"turns":5.0},{"damage":5.0,"enemies":"Jaw Worm","floor":4.0,"turns":6.0},{"damage":4.0,"enemies":"Gremlin Gang","floor":5.0,"turns":4.0},{"damage":23.0,"enemies":"3 Sentries","floor":6.0,"turns":12.0},{"damage":0.0,"enemies":"2 Fungi Beasts","floor":7.0,"turns":4.0},{"damage":0.0,"enemies":"Blue Slaver","floor":12.0,"turns":3.0},{"damage":0.0,"enemies":"Large Slime","floor":13.0,"turns":5.0},{"damage":2.0,"enemies":"Gremlin Nob","floor":14.0,"turns":3.0},{"damage":52.0,"enemies":"Slime Boss","floor":16.0,"turns":11.0},{"damage":0.0,"enemies":"Chosen","floor":18.0,"turns":3.0},{"damage":5.0,"enemies":"Spheric Guardian","floor":22.0,"turns":5.0},{"damage":4.0,"enemies":"Chosen and Byrds","floor":24.0,"turns":6.0},{"damage":17.0,"enemies":"Slavers","floor":25.0,"turns":3.0},{"damage":11.0,"enemies":"Snecko","floor":29.0,"turns":5.0},{"damage":0.0,"enemies":"Snake Plant","floor":30.0,"turns":2.0},{"damage":0.0,"enemies":"Shelled Parasite and Fungi","floor":31.0,"turns":3.0},{"damage":38.0,"enemies":"Automaton","floor":33.0,"turns":9.0},{"damage":3.0,"enemies":"Orb Walker","floor":35.0,"turns":4.0},{"damage":5.0,"enemies":"3 Darklings","floor":36.0,"turns":4.0},{"damage":42.0,"enemies":"Spire Growth","floor":39.0,"turns":6.0},{"damage":63.0,"enemies":"Maw","floor":41.0,"turns":9.0},{"damage":19.0,"enemies":"Transient","floor":44.0,"turns":5.0},{"damage":0,"enemies":"Reptomancer","floor":45,"turns":3},{"damage":0,"enemies":"Sphere and 2 Shapes","floor":46,"turns":5},{"damage":8,"enemies":"4 Shapes","floor":48,"turns":1},{"damage":113,"enemies":"Donu and Deca","floor":50,"turns":7}],"seed_played":"-4020846046701490825","potions_obtained":[{"floor":1.0,"key":"Regen Potion"},{"floor":3.0,"key":"SkillPotion"},{"floor":5.0,"key":"EssenceOfSteel"},{"floor":12.0,"key":"SpeedPotion"},{"floor":22.0,"key":"Strength Potion"},{"floor":24.0,"key":"SpeedPotion"},{"floor":33.0,"key":"SmokeBomb"},{"floor":39.0,"key":"FearPotion"},{"floor":41.0,"key":"Energy Potion"}],"is_trial":false,"path_per_floor":["M","$","M","M","M","E","M","R","T","R","?","M","M","E","R","B",null,"M","$","?","$","M","R","M","E","T","R","?","M","M","M","R","B",null,"M","M","?","?","M","R","M","?","T","M","M","M","R","M","R"],"character_chosen":"IRONCLAD","items_purchased":["Flame Barrier","Feed+1"],"campfire_rested":1,"item_purchase_floors":[2,21],"current_hp_per_floor":[77,77,74,75,77,74,80,80,80,80,77,80,80,90,90,44,90,90,90,63,63,64,64,70,59,59,87,71,66,72,82,82,50,98,98,98,98,98,62,74,17,98,98,85,91,97,98,96,98,0],"gold":0,"neow_bonus":"","is_prod":false,"is_daily":false,"chose_seed":false,"campfire_upgraded":8,"win_rate":0.0,"timestamp":1537414519,"path_taken":["M","$","M","M","M","E","M","R","T","R","?","M","M","E","R","BOSS","M","$","?","$","M","R","M","E","T","R","?","M","?","M","R","BOSS","M","M","?","?","M","R","?","?","T","M","M","M","R","M","R","BOSS"],"build_version":"2018-09-06","purchased_purges":1,"victory":false,"max_hp_per_floor":[80,80,80,80,80,80,80,80,80,80,80,80,80,90,90,90,90,90,90,90,90,90,90,94,94,94,94,94,94,94,98,98,98,98,98,98,98,98,98,98,98,98,98,98,98,98,98,98,98,98],"card_choices":[{"not_picked":["Rage","Warcry"],"picked":"Armaments","floor":1.0},{"not_picked":["Perfected Strike","Shockwave"],"picked":"Clash","floor":3.0},{"not_picked":["Combust","Headbutt"],"picked":"Body Slam","floor":4.0},{"not_picked":["Carnage","Heavy Blade"],"picked":"Headbutt","floor":5.0},{"not_picked":["Bloodletting","Flex"],"picked":"True Grit","floor":6.0},{"not_picked":["Brutality","Perfected Strike+1"],"picked":"Entrench","floor":7.0},{"not_picked":["Iron Wave+1","Thunderclap+1"],"picked":"Shrug It Off","floor":12.0},{"not_picked":["Headbutt+1","Flex"],"picked":"Thunderclap+1","floor":13.0},{"not_picked":["Thunderclap+1","Flex","Demon Form"],"picked":"SKIP","floor":14.0},{"not_picked":["Dropkick+1","Headbutt+1"],"picked":"Whirlwind+1","floor":18.0},{"not_picked":["Rampage+1","Warcry"],"picked":"Pommel Strike+1","floor":22.0},{"not_picked":["Heavy Blade+1","Shockwave+1"],"picked":"Iron Wave+1","floor":24.0},{"not_picked":["Thunderclap+1","Berserk","Pummel+1"],"picked":"SKIP","floor":25.0},{"not_picked":["Carnage+1","Rampage+1"],"picked":"Body Slam+1","floor":29.0},{"not_picked":["Twin Strike+1","Uppercut+1","Heavy Blade+1"],"picked":"SKIP","floor":30.0},{"not_picked":["Cleave+1","Evolve","Armaments"],"picked":"SKIP","floor":31.0},{"not_picked":["Immolate+1","Limit Break"],"picked":"Juggernaut","floor":33.0},{"not_picked":["Anger+1","Evolve","Pummel+1"],"picked":"SKIP","floor":35.0},{"not_picked":["Flame Barrier+1","Shrug It Off","Disarm+1"],"picked":"SKIP","floor":36.0},{"not_picked":["Pommel Strike+1","Dual Wield+1","Combust+1"],"picked":"SKIP","floor":39.0},{"not_picked":["True Grit","Seeing Red"],"picked":"Entrench+1","floor":41.0},{"not_picked":["Cleave+1","Feel No Pain","Clothesline+1"],"picked":"SKIP","floor":44},{"not_picked":["Searing Blow+1","Carnage+1","Flame Barrier"],"picked":"SKIP","floor":45},{"not_picked":["Combust+1","Brutality"],"picked":"Sentinel+1","floor":46},{"not_picked":["Second Wind","Clash+1","Clothesline+1"],"picked":"SKIP","floor":48}],"player_experience":50858,"relics_obtained":[{"floor":6.0,"key":"Molten Egg 2"},{"floor":9.0,"key":"Mercury Hourglass"},{"floor":14.0,"key":"Pear"},{"floor":25.0,"key":"Gremlin Horn"},{"floor":26.0,"key":"Anchor"},{"floor":28.0,"key":"Enchiridion"},{"floor":43.0,"key":"Letter Opener"}],"event_choices":[{"event_name":"Scrap Ooze","player_choice":"success","floor":11.0,"damage_taken":3.0},{"event_name":"Knowing Skull","player_choice":"GOLD GOLD ","floor":20.0,"damage_taken":0.0},{"event_name":"Cursed Tome","player_choice":"Obtained Book","floor":28.0,"damage_taken":0.0},{"event_name":"Transmorgrifier","player_choice":"Transform","floor":37.0,"damage_taken":0.0},{"event_name":"Tomb of Lord Red Mask","player_choice":"Paid","floor":38.0,"damage_taken":0.0},{"event_name":"MindBloom","player_choice":"Heal","floor":42.0,"damage_taken":0.0}],"is_beta":false,"boss_relics":[{"not_picked":["Philosopher\u0027s Stone","Orrery"],"picked":"Ectoplasm"},{"not_picked":["Velvet Choker","Mark of Pain"],"picked":"Eternal Feather"}],"items_purged_floors":[19],"is_endless":false,"potions_floor_spawned":[1,3,5,12,14,22,24,31,33,39,41,48],"killed_by":"Donu and Deca","ascension_level":0}