{"gold_per_floor":[116,116,127,145,157,187,30,65,115,115],"floor_reached":10,"playtime":426,"items_purged":[],"score":109,"play_id":"ac970c9d-3907-436e-bb1a-b897ea6bb6e1","local_time":"20190207135312","is_ascension_mode":true,"campfire_choices":[],"neow_cost":"NONE","seed_source_timestamp":1221841067307,"circlet_count":0,"master_deck":["Strike_R","Strike_R","Strike_R","Strike_R","Strike_R","Defend_R","Defend_R","Defend_R","Defend_R","Bash","Iron Wave","Uppercut","Rampage","Perfected Strike","Intimidate","Immolate"],"relics":["Burning Blood","Bottled Lightning","Oddly Smooth Stone","Bottled Flame","Omamori"],"potions_floor_usage":[6],"damage_taken":[{"damage":11,"enemies":"Cultist","floor":1,"turns":4},{"damage":2,"enemies":"2 Louse","floor":3,"turns":3},{"damage":6,"enemies":"Jaw Worm","floor":4,"turns":4},{"damage":9,"enemies":"Blue Slaver","floor":5,"turns":4},{"damage":40,"enemies":"3 Sentries","floor":6,"turns":8},{"damage":38,"enemies":"Gremlin Nob","floor":8,"turns":5},{"damage":11,"enemies":"Exordium Thugs","floor":10,"turns":4}],"seed_played":"2326756290487581358","potions_obtained":[{"floor":1,"key":"Energy Potion"},{"floor":8,"key":"Explosive Potion"}],"is_trial":false,"path_per_floor":["M","?","M","M","M","E","$","E","T","M"],"character_chosen":"IRONCLAD","items_purchased":["Oddly Smooth Stone"],"campfire_rested":0,"item_purchase_floors":[7],"current_hp_per_floor":[75,75,79,79,76,42,42,10,10,0],"gold":115,"neow_bonus":"TEN_PERCENT_HP_BONUS","is_prod":false,"is_daily":false,"chose_seed":false,"campfire_upgraded":0,"win_rate":0,"timestamp":1549518792,"path_taken":["M","?","?","M","M","E","?","E","T","?"],"build_version":"2019-01-23","purchased_purges":0,"victory":false,"max_hp_per_floor":[88,88,88,88,88,88,88,88,88,88],"card_choices":[{"not_picked":["Second Wind","Headbutt"],"picked":"Iron Wave","floor":1},{"not_picked":["Body Slam","Clothesline"],"picked":"Uppercut","floor":3},{"not_picked":["Wild Strike","Warcry"],"picked":"Rampage","floor":4},{"not_picked":["Body Slam","Blood for Blood"],"picked":"Perfected Strike","floor":5},{"not_picked":["Dark Embrace","Pommel Strike"],"picked":"Intimidate","floor":6},{"not_picked":["Heavy Blade","Reckless Charge"],"picked":"Immolate","floor":8}],"player_experience":98436,"relics_obtained":[{"floor":6,"key":"Bottled Lightning"},{"floor":8,"key":"Bottled Flame"},{"floor":9,"key":"Omamori"}],"event_choices":[{"damage_healed":0,"gold_gain":0,"player_choice":"Ignored","damage_taken":0,"max_hp_gain":0,"max_hp_loss":0,"event_name":"Purifier","floor":2,"gold_loss":0}],"is_beta":false,"boss_relics":[],"items_purged_floors":[],"is_endless":false,"potions_floor_spawned":[1,8],"killed_by":"Exordium Thugs","ascension_level":8}