{"gold_per_floor":[115,115,134,134,6,45,45,60,84,84,115,135,178,253,253,346,346,366,78,98,98,114,114,148,148,203,239,154,57,80,94,94,94],"floor_reached":33,"playtime":979,"items_purged":["Strike_R"],"score":656,"play_id":"04a4d522-9f1e-4656-b147-f3e0e98bd832","local_time":"20181209192919","is_ascension_mode":true,"campfire_choices":[{"data":"Armaments","floor":10,"key":"SMITH"},{"data":"Pommel Strike","floor":15,"key":"SMITH"},{"floor":23,"key":"REST"},{"floor":25,"key":"REST"},{"floor":32,"key":"REST"}],"neow_cost":"NONE","seed_source_timestamp":194244531457382,"circlet_count":0,"master_deck":["AscendersBane","Strike_R","Strike_R+1","Strike_R","Strike_R","Defend_R+1","Defend_R+1","Bash","Anger+1","Clash","Inflame","Armaments+1","Immolate","Clash","Shockwave","Feel No Pain","Pommel Strike+1","Carnage","Dark Embrace","Pommel Strike+1","Warcry","Havoc","Fiend Fire","Dropkick+1","Discovery","True Grit","Impervious"],"relics":["Burning Blood","NeowsBlessing","Golden Idol","Whetstone","Bronze Scales","Blue Candle","Red Skull","Sozu","Toolbox","Bottled Tornado","Tiny Chest","Letter Opener","Ancient Tea Set"],"potions_floor_usage":[16],"damage_taken":[{"damage":0,"enemies":"Small Slimes","floor":1,"turns":1},{"damage":0,"enemies":"Jaw Worm","floor":3,"turns":1},{"damage":0,"enemies":"Gremlin Nob","floor":6,"turns":1},{"damage":0,"enemies":"Cultist","floor":8,"turns":2},{"damage":10,"enemies":"3 Sentries","floor":11,"turns":4},{"damage":0,"enemies":"3 Louse","floor":12,"turns":1},{"damage":15,"enemies":"Lagavulin","floor":13,"turns":5},{"damage":18,"enemies":"Hexaghost","floor":16,"turns":7},{"damage":18,"enemies":"3 Byrds","floor":18,"turns":2},{"damage":17,"enemies":"2 Thieves","floor":20,"turns":3},{"damage":18,"enemies":"Shelled Parasite and Fungi","floor":22,"turns":3},{"damage":28,"enemies":"Gremlin Leader","floor":24,"turns":4},{"damage":33,"enemies":"Slavers","floor":27,"turns":3},{"damage":11,"enemies":"Centurion and Healer","floor":30,"turns":3},{"damage":0,"enemies":"Snake Plant","floor":31,"turns":2},{"damage":46,"enemies":"Collector","floor":33,"turns":8}],"seed_played":"4207766013895488076","potions_obtained":[{"floor":3,"key":"Weak Potion"},{"floor":6,"key":"SpeedPotion"}],"is_trial":false,"path_per_floor":["M","?","M","?","$","E","?","M","T","R","E","M","E","?","R","B",null,"M","$","M","?","M","R","E","R","T","E","?","$","M","M","R","B"],"character_chosen":"IRONCLAD","items_purchased":["Inflame","Armaments","Toolbox","Discovery"],"campfire_rested":3,"item_purchase_floors":[5,5,19,29],"current_hp_per_floor":[74,68,68,48,48,54,54,60,60,60,56,62,53,42,42,30,59,47,47,36,36,24,44,22,42,42,15,15,15,10,16,36,0],"gold":94,"neow_bonus":"THREE_ENEMY_KILL","is_prod":false,"is_daily":false,"chose_seed":false,"campfire_upgraded":2,"win_rate":0,"timestamp":1544408959,"path_taken":["M","?","M","?","?","E","?","M","T","R","E","?","E","?","R","BOSS","M","$","M","?","?","R","E","R","T","E","?","$","M","M","R","BOSS"],"build_version":"2018-12-06","purchased_purges":1,"victory":false,"max_hp_per_floor":[75,68,68,68,68,68,68,68,68,68,68,68,68,68,68,68,68,68,68,68,68,68,68,68,68,68,68,68,68,68,68,68,68],"card_choices":[{"not_picked":["Thunderclap","Dual Wield"],"picked":"Anger","floor":1},{"not_picked":["Warcry","Disarm"],"picked":"Clash","floor":3},{"not_picked":["Pommel Strike","Perfected Strike"],"picked":"Immolate","floor":6},{"not_picked":["Clothesline","Rampage"],"picked":"Shockwave","floor":8},{"not_picked":["Shockwave","Body Slam"],"picked":"Feel No Pain","floor":11},{"not_picked":["Intimidate","Heavy Blade"],"picked":"Pommel Strike","floor":12},{"not_picked":["Warcry","Pommel Strike"],"picked":"Carnage","floor":13},{"not_picked":["Fiend Fire","Limit Break"],"picked":"Dark Embrace","floor":16},{"not_picked":["Iron Wave","Battle Trance"],"picked":"Pommel Strike+1","floor":18},{"not_picked":["Wild Strike","Flex"],"picked":"Warcry","floor":20},{"not_picked":["Twin Strike","Flex","Warcry"],"picked":"SKIP","floor":22},{"not_picked":["Armaments","Body Slam"],"picked":"Fiend Fire","floor":24},{"not_picked":["Iron Wave","Disarm+1"],"picked":"Dropkick+1","floor":27},{"not_picked":["Thunderclap","Sword Boomerang"],"picked":"True Grit","floor":30},{"not_picked":["Ghostly Armor+1","Havoc"],"picked":"Impervious","floor":31}],"player_experience":566788,"relics_obtained":[{"floor":6,"key":"Whetstone"},{"floor":9,"key":"Bronze Scales"},{"floor":11,"key":"Blue Candle"},{"floor":13,"key":"Red Skull"},{"floor":24,"key":"Bottled Tornado"},{"floor":26,"key":"Tiny Chest"},{"floor":27,"key":"Letter Opener"}],"event_choices":[{"damage_healed":0,"gold_gain":0,"player_choice":"Lose Max HP","damage_taken":0,"relics_obtained":["Golden Idol"],"max_hp_gain":0,"max_hp_loss":7,"event_name":"Golden Idol","floor":2,"gold_loss":0},{"damage_healed":0,"gold_gain":0,"player_choice":"Entered Light","damage_taken":20,"max_hp_gain":0,"max_hp_loss":0,"event_name":"Shining Light","floor":4,"gold_loss":0,"cards_upgraded":["Defend_R","Defend_R"]},{"damage_healed":0,"gold_gain":0,"cards_transformed":["Defend_R"],"player_choice":"Transformed","damage_taken":0,"max_hp_gain":0,"max_hp_loss":0,"event_name":"Transmorgrifier","floor":7,"gold_loss":0,"cards_obtained":["Clash"]},{"damage_healed":0,"gold_gain":75,"player_choice":"Gather Gold","damage_taken":11,"max_hp_gain":0,"max_hp_loss":0,"event_name":"World of Goop","floor":14,"gold_loss":0},{"damage_healed":0,"gold_gain":0,"cards_transformed":["Defend_R"],"player_choice":"Transformed","damage_taken":0,"max_hp_gain":0,"max_hp_loss":0,"event_name":"Transmorgrifier","floor":21,"gold_loss":0,"cards_obtained":["Havoc"]},{"damage_healed":0,"gold_gain":0,"player_choice":"Obtained Relic","damage_taken":0,"relics_obtained":["Ancient Tea Set"],"max_hp_gain":0,"max_hp_loss":0,"event_name":"Addict","floor":28,"gold_loss":85}],"is_beta":false,"boss_relics":[{"not_picked":["Runic Pyramid","Mark of Pain"],"picked":"Sozu"}],"items_purged_floors":[19],"is_endless":false,"potions_floor_spawned":[3,6,12,22,24],"killed_by":"Collector","ascension_level":20}