{"gold_per_floor":[114,134,147,158,6,6,32,32,80,80,80,121,144,167,167,291,291,307,321,21,37,55,55,95,125,210,222],"floor_reached":27,"playtime":1363,"items_purged":[],"score":296,"play_id":"55ee2d25-fc1d-4095-856d-c65933995866","local_time":"20180815072912","is_ascension_mode":true,"campfire_choices":[{"data":"Blade Dance","floor":6.0,"key":"SMITH"},{"floor":8.0,"key":"REST"},{"data":"Neutralize","floor":11.0,"key":"SMITH"},{"floor":15.0,"key":"REST"},{"floor":23,"key":"REST"}],"neow_cost":"","seed_source_timestamp":0,"circlet_count":0,"master_deck":["Defend_G","Defend_G","Defend_G","Defend_G","Defend_G","Strike_G","Strike_G","Strike_G","Strike_G","Strike_G","Survivor","Neutralize+1","Slice","Finisher","Escape Plan","Blade Dance+1","Cloak And Dagger","Deep Breath","Infinite Blades+1","Masterful Stab","Deflect","Flechettes","After Image+1","Prepared","Deflect+1","Slice","Envenom+1","Slice","Cloak And Dagger","Cloak And Dagger"],"special_seed":0,"relics":["Ring of the Snake","Frozen Egg 2","Omamori","Golden Idol","Pen Nib","Black Star","Membership Card","Tiny Chest","Vajra","MawBank","Toxic Egg 2"],"potions_floor_usage":[21,24,24,25],"damage_taken":[{"damage":2.0,"enemies":"2 Louse","floor":1.0,"turns":3.0},{"damage":0.0,"enemies":"Cultist","floor":2.0,"turns":4.0},{"damage":0.0,"enemies":"Small Slimes","floor":3.0,"turns":2.0},{"damage":0.0,"enemies":"3 Louse","floor":4.0,"turns":3.0},{"damage":27.0,"enemies":"Lagavulin","floor":7.0,"turns":8.0},{"damage":27.0,"enemies":"Gremlin Nob","floor":12.0,"turns":4.0},{"damage":7.0,"enemies":"Exordium Wildlife","floor":13.0,"turns":3.0},{"damage":0.0,"enemies":"Blue Slaver","floor":14.0,"turns":3.0},{"damage":21.0,"enemies":"Slime Boss","floor":16.0,"turns":10.0},{"damage":18.0,"enemies":"Chosen","floor":18.0,"turns":5.0},{"damage":19.0,"enemies":"2 Thieves","floor":19.0,"turns":4.0},{"damage":4,"enemies":"Snake Plant","floor":21,"turns":5},{"damage":20,"enemies":"Sentry and Sphere","floor":22,"turns":8},{"damage":17,"enemies":"Book of Stabbing","floor":24,"turns":6},{"damage":6,"enemies":"Cultist and Chosen","floor":25,"turns":5},{"damage":12,"enemies":"Gremlin Leader","floor":27,"turns":3}],"seed_played":"-1176923815317252503","potions_obtained":[{"floor":12.0,"key":"Poison Potion"},{"floor":14.0,"key":"GamblersBrew"},{"floor":16.0,"key":"SpeedPotion"},{"floor":19.0,"key":"SkillPotion"},{"floor":21,"key":"SpeedPotion"},{"floor":24,"key":"SkillPotion"}],"is_trial":false,"path_per_floor":["M","M","M","M","$","R","E","R","T","?","R","E","M","M","R","B",null,"M","M","$","M","M","R","E","M","T"],"character_chosen":"THE_SILENT","items_purchased":["Cloak And Dagger","Deep Breath","Membership Card","Tiny Chest","Slice"],"campfire_rested":3,"item_purchase_floors":[5,5,20,20,20],"current_hp_per_floor":[68,68,68,68,68,68,41,62,62,62,62,35,28,28,49,28,70,52,33,33,29,9,30,13,7,7,0],"gold":222,"neow_bonus":"","is_prod":false,"is_daily":false,"chose_seed":false,"campfire_upgraded":2,"win_rate":0,"timestamp":1534310952,"path_taken":["M","M","M","M","$","R","E","R","T","?","R","E","M","?","R","BOSS","M","?","$","M","M","R","E","M","T","E"],"build_version":"2018-08-13v2","purchased_purges":0,"victory":false,"max_hp_per_floor":[70,70,70,70,70,70,70,70,70,70,70,70,70,70,70,70,70,70,70,70,70,70,70,70,70,70,70],"card_choices":[{"not_picked":["Deflect","Backflip"],"picked":"Slice","floor":1.0},{"not_picked":["Underhanded Strike","Dagger Spray"],"picked":"Finisher","floor":2.0},{"not_picked":["PiercingWail","Expertise"],"picked":"Escape Plan","floor":3.0},{"not_picked":["Underhanded Strike","Deadly Poison"],"picked":"Blade Dance","floor":4.0},{"not_picked":["Leg Sweep","Well Laid Plans"],"picked":"Infinite Blades","floor":7.0},{"not_picked":["Poisoned Stab","Predator"],"picked":"Masterful Stab","floor":12.0},{"not_picked":["Eviscerate","Backflip"],"picked":"Deflect","floor":13.0},{"not_picked":["PiercingWail","Sucker Punch"],"picked":"Flechettes","floor":14.0},{"not_picked":["Phantasmal Killer","Burst"],"picked":"After Image+1","floor":16.0},{"not_picked":["Sucker Punch","Backflip"],"picked":"Prepared","floor":18.0},{"not_picked":["Backflip","Bouncing Flask"],"picked":"Deflect+1","floor":19.0},{"not_picked":["Prepared+1","PiercingWail"],"picked":"Envenom+1","floor":21},{"not_picked":["Eviscerate+1","Outmaneuver+1"],"picked":"Slice","floor":22},{"not_picked":["Slice+1","Bane+1"],"picked":"Cloak And Dagger","floor":24},{"not_picked":["Noxious Fumes+1","Backflip"],"picked":"Cloak And Dagger","floor":25}],"player_experience":406206,"relics_obtained":[{"floor":7.0,"key":"Frozen Egg 2"},{"floor":9.0,"key":"Omamori"},{"floor":12.0,"key":"Pen Nib"},{"floor":24,"key":"Vajra"},{"floor":24,"key":"MawBank"},{"floor":26,"key":"Toxic Egg 2"}],"event_choices":[{"event_name":"Golden Idol","player_choice":"Take Wound","floor":10.0,"damage_taken":0.0}],"is_beta":true,"boss_relics":[{"not_picked":["Philosopher\u0027s Stone","Lizard Tail"],"picked":"Black Star"}],"items_purged_floors":[],"is_endless":false,"potions_floor_spawned":[12,14,16,19,21,24],"killed_by":"Gremlin Leader","ascension_level":4}