{"gold_per_floor":[111,186,186,32,43,76,95,110,190,190,220,244,263,276,276,381,381,394,394,198,208,108,139,139,157,184,184,198,198,198,210,210,313,313,327,374,374,393,92,92,92,92,92,92,92,92,92,107,107,107],"floor_reached":51,"playtime":2103,"items_purged":["Normality","Writhe"],"score":773,"play_id":"eb99e439-92d3-49ce-ad00-6e2c33075401","local_time":"20190204123543","is_ascension_mode":false,"campfire_choices":[{"floor":15.0,"key":"REST"},{"floor":24.0,"key":"REST"},{"data":"1","floor":27.0,"key":"LIFT"},{"floor":32.0,"key":"REST"},{"floor":40.0,"key":"REST"},{"floor":41.0,"key":"REST"},{"data":"2","floor":42.0,"key":"LIFT"},{"floor":45.0,"key":"REST"},{"data":"3","floor":47.0,"key":"LIFT"},{"floor":49.0,"key":"REST"}],"neow_cost":"NONE","seed_source_timestamp":469993562007,"circlet_count":0,"master_deck":["Strike_R","Strike_R","Strike_R","Strike_R","Strike_R","Defend_R","Defend_R","Defend_R","Defend_R+1","Bash+1","Ghostly Armor","Anger","Clash+1","Intimidate","Rampage","Pommel Strike","Warcry","Flex","Rampage","Limit Break","Iron Wave+1","Cleave","Intimidate","Clothesline","Berserk","Flame Barrier","Seeing Red","Flex","Metallicize","Iron Wave","Berserk","Clothesline+1","Ghostly Armor+1","Iron Wave+1","Clothesline","Pommel Strike+1","Ghostly Armor+1","Searing Blow+1","Sword Boomerang+1"],"special_seed":0,"relics":["Burning Blood","Strawberry","Torii","Pear","Dream Catcher","PreservedInsect","Calling Bell","Bronze Scales","Ornamental Fan","Girya","Tiny Chest","Boot","Bag of Preparation","MutagenicStrength","Lizard Tail","Ice Cream","WingedGreaves","Pen Nib"],"potions_floor_usage":[],"damage_taken":[{"damage":8.0,"enemies":"Jaw Worm","floor":1.0,"turns":4.0},{"damage":0.0,"enemies":"Cultist","floor":5.0,"turns":3.0},{"damage":14.0,"enemies":"Gremlin Nob","floor":6.0,"turns":4.0},{"damage":0.0,"enemies":"2 Louse","floor":7.0,"turns":2.0},{"damage":8.0,"enemies":"Blue Slaver","floor":8.0,"turns":4.0},{"damage":20.0,"enemies":"3 Sentries","floor":11.0,"turns":7.0},{"damage":8.0,"enemies":"Exordium Thugs","floor":13.0,"turns":2.0},{"damage":1.0,"enemies":"Large Slime","floor":14.0,"turns":5.0},{"damage":0.0,"enemies":"Slime Boss","floor":16.0,"turns":8.0},{"damage":4.0,"enemies":"Chosen","floor":18.0,"turns":6.0},{"damage":12.0,"enemies":"Shell Parasite","floor":21.0,"turns":5.0},{"damage":39.0,"enemies":"Book of Stabbing","floor":23.0,"turns":6.0},{"damage":6.0,"enemies":"Cultist and Chosen","floor":25.0,"turns":4.0},{"damage":33.0,"enemies":"Sentry and Sphere","floor":28.0,"turns":5.0},{"damage":9.0,"enemies":"Centurion and Healer","floor":31.0,"turns":7.0},{"damage":50.0,"enemies":"Champ","floor":33.0,"turns":8.0},{"damage":13.0,"enemies":"Orb Walker","floor":35.0,"turns":4.0},{"damage":96.0,"enemies":"2 Orb Walkers","floor":36.0,"turns":7.0},{"damage":7.0,"enemies":"3 Shapes","floor":38.0,"turns":5.0},{"damage":61.0,"enemies":"Spire Growth","floor":48.0,"turns":5.0},{"damage":79,"enemies":"Time Eater","floor":50,"turns":10}],"seed_played":"-6025559056214378019","potions_obtained":[{"floor":1.0,"key":"Ancient Potion"},{"floor":8.0,"key":"Energy Potion"},{"floor":14.0,"key":"AttackPotion"},{"floor":16.0,"key":"Dexterity Potion"},{"floor":23.0,"key":"Strength Potion"},{"floor":31.0,"key":"EssenceOfSteel"},{"floor":33.0,"key":"Energy Potion"},{"floor":36.0,"key":"SkillPotion"},{"floor":38.0,"key":"Strength Potion"}],"is_trial":false,"path_per_floor":["M","?","?","$","M","E","M","M","T","?","E","T","M","M","R","B",null,"M","?","$","M","$","E","R","M","T","R","M","?","?","M","R","B",null,"M","?","?","M","$","R","R","R","T","$","R","$","R","M","R","B",null],"character_chosen":"IRONCLAD","items_purchased":["Strawberry","Tiny Chest","WingedGreaves"],"campfire_rested":7,"item_purchase_floors":[4,20,39],"current_hp_per_floor":[86,75,75,82,88,80,86,84,94,73,59,59,57,62,93,99,105,105,105,105,99,99,66,97,97,97,97,70,70,70,67,98,54,105,98,8,8,7,7,37,67,67,67,67,97,97,97,42,72,57],"gold":107,"neow_bonus":"TEN_PERCENT_HP_BONUS","is_prod":false,"is_daily":false,"chose_seed":false,"campfire_upgraded":0,"win_rate":0.0,"timestamp":1549254943,"path_taken":["M","?","?","$","M","E","M","?","T","?","E","?","M","M","R","BOSS","M","?","$","M","$","E","R","M","T","R","M","?","?","?","R","BOSS","M","?","?","?","$","R","R","R","T","?","R","?","R","M","R","BOSS"],"build_version":"2019-01-23","purchased_purges":2,"victory":true,"max_hp_per_floor":[88,88,88,95,95,95,95,95,105,105,105,105,105,105,105,105,105,105,105,105,105,105,105,105,105,105,105,105,105,105,105,105,105,105,105,105,102,102,102,102,102,102,102,102,102,102,102,102,102,102],"card_choices":[{"not_picked":["Disarm","Havoc"],"picked":"Ghostly Armor","floor":1.0},{"not_picked":["True Grit","Cleave"],"picked":"Anger","floor":5.0},{"not_picked":["Power Through","Warcry"],"picked":"Clash","floor":6.0},{"not_picked":["Clash","Perfected Strike"],"picked":"Intimidate","floor":7.0},{"not_picked":["Whirlwind","Second Wind"],"picked":"Rampage","floor":8.0},{"not_picked":["Perfected Strike","Havoc"],"picked":"Pommel Strike","floor":11.0},{"not_picked":["Impervious","Twin Strike"],"picked":"Warcry","floor":13.0},{"not_picked":["Rage","Pommel Strike"],"picked":"Flex","floor":14.0},{"not_picked":["True Grit","Headbutt"],"picked":"Rampage","floor":15.0},{"not_picked":["Brutality","Juggernaut"],"picked":"Limit Break","floor":16.0},{"not_picked":["Pommel Strike+1","Havoc+1"],"picked":"Iron Wave+1","floor":18.0},{"not_picked":["Iron Wave","Sentinel"],"picked":"Cleave","floor":21.0},{"not_picked":["Evolve","Fire Breathing"],"picked":"Intimidate","floor":23.0},{"not_picked":["Warcry","True Grit"],"picked":"Clothesline","floor":24.0},{"not_picked":["True Grit","Pummel"],"picked":"Berserk","floor":25.0},{"not_picked":["Fire Breathing","Clash+1"],"picked":"Flame Barrier","floor":28.0},{"not_picked":["Burning Pact+1","Shrug It Off"],"picked":"Metallicize","floor":31.0},{"not_picked":["Havoc+1","Reaper"],"picked":"Iron Wave","floor":32.0},{"not_picked":["Bludgeon","Barricade"],"picked":"Berserk","floor":33.0},{"not_picked":["Twin Strike","Armaments"],"picked":"Clothesline+1","floor":35.0},{"not_picked":["Body Slam+1","Twin Strike+1"],"picked":"Ghostly Armor+1","floor":36.0},{"not_picked":["Perfected Strike+1","Fire Breathing+1"],"picked":"Iron Wave+1","floor":38.0},{"not_picked":["Body Slam","Cleave+1"],"picked":"Clothesline","floor":40.0},{"not_picked":["Flame Barrier","Uppercut+1"],"picked":"Pommel Strike+1","floor":41.0},{"not_picked":["Clothesline","Demon Form"],"picked":"Ghostly Armor+1","floor":45.0},{"not_picked":["Havoc+1","Battle Trance"],"picked":"Searing Blow+1","floor":48.0},{"not_picked":["Twin Strike","Corruption"],"picked":"Sword Boomerang+1","floor":49.0}],"player_experience":50278,"relics_obtained":[{"floor":6.0,"key":"Torii"},{"floor":9.0,"key":"Pear"},{"floor":11.0,"key":"Dream Catcher"},{"floor":12.0,"key":"PreservedInsect"},{"floor":17.0,"key":"Bronze Scales"},{"floor":17.0,"key":"Ornamental Fan"},{"floor":17.0,"key":"Girya"},{"floor":23.0,"key":"Boot"},{"floor":26.0,"key":"Bag of Preparation"},{"floor":36.0,"key":"Ice Cream"},{"floor":43.0,"key":"Pen Nib"}],"event_choices":[{"damage_healed":0.0,"max_hp_gain":0.0,"max_hp_loss":0.0,"gold_gain":75.0,"event_name":"World of Goop","player_choice":"Gather Gold","floor":2.0,"gold_loss":0.0,"damage_taken":11.0},{"damage_healed":0.0,"max_hp_gain":0.0,"max_hp_loss":0.0,"gold_gain":0.0,"event_name":"Upgrade Shrine","player_choice":"Upgraded","floor":3.0,"gold_loss":0.0,"damage_taken":0.0,"cards_upgraded":["Bash"]},{"damage_healed":0.0,"max_hp_gain":0.0,"max_hp_loss":0.0,"gold_gain":0.0,"event_name":"Shining Light","player_choice":"Entered Light","floor":10.0,"gold_loss":0.0,"damage_taken":21.0,"cards_upgraded":["Defend_R","Clash"]},{"damage_healed":0.0,"max_hp_gain":0.0,"max_hp_loss":0.0,"gold_gain":0.0,"event_name":"Vampires","player_choice":"Ignored","floor":19.0,"gold_loss":0.0,"damage_taken":0.0},{"damage_healed":0.0,"max_hp_gain":0.0,"max_hp_loss":0.0,"gold_gain":0.0,"event_name":"Drug Dealer","player_choice":"Inject Mutagens","floor":29.0,"gold_loss":0.0,"damage_taken":0.0,"relics_obtained":["MutagenicStrength"]},{"damage_healed":0.0,"max_hp_gain":0.0,"max_hp_loss":0.0,"gold_gain":0.0,"event_name":"Match and Keep!","player_choice":"2 cards matched","floor":30.0,"gold_loss":0.0,"damage_taken":0.0,"cards_obtained":["Seeing Red","Flex"]},{"damage_healed":0.0,"max_hp_gain":0.0,"max_hp_loss":0.0,"gold_gain":0.0,"event_name":"Mysterious Sphere","player_choice":"Fight","floor":36.0,"gold_loss":0.0,"damage_taken":0.0},{"cards_removed":["Parasite"],"damage_healed":0.0,"max_hp_gain":0.0,"max_hp_loss":0.0,"gold_gain":0.0,"event_name":"Fountain of Cleansing","player_choice":"Removed Curses","floor":37.0,"gold_loss":0.0,"damage_taken":0.0}],"is_beta":false,"boss_relics":[{"not_picked":["Mark of Pain","Ectoplasm"],"picked":"Calling Bell"},{"not_picked":["Snecko Eye","Sozu"],"picked":"Lizard Tail"}],"items_purged_floors":[20,22],"is_endless":false,"potions_floor_spawned":[1,8,14,16,23,31,33,36,38],"ascension_level":0}