{"gold_per_floor":[114,129,144,69,84,114,114,144,169,169,169],"floor_reached":11,"playtime":494,"items_purged":["Second Wind"],"score":108,"play_id":"670e2c61-03e6-41a7-8667-e5a192f1822a","local_time":"20190130085020","daily_mods":["Specialized","Red Cards","Elite Swarm"],"is_ascension_mode":false,"campfire_choices":[{"data":"Body Slam","floor":7,"key":"SMITH"}],"neow_cost":"","seed_source_timestamp":0,"circlet_count":0,"master_deck":["Defend_G","Defend_G","Defend_G","Defend_G","Defend_G","Strike_G","Strike_G","Strike_G","Strike_G","Survivor","Neutralize","Second Wind","Second Wind","Second Wind","Second Wind","Thunderclap","Body Slam+1","Body Slam","Feel No Pain","Dark Embrace","Die Die Die"],"special_seed":17926,"relics":["Ring of the Snake","Bottled Flame","Snake Skull","Bag of Preparation"],"potions_floor_usage":[6,8,11],"damage_taken":[{"damage":0.0,"enemies":"Cultist","floor":1.0,"turns":4.0},{"damage":0.0,"enemies":"2 Louse","floor":2.0,"turns":2.0},{"damage":4.0,"enemies":"Jaw Worm","floor":3.0,"turns":4.0},{"damage":3,"enemies":"Red Slaver","floor":5,"turns":5},{"damage":45,"enemies":"Lagavulin","floor":6,"turns":12},{"damage":4,"enemies":"3 Sentries","floor":8,"turns":7},{"damage":15,"enemies":"Lagavulin","floor":11,"turns":3}],"seed_played":"5247171825333593752","potions_obtained":[{"floor":1.0,"key":"SpeedPotion"},{"floor":5,"key":"GamblersBrew"},{"floor":8,"key":"SkillPotion"}],"is_trial":false,"path_per_floor":["M","M","M","$","M","E","R","E","T","?","E"],"character_chosen":"THE_SILENT","items_purchased":[],"campfire_rested":0,"item_purchase_floors":[],"current_hp_per_floor":[70,70,66,66,63,18,18,14,14,14,0],"gold":169,"neow_bonus":"","is_prod":false,"is_daily":true,"chose_seed":false,"campfire_upgraded":1,"win_rate":0,"timestamp":1548834620,"path_taken":["M","M","?","$","?","E","R","E","T","?","E"],"build_version":"2019-01-23","purchased_purges":1,"victory":false,"max_hp_per_floor":[70,70,70,70,70,70,70,70,70,70,70],"card_choices":[{"not_picked":["Blood for Blood","Seeing Red"],"picked":"Thunderclap","floor":1.0},{"not_picked":["Anger","Quick Slash"],"picked":"Body Slam","floor":2.0},{"not_picked":["Backflip","Deflect"],"picked":"Body Slam","floor":3.0},{"not_picked":["Skewer","Noxious Fumes"],"picked":"Feel No Pain","floor":5},{"not_picked":["Envenom","Corpse Explosion"],"picked":"Dark Embrace","floor":6},{"not_picked":["Berserk","Bullet Time"],"picked":"Die Die Die","floor":8}],"player_experience":216245,"relics_obtained":[{"floor":6,"key":"Bottled Flame"},{"floor":8,"key":"Snake Skull"},{"floor":9,"key":"Bag of Preparation"}],"event_choices":[{"cards_removed":["Strike_G"],"damage_healed":0,"gold_gain":0,"player_choice":"Offered Basic","damage_taken":0,"max_hp_gain":0,"max_hp_loss":0,"event_name":"Bonfire Elementals","floor":10,"gold_loss":0}],"is_beta":true,"boss_relics":[],"items_purged_floors":[4],"is_endless":false,"potions_floor_spawned":[1,5,8],"killed_by":"Lagavulin","ascension_level":0}