{"gold_per_floor":[12,27,37,56,69,69,80,80,110,35,46,46,82,103,103,198,198,222,240,253,155,155],"floor_reached":22,"playtime":979,"items_purged":["Strike_B"],"score":364,"play_id":"def55921-7866-446b-94b8-525bac1f9918","local_time":"20190204140857","is_ascension_mode":true,"campfire_choices":[{"data":"Streamline","floor":6,"key":"SMITH"},{"data":"Self Repair","floor":8,"key":"SMITH"},{"floor":15,"key":"REST"}],"neow_cost":"NO_GOLD","seed_source_timestamp":418074788427038,"circlet_count":0,"master_deck":["AscendersBane","Strike_B","Strike_B","Strike_B","Defend_B","Defend_B","Defend_B","Defend_B","Zap","Dualcast","Hologram","Self Repair+1","Capacitor","Chill","Streamline+1","Sweeping Beam","Gash","Coolheaded","Hologram","Electrodynamics","Conserve Battery","Doom and Gloom","Bandage Up"],"special_seed":0,"relics":["Cracked Core","Turnip","Tiny Chest","Golden Idol","Odd Mushroom","Velvet Choker"],"potions_floor_usage":[16,20],"damage_taken":[{"damage":7.0,"enemies":"Cultist","floor":1.0,"turns":4.0},{"damage":0,"enemies":"2 Louse","floor":2,"turns":1},{"damage":10,"enemies":"Small Slimes","floor":3,"turns":4},{"damage":19,"enemies":"Exordium Wildlife","floor":4,"turns":7},{"damage":16,"enemies":"Red Slaver","floor":5,"turns":4},{"damage":12,"enemies":"Blue Slaver","floor":7,"turns":5},{"damage":11,"enemies":"Exordium Wildlife","floor":11,"turns":4},{"damage":26,"enemies":"The Mushroom Lair","floor":13,"turns":5},{"damage":10,"enemies":"Lots of Slimes","floor":14,"turns":5},{"damage":12,"enemies":"Slime Boss","floor":16,"turns":6},{"damage":42,"enemies":"Chosen","floor":18,"turns":6},{"damage":0,"enemies":"3 Byrds","floor":19,"turns":2},{"damage":21,"enemies":"Snake Plant","floor":20,"turns":3},{"damage":19,"enemies":"Shelled Parasite and Fungi","floor":22,"turns":1}],"seed_played":"-2241219962923807590","potions_obtained":[{"floor":1.0,"key":"PowerPotion"},{"floor":2,"key":"Swift Potion"},{"floor":16,"key":"Dexterity Potion"},{"floor":20,"key":"Dexterity Potion"}],"is_trial":false,"path_per_floor":["M","M","M","M","M","R","M","R","T","$","M","?","?","M","R","B",null,"M","M","M","$","M"],"character_chosen":"DEFECT","items_purchased":["Bandage Up"],"campfire_rested":1,"item_purchase_floors":[21],"current_hp_per_floor":[57,57,54,42,33,33,28,28,28,28,27,27,11,11,30,28,55,23,23,2,2,0],"gold":155,"neow_bonus":"ONE_RARE_RELIC","is_prod":false,"is_daily":false,"chose_seed":false,"campfire_upgraded":2,"win_rate":0,"timestamp":1549318137,"path_taken":["M","M","M","M","M","R","?","R","T","$","?","?","?","M","R","BOSS","M","M","M","$","M"],"build_version":"2019-01-23","purchased_purges":1,"victory":false,"max_hp_per_floor":[71,71,71,71,71,71,71,71,71,71,71,64,64,64,64,64,64,64,64,64,64,64],"card_choices":[{"not_picked":["Scrape","Steam"],"picked":"Hologram","floor":1.0},{"not_picked":["Sweeping Beam","Steam"],"picked":"Self Repair","floor":2},{"not_picked":["Auto Shields","Skim"],"picked":"Capacitor","floor":3},{"not_picked":["Double Energy","Meteor Strike"],"picked":"Chill","floor":4},{"not_picked":["Coolheaded","Hello World"],"picked":"Streamline","floor":5},{"not_picked":["Steam","Gash"],"picked":"Sweeping Beam","floor":7},{"not_picked":["Stack","Aggregate"],"picked":"Gash","floor":11},{"not_picked":["Steam Power","Compile Driver"],"picked":"Coolheaded","floor":13},{"not_picked":["Redo","Rebound"],"picked":"Hologram","floor":14},{"not_picked":["Thunder Strike","Meteor Strike"],"picked":"Electrodynamics","floor":16},{"not_picked":["Streamline","Rip and Tear"],"picked":"Conserve Battery","floor":18},{"not_picked":["Sunder","Gash"],"picked":"Doom and Gloom","floor":19},{"not_picked":["Redo","Sunder","Sweeping Beam"],"picked":"SKIP","floor":20}],"player_experience":1807807,"relics_obtained":[{"floor":9,"key":"Tiny Chest"},{"floor":13,"key":"Odd Mushroom"}],"event_choices":[{"damage_healed":0,"gold_gain":0,"player_choice":"Lose Max HP","damage_taken":0,"relics_obtained":["Golden Idol"],"max_hp_gain":0,"max_hp_loss":7,"event_name":"Golden Idol","floor":12,"gold_loss":0},{"damage_healed":0,"gold_gain":0,"player_choice":"Fought Mushrooms","damage_taken":0,"max_hp_gain":0,"max_hp_loss":0,"event_name":"Mushrooms","floor":13,"gold_loss":0}],"is_beta":false,"boss_relics":[{"not_picked":["Cursed Key","Coffee Dripper"],"picked":"Velvet Choker"}],"items_purged_floors":[10],"is_endless":false,"potions_floor_spawned":[1,2,4,13,14,16,18,19,20],"killed_by":"Shelled Parasite and Fungi","ascension_level":20}