{"gold_per_floor":[109,109,121,121,134,134,160,160,187,199,214,214,29,41,41,140,140,65,77,37,56,68,68,96,108,108,108,72,72,87,107,107,107],"floor_reached":33,"playtime":1785,"items_purged":[],"score":323,"play_id":"2538b9ee-13e6-43b1-b29e-debbdbe82284","local_time":"20190205212929","is_ascension_mode":true,"campfire_choices":[{"data":"Neutralize","floor":6,"key":"SMITH"},{"data":"Endless Agony","floor":12,"key":"SMITH"},{"data":"Caltrops","floor":15,"key":"SMITH"},{"floor":23,"key":"REST"},{"floor":32,"key":"REST"}],"neow_cost":"NONE","seed_source_timestamp":3602096526104,"circlet_count":0,"master_deck":["Defend_G","Defend_G","Defend_G","Defend_G","Strike_G","Strike_G","Strike_G","Strike_G","Survivor","Neutralize+1","Leg Sweep+1","Escape Plan","Leg Sweep","Dodge and Roll","Endless Agony+1","Cloak And Dagger","Caltrops+1","Skewer","Malaise","Sucker Punch+1","All Out Attack","Noxious Fumes","PiercingWail","Cloak And Dagger","Backstab+1","Dagger Spray+1","Riddle With Holes","Well Laid Plans","PiercingWail","A Thousand Cuts"],"relics":["Ring of the Snake","Centennial Puzzle","Anchor","Lizard Tail","Ornamental Fan","Mercury Hourglass"],"potions_floor_usage":[7,7,7,10,24,25,25,31,33,33],"damage_taken":[{"damage":0,"enemies":"Small Slimes","floor":1,"turns":4},{"damage":0,"enemies":"Cultist","floor":3,"turns":4},{"damage":0,"enemies":"2 Louse","floor":5,"turns":3},{"damage":23,"enemies":"Lagavulin","floor":7,"turns":9},{"damage":9,"enemies":"2 Fungi Beasts","floor":10,"turns":3},{"damage":6,"enemies":"Lots of Slimes","floor":11,"turns":5},{"damage":0,"enemies":"Red Slaver","floor":14,"turns":6},{"damage":31,"enemies":"Hexaghost","floor":16,"turns":14},{"damage":4,"enemies":"2 Thieves","floor":18,"turns":5},{"damage":16,"enemies":"Spheric Guardian","floor":19,"turns":6},{"damage":21,"enemies":"Snecko","floor":21,"turns":7},{"damage":25,"enemies":"Centurion and Healer","floor":22,"turns":13},{"damage":13,"enemies":"Book of Stabbing","floor":24,"turns":6},{"damage":19,"enemies":"Shelled Parasite and Fungi","floor":25,"turns":6},{"damage":2,"enemies":"3 Cultists","floor":30,"turns":5},{"damage":4,"enemies":"Cultist and Chosen","floor":31,"turns":7},{"damage":152,"enemies":"Automaton","floor":33,"turns":12}],"seed_played":"7960908723056859258","potions_obtained":[{"floor":1,"key":"SkillPotion"},{"floor":2,"key":"Dexterity Potion"},{"floor":2,"key":"Poison Potion"},{"floor":7,"key":"Poison Potion"},{"floor":11,"key":"Regen Potion"},{"floor":19,"key":"Dexterity Potion"},{"floor":24,"key":"Strength Potion"},{"floor":25,"key":"SkillPotion"},{"floor":30,"key":"SkillPotion"},{"floor":31,"key":"SkillPotion"}],"is_trial":false,"path_per_floor":["M","?","M","?","M","R","E","?","T","M","M","R","$","M","R","B",null,"M","M","$","M","M","R","E","M","T","?","$","?","M","M","R","B"],"character_chosen":"THE_SILENT","items_purchased":["Caltrops","Anchor","Noxious Fumes","Well Laid Plans"],"campfire_rested":2,"item_purchase_floors":[13,13,20,28],"current_hp_per_floor":[77,77,77,77,77,77,54,54,54,45,39,39,39,39,39,8,77,73,57,57,36,11,34,21,14,14,14,14,14,12,8,31,0],"gold":107,"neow_bonus":"TEN_PERCENT_HP_BONUS","is_prod":false,"is_daily":false,"chose_seed":false,"campfire_upgraded":3,"win_rate":0,"timestamp":1549398569,"path_taken":["M","?","?","?","M","R","E","?","T","?","M","R","?","M","R","BOSS","M","M","$","M","M","R","E","M","T","?","?","?","?","M","R","BOSS"],"build_version":"2019-01-23","purchased_purges":0,"victory":false,"max_hp_per_floor":[77,77,77,77,77,77,77,77,77,77,77,77,77,77,77,77,77,77,77,77,77,77,77,77,77,77,77,77,77,77,77,77,77],"card_choices":[{"not_picked":["Bouncing Flask","Finisher"],"picked":"Leg Sweep","floor":1},{"not_picked":["Catalyst","Flying Knee"],"picked":"Escape Plan","floor":3},{"not_picked":["Bane","Sucker Punch"],"picked":"Leg Sweep","floor":5},{"not_picked":["Sucker Punch","Catalyst"],"picked":"Dodge and Roll","floor":7},{"not_picked":["Dagger Spray","Blade Dance"],"picked":"Endless Agony","floor":10},{"not_picked":["Deflect","Acrobatics"],"picked":"Cloak And Dagger","floor":11},{"not_picked":["Leg Sweep","PiercingWail"],"picked":"Skewer","floor":14},{"not_picked":["Glass Knife","Storm of Steel"],"picked":"Malaise","floor":16},{"not_picked":["Dagger Spray","Prepared"],"picked":"Sucker Punch+1","floor":18},{"not_picked":["Underhanded Strike","Acrobatics"],"picked":"All Out Attack","floor":19},{"not_picked":["Quick Slash","Flying Knee"],"picked":"PiercingWail","floor":21},{"not_picked":["Unload","Prepared+1"],"picked":"Cloak And Dagger","floor":22},{"not_picked":["Sucker Punch","PiercingWail"],"picked":"Backstab+1","floor":24},{"not_picked":["Slice","Dodge and Roll"],"picked":"Dagger Spray+1","floor":25},{"not_picked":["Tactician","Catalyst+1"],"picked":"PiercingWail","floor":30},{"not_picked":["Deflect","Heel Hook"],"picked":"A Thousand Cuts","floor":31}],"player_experience":247021,"relics_obtained":[{"floor":7,"key":"Centennial Puzzle"},{"floor":24,"key":"Ornamental Fan"},{"floor":26,"key":"Mercury Hourglass"}],"event_choices":[{"damage_healed":0,"gold_gain":0,"player_choice":"Got Potions","damage_taken":0,"max_hp_gain":0,"max_hp_loss":0,"event_name":"Lab","floor":2,"gold_loss":0},{"damage_healed":0,"gold_gain":0,"player_choice":"Grow","damage_taken":0,"max_hp_gain":0,"max_hp_loss":0,"event_name":"Living Wall","floor":4,"gold_loss":0,"cards_upgraded":["Leg Sweep"]},{"cards_removed":["Defend_G"],"damage_healed":0,"gold_gain":0,"player_choice":"Purged","damage_taken":0,"max_hp_gain":0,"max_hp_loss":0,"event_name":"Purifier","floor":8,"gold_loss":0},{"damage_healed":0,"gold_gain":0,"cards_transformed":["Strike_G"],"player_choice":"Transformed","damage_taken":0,"max_hp_gain":0,"max_hp_loss":0,"event_name":"Transmorgrifier","floor":27,"gold_loss":0,"cards_obtained":["Riddle With Holes"]},{"damage_healed":0,"gold_gain":0,"player_choice":"Ignored","damage_taken":0,"max_hp_gain":0,"max_hp_loss":0,"event_name":"Beggar","floor":29,"gold_loss":0}],"is_beta":true,"boss_relics":[{"not_picked":["Calling Bell","Black Star"],"picked":"Lizard Tail"}],"items_purged_floors":[],"is_endless":false,"potions_floor_spawned":[1,5,7,11,19,24,25,30,31],"killed_by":"Automaton","ascension_level":4}