{"gold_per_floor":[114,193,206,206,220,252,252,287,287,298,308,326,350,381,381,381],"floor_reached":16,"playtime":754,"items_purged":[],"score":220,"play_id":"cea80ba0-ff38-4dc9-b4d4-c2bad80f57fd","local_time":"20181115094226","is_ascension_mode":true,"campfire_choices":[{"floor":7,"key":"REST"},{"floor":15,"key":"REST"}],"neow_cost":"NONE","seed_source_timestamp":1452560121525462,"circlet_count":0,"master_deck":["AscendersBane","Strike_B","Strike_B","Strike_B","Defend_B","Defend_B","Defend_B","Zap","Dualcast","Streamline","Go for the Eyes","Stack","Conserve Battery","Ball Lightning","Reinforced Body","Sweeping Beam","Hologram"],"relics":["Cracked Core","Smiling Mask","Shuriken","Blood Vial","Omamori","Boot"],"potions_floor_usage":[14],"damage_taken":[{"damage":7,"enemies":"Jaw Worm","floor":1,"turns":3},{"damage":1,"enemies":"2 Louse","floor":3,"turns":2},{"damage":4,"enemies":"Cultist","floor":5,"turns":3},{"damage":25,"enemies":"3 Sentries","floor":6,"turns":9},{"damage":32,"enemies":"Gremlin Nob","floor":8,"turns":5},{"damage":3,"enemies":"Exordium Thugs","floor":10,"turns":4},{"damage":2,"enemies":"Blue Slaver","floor":11,"turns":3},{"damage":0,"enemies":"2 Fungi Beasts","floor":12,"turns":3},{"damage":1,"enemies":"3 Sentries","floor":14,"turns":7},{"damage":41,"enemies":"The Guardian","floor":16,"turns":10}],"seed_played":"7720458959325261791","potions_obtained":[{"floor":1,"key":"SpeedPotion"},{"floor":5,"key":"SkillPotion"}],"is_trial":false,"path_per_floor":["M","?","M","?","M","E","R","E","T","M","M","M","T","E","R","B"],"character_chosen":"DEFECT","items_purchased":[],"campfire_rested":2,"item_purchase_floors":[],"current_hp_per_floor":[57,57,56,56,52,27,48,16,16,15,15,17,17,18,39,0],"gold":381,"neow_bonus":"REMOVE_CARD","is_prod":false,"is_daily":false,"chose_seed":false,"campfire_upgraded":0,"win_rate":0,"timestamp":1542303746,"path_taken":["M","?","M","?","M","E","R","E","T","M","?","M","?","E","R","BOSS"],"build_version":"2018-11-08","purchased_purges":0,"victory":false,"max_hp_per_floor":[71,71,71,71,71,71,71,71,71,71,71,71,71,71,71,71],"card_choices":[{"not_picked":["Skim","Darkness"],"picked":"Streamline","floor":1},{"not_picked":["Genetic Algorithm","Rebound"],"picked":"Go for the Eyes","floor":3},{"not_picked":["Storm","Turbo"],"picked":"Conserve Battery","floor":5},{"not_picked":["Hologram","Conserve Battery"],"picked":"Ball Lightning","floor":6},{"not_picked":["Aggregate","Stack"],"picked":"Reinforced Body","floor":8},{"not_picked":["Turbo","Stack"],"picked":"Sweeping Beam","floor":10},{"not_picked":["Melter","Skim"],"picked":"Hologram","floor":11},{"not_picked":["Reboot","Go for the Eyes","Leap"],"picked":"SKIP","floor":12},{"not_picked":["Scrape","Reprogram","Leap"],"picked":"SKIP","floor":14}],"player_experience":1293303,"relics_obtained":[{"floor":6,"key":"Smiling Mask"},{"floor":8,"key":"Shuriken"},{"floor":9,"key":"Blood Vial"},{"floor":13,"key":"Omamori"},{"floor":14,"key":"Boot"}],"event_choices":[{"damage_healed":0,"gold_gain":79,"player_choice":"Gained Gold","damage_taken":0,"max_hp_gain":0,"max_hp_loss":0,"event_name":"Golden Wing","floor":2,"gold_loss":0},{"damage_healed":0,"gold_gain":0,"cards_transformed":["Strike_B"],"player_choice":"Transformed","damage_taken":0,"max_hp_gain":0,"max_hp_loss":0,"event_name":"Transmorgrifier","floor":4,"gold_loss":0,"cards_obtained":["Stack"]}],"is_beta":false,"boss_relics":[],"items_purged_floors":[],"is_endless":false,"potions_floor_spawned":[1,5,6,12],"killed_by":"The Guardian","ascension_level":16}