{"gold_per_floor":[109,109,109,122,44,44,72,72,95,105,116,136,156,168,168,267,267,277,288,288],"floor_reached":20,"playtime":463,"items_purged":[],"score":203,"play_id":"078f0e87-2479-4079-814f-2715d496d71c","local_time":"20181030214109","is_ascension_mode":false,"campfire_choices":[{"data":"Immolate","floor":6,"key":"SMITH"},{"data":"Demon Form","floor":8,"key":"SMITH"},{"data":"Bash","floor":15,"key":"SMITH"}],"neow_cost":"NONE","seed_source_timestamp":539590923215106,"circlet_count":0,"master_deck":["Strike_R","Strike_R","Strike_R","Strike_R","Strike_R","Defend_R","Defend_R","Defend_R","Defend_R","Bash+1","Metallicize","Regret","Wild Strike","Immolate+1","Demon Form+1","Power Through","Power Through","Barricade"],"relics":["Burning Blood","NeowsBlessing","Mummified Hand","Bottled Tornado","Strawberry","Coffee Dripper"],"potions_floor_usage":[16,18],"damage_taken":[{"damage":0,"enemies":"Cultist","floor":1,"turns":1},{"damage":0,"enemies":"Jaw Worm","floor":4,"turns":1},{"damage":0,"enemies":"Lagavulin","floor":7,"turns":1},{"damage":8,"enemies":"2 Louse","floor":10,"turns":2},{"damage":14,"enemies":"Lots of Slimes","floor":11,"turns":3},{"damage":2,"enemies":"Exordium Thugs","floor":12,"turns":2},{"damage":2,"enemies":"Looter","floor":13,"turns":3},{"damage":2,"enemies":"Exordium Wildlife","floor":14,"turns":2},{"damage":25,"enemies":"The Guardian","floor":16,"turns":8},{"damage":35,"enemies":"3 Byrds","floor":18,"turns":6},{"damage":21,"enemies":"Spheric Guardian","floor":19,"turns":4},{"damage":0,"enemies":"Centurion and Healer","floor":20,"turns":1}],"seed_played":"-698662039529617119","potions_obtained":[{"floor":1,"key":"Dexterity Potion"},{"floor":7,"key":"SkillPotion"},{"floor":14,"key":"SpeedPotion"},{"floor":16,"key":"Block Potion"}],"is_trial":false,"path_per_floor":["M","$","?","M","$","R","E","R","T","M","M","M","M","M","R","B",null,"M","M"],"character_chosen":"IRONCLAD","items_purchased":["Immolate"],"campfire_rested":0,"item_purchase_floors":[5],"current_hp_per_floor":[80,80,80,80,80,80,80,80,87,85,77,81,85,87,87,68,87,58,43,43],"gold":288,"neow_bonus":"THREE_ENEMY_KILL","is_prod":false,"is_daily":false,"chose_seed":false,"campfire_upgraded":3,"win_rate":0,"timestamp":1540960869,"path_taken":["M","$","?","?","$","R","E","R","T","M","M","M","M","M","R","BOSS","M","?","?"],"build_version":"2018-10-29v2","purchased_purges":0,"victory":false,"max_hp_per_floor":[80,80,80,80,80,80,80,80,87,87,87,87,87,87,87,87,87,87,87,87],"card_choices":[{"not_picked":["Pummel","Warcry"],"picked":"Metallicize","floor":1},{"not_picked":["Havoc","Iron Wave"],"picked":"Wild Strike","floor":4},{"not_picked":["Cleave","Pummel"],"picked":"Demon Form","floor":7},{"not_picked":["Rampage","Sentinel","Armaments"],"picked":"SKIP","floor":10},{"not_picked":["Flex","Rupture","Pommel Strike"],"picked":"SKIP","floor":11},{"not_picked":["Perfected Strike","Body Slam","Armaments"],"picked":"SKIP","floor":12},{"not_picked":["Perfected Strike","Whirlwind"],"picked":"Power Through","floor":13},{"not_picked":["Clash","Perfected Strike"],"picked":"Power Through","floor":14},{"not_picked":["Bludgeon","Fiend Fire"],"picked":"Barricade","floor":16},{"not_picked":["Clothesline","Infernal Blade+1","Sword Boomerang+1"],"picked":"SKIP","floor":18},{"not_picked":["Heavy Blade","Clothesline","Rage"],"picked":"SKIP","floor":19}],"player_experience":899259,"relics_obtained":[{"floor":7,"key":"Bottled Tornado"},{"floor":9,"key":"Strawberry"}],"event_choices":[{"damage_healed":0,"gold_gain":0,"player_choice":"Box","damage_taken":0,"relics_obtained":["Mummified Hand"],"max_hp_gain":0,"max_hp_loss":0,"event_name":"Big Fish","floor":3,"gold_loss":0,"cards_obtained":["Regret"]}],"is_beta":true,"boss_relics":[{"not_picked":["Ectoplasm","Empty Cage"],"picked":"Coffee Dripper"}],"items_purged_floors":[],"is_endless":false,"potions_floor_spawned":[1,7,14,16],"killed_by":"Centurion and Healer","ascension_level":0}