{"gold_per_floor":[118,118,293,306,38,38,67,7,34,34,46,46,60,123,123,227,227,246,265,265,285,285,285],"floor_reached":23,"playtime":1020,"items_purged":["Strike_R"],"score":258,"play_id":"790fe741-2e1e-4ac7-9876-5edc01d606c7","local_time":"20190127092519","is_ascension_mode":true,"campfire_choices":[{"data":"True Grit","floor":6,"key":"SMITH"},{"data":"True Grit","floor":10,"key":"SMITH"},{"data":"Rampage","floor":15,"key":"SMITH"}],"neow_cost":"NONE","seed_source_timestamp":1435200922443546,"circlet_count":0,"master_deck":["Strike_R","Strike_R","Defend_R","Defend_R","Defend_R","Bash","True Grit+1","Doubt","Metallicize","True Grit+1","Rampage+1","Pommel Strike","Body Slam","Dark Embrace","Disarm","Searing Blow","Shrug It Off"],"relics":["Burning Blood","NeowsBlessing","The Courier","Champion Belt","Torii","Blood Vial","Tiny Chest","Runic Pyramid"],"potions_floor_usage":[4,13,18,19,21],"damage_taken":[{"damage":0,"enemies":"Jaw Worm","floor":1,"turns":1},{"damage":0,"enemies":"Small Slimes","floor":4,"turns":1},{"damage":0,"enemies":"Lagavulin","floor":7,"turns":2},{"damage":1,"enemies":"Cultist","floor":11,"turns":4},{"damage":0,"enemies":"Looter","floor":13,"turns":5},{"damage":33,"enemies":"Gremlin Nob","floor":14,"turns":6},{"damage":22,"enemies":"The Guardian","floor":16,"turns":12},{"damage":28,"enemies":"3 Byrds","floor":18,"turns":8},{"damage":49,"enemies":"2 Thieves","floor":19,"turns":5},{"damage":22,"enemies":"Centurion and Healer","floor":21,"turns":9},{"damage":23,"enemies":"Book of Stabbing","floor":23,"turns":5}],"seed_played":"-4461444360189860052","potions_obtained":[{"floor":4,"key":"Fruit Juice"},{"floor":7,"key":"Swift Potion"},{"floor":14,"key":"GamblersBrew"},{"floor":18,"key":"SteroidPotion"},{"floor":19,"key":"PowerPotion"}],"is_trial":false,"path_per_floor":["M","?","?","M","$","R","E","$","T","R","M","?","M","E","R","B",null,"M","M","?","M","?","E"],"character_chosen":"IRONCLAD","items_purchased":["Champion Belt","True Grit"],"campfire_rested":0,"item_purchase_floors":[5,5],"current_hp_per_floor":[80,73,73,84,84,84,85,85,85,85,85,85,85,58,58,44,85,63,22,22,8,8,0],"gold":285,"neow_bonus":"THREE_ENEMY_KILL","is_prod":false,"is_daily":false,"chose_seed":false,"campfire_upgraded":3,"win_rate":0,"timestamp":1548548719,"path_taken":["M","?","?","M","$","R","E","$","T","R","M","?","?","E","R","BOSS","M","M","?","M","?","E"],"build_version":"2019-01-23","purchased_purges":1,"victory":false,"max_hp_per_floor":[80,80,80,85,85,85,85,85,85,85,85,85,85,85,85,85,85,85,85,85,85,85,85],"card_choices":[{"not_picked":["Armaments","Intimidate"],"picked":"True Grit","floor":1},{"not_picked":["Bloodletting","Havoc"],"picked":"Metallicize","floor":4},{"not_picked":["Seeing Red","Cleave","Rampage"],"picked":"SKIP","floor":7},{"not_picked":["Shrug It Off","Sever Soul"],"picked":"Rampage","floor":11},{"not_picked":["Combust","Feel No Pain"],"picked":"Pommel Strike","floor":13},{"not_picked":["Twin Strike","Armaments"],"picked":"Body Slam","floor":14},{"not_picked":["Juggernaut","Feed"],"picked":"Dark Embrace","floor":16},{"not_picked":["Flex","Warcry","Anger"],"picked":"SKIP","floor":18},{"not_picked":["Feel No Pain","Body Slam","Clash"],"picked":"SKIP","floor":19},{"not_picked":["Flex","Headbutt+1"],"picked":"Shrug It Off","floor":21}],"player_experience":704115,"relics_obtained":[{"floor":7,"key":"Torii"},{"floor":9,"key":"Blood Vial"},{"floor":14,"key":"Tiny Chest"}],"event_choices":[{"damage_healed":0,"gold_gain":0,"player_choice":"Success","damage_taken":7,"relics_obtained":["The Courier"],"max_hp_gain":0,"max_hp_loss":0,"event_name":"Scrap Ooze","floor":2,"gold_loss":0},{"damage_healed":0,"gold_gain":175,"player_choice":"AGREE","damage_taken":0,"max_hp_gain":0,"max_hp_loss":0,"event_name":"Liars Game","floor":3,"gold_loss":0,"cards_obtained":["Doubt"]},{"cards_removed":["Defend_R"],"damage_healed":0,"gold_gain":0,"player_choice":"Purged","damage_taken":0,"max_hp_gain":0,"max_hp_loss":0,"event_name":"Purifier","floor":12,"gold_loss":0},{"damage_healed":0,"gold_gain":0,"cards_transformed":["Strike_R","Strike_R"],"player_choice":"Became Test Subject","damage_taken":0,"max_hp_gain":0,"max_hp_loss":0,"event_name":"Drug Dealer","floor":20,"gold_loss":0,"cards_obtained":["Disarm","Searing Blow"]},{"damage_healed":0,"gold_gain":0,"player_choice":"Ignored","damage_taken":0,"max_hp_gain":0,"max_hp_loss":0,"event_name":"Vampires","floor":22,"gold_loss":0}],"is_beta":false,"boss_relics":[{"not_picked":["Fusion Hammer","Ectoplasm"],"picked":"Runic Pyramid"}],"items_purged_floors":[8],"is_endless":false,"potions_floor_spawned":[4,7,14,18,19],"killed_by":"Book of Stabbing","ascension_level":3}