{"gold_per_floor":[115,129,79,95,270,297,29,60,60,60,71,103,103,113,113,113],"floor_reached":16,"playtime":777,"items_purged":["Doubt"],"score":144,"play_id":"09e0bb00-e411-45cf-aaba-3e72c4092565","local_time":"20190206124013","is_ascension_mode":true,"campfire_choices":[{"floor":10,"key":"REST"},{"floor":13,"key":"REST"},{"data":"Bash","floor":15,"key":"SMITH"}],"neow_cost":"NONE","seed_source_timestamp":2238857838276339,"circlet_count":0,"master_deck":["Strike_R","Strike_R","Strike_R","Strike_R","Strike_R","Defend_R","Defend_R","Defend_R","Bash+1","Clothesline","Rampage","Cleave","Shrug It Off","Heavy Blade"],"relics":["Burning Blood","Bag of Preparation","Regal Pillow","Matryoshka","Ancient Tea Set","Centennial Puzzle","Ginger"],"potions_floor_usage":[8,8,16],"damage_taken":[{"damage":0,"enemies":"Small Slimes","floor":1,"turns":3},{"damage":9,"enemies":"Jaw Worm","floor":2,"turns":4},{"damage":15,"enemies":"2 Louse","floor":4,"turns":2},{"damage":48,"enemies":"Gremlin Nob","floor":6,"turns":6},{"damage":30,"enemies":"Lagavulin","floor":8,"turns":4},{"damage":14,"enemies":"Exordium Thugs","floor":11,"turns":4},{"damage":39,"enemies":"3 Sentries","floor":12,"turns":9},{"damage":14,"enemies":"Looter","floor":14,"turns":3},{"damage":44,"enemies":"The Guardian","floor":16,"turns":10}],"seed_played":"-4654166373106204593","potions_obtained":[{"floor":4,"key":"PowerPotion"},{"floor":6,"key":"Energy Potion"},{"floor":11,"key":"AttackPotion"}],"is_trial":false,"path_per_floor":["M","M","?","M","?","E","$","E","T","R","M","E","R","M","R","B"],"character_chosen":"IRONCLAD","items_purchased":["Rampage","Regal Pillow"],"campfire_rested":2,"item_purchase_floors":[7,7],"current_hp_per_floor":[88,85,85,76,76,34,34,10,10,51,43,10,51,43,43,0],"gold":113,"neow_bonus":"TEN_PERCENT_HP_BONUS","is_prod":false,"is_daily":false,"chose_seed":false,"campfire_upgraded":1,"win_rate":0,"timestamp":1549417213,"path_taken":["M","M","?","M","?","E","?","E","T","R","M","E","R","M","R","BOSS"],"build_version":"2019-01-23","purchased_purges":1,"victory":false,"max_hp_per_floor":[88,88,88,88,88,88,88,88,88,88,88,88,88,88,88,88],"card_choices":[{"not_picked":["Flex","Wild Strike","Sword Boomerang"],"picked":"SKIP","floor":1},{"not_picked":["Intimidate","Evolve"],"picked":"Clothesline","floor":2},{"not_picked":["Iron Wave","Infernal Blade","Heavy Blade"],"picked":"SKIP","floor":4},{"not_picked":["Entrench","Metallicize","Iron Wave"],"picked":"SKIP","floor":6},{"not_picked":["Thunderclap","Brutality"],"picked":"Cleave","floor":8},{"not_picked":["Cleave","Iron Wave"],"picked":"Shrug It Off","floor":11},{"not_picked":["Power Through","Havoc","Iron Wave"],"picked":"SKIP","floor":12},{"not_picked":["Second Wind","Clothesline"],"picked":"Heavy Blade","floor":14}],"player_experience":274292,"relics_obtained":[{"floor":6,"key":"Bag of Preparation"},{"floor":8,"key":"Matryoshka"},{"floor":9,"key":"Ancient Tea Set"},{"floor":9,"key":"Centennial Puzzle"},{"floor":12,"key":"Ginger"}],"event_choices":[{"cards_removed":["Defend_R"],"damage_healed":0,"gold_gain":0,"player_choice":"Card Removal","damage_taken":0,"max_hp_gain":0,"max_hp_loss":0,"event_name":"The Cleric","floor":3,"gold_loss":50},{"damage_healed":0,"gold_gain":175,"player_choice":"AGREE","damage_taken":0,"max_hp_gain":0,"max_hp_loss":0,"event_name":"Liars Game","floor":5,"gold_loss":0,"cards_obtained":["Doubt"]}],"is_beta":false,"boss_relics":[],"items_purged_floors":[7],"is_endless":false,"potions_floor_spawned":[4,6,11],"killed_by":"The Guardian","ascension_level":4}