{"gold_per_floor":[115,126,126,143,318,318,344,344,344,20,20,20,20,30,30,30],"floor_reached":16,"playtime":582,"items_purged":[],"score":157,"play_id":"6217f117-55e5-458b-a82b-bc15eb923aa0","local_time":"20190127201307","is_ascension_mode":true,"campfire_choices":[{"data":"Bash","floor":6,"key":"SMITH"},{"floor":8,"key":"REST"},{"data":"Apotheosis","floor":12,"key":"SMITH"},{"data":"Brutality","floor":15,"key":"SMITH"}],"neow_cost":"NONE","seed_source_timestamp":1217768952426930,"circlet_count":0,"master_deck":["AscendersBane","Strike_R","Strike_R","Strike_R","Strike_R","Defend_R","Defend_R","Defend_R","Defend_R","Bash+1","Impatience","Thunderclap","Feel No Pain","Brutality+1","Pommel Strike","Doubt","Ghostly Armor","Apotheosis+1","Warcry"],"relics":["Burning Blood","Ginger","Calipers","Anchor"],"potions_floor_usage":[16],"damage_taken":[{"damage":6,"enemies":"Cultist","floor":1,"turns":3},{"damage":6,"enemies":"2 Louse","floor":2,"turns":2},{"damage":6,"enemies":"Jaw Worm","floor":4,"turns":4},{"damage":68,"enemies":"Gremlin Nob","floor":7,"turns":6},{"damage":3,"enemies":"Blue Slaver","floor":14,"turns":2},{"damage":63,"enemies":"The Guardian","floor":16,"turns":13}],"seed_played":"-6104251562195165239","potions_obtained":[{"floor":7,"key":"Ancient Potion"},{"floor":14,"key":"Poison Potion"}],"is_trial":false,"path_per_floor":["M","M","?","M","?","R","E","R","T","$","?","R","$","M","R","B"],"character_chosen":"IRONCLAD","items_purchased":["Apotheosis","Anchor"],"campfire_rested":1,"item_purchase_floors":[10,10],"current_hp_per_floor":[72,72,72,72,72,72,10,34,34,34,60,60,60,63,63,0],"gold":30,"neow_bonus":"RANDOM_COLORLESS","is_prod":false,"is_daily":false,"chose_seed":false,"campfire_upgraded":3,"win_rate":0,"timestamp":1548641587,"path_taken":["M","M","?","M","?","R","E","R","T","$","?","R","?","M","R","BOSS"],"build_version":"2019-01-23","purchased_purges":0,"victory":false,"max_hp_per_floor":[80,80,80,80,80,80,80,80,80,80,80,80,80,80,80,80],"card_choices":[{"not_picked":["Headbutt","Seeing Red"],"picked":"Thunderclap","floor":1},{"not_picked":["Searing Blow","Havoc"],"picked":"Feel No Pain","floor":2},{"not_picked":["Flex","Heavy Blade"],"picked":"Pommel Strike","floor":4},{"not_picked":["Havoc","Wild Strike"],"picked":"Ghostly Armor","floor":7},{"not_picked":["Inflame","Heavy Blade"],"picked":"Warcry","floor":14}],"player_experience":488360,"relics_obtained":[{"floor":7,"key":"Ginger"},{"floor":9,"key":"Calipers"}],"event_choices":[{"damage_healed":0,"gold_gain":0,"cards_transformed":["Strike_R"],"player_choice":"Change","damage_taken":0,"max_hp_gain":0,"max_hp_loss":0,"event_name":"Living Wall","floor":3,"gold_loss":0,"cards_obtained":["Brutality"]},{"damage_healed":0,"gold_gain":175,"player_choice":"AGREE","damage_taken":0,"max_hp_gain":0,"max_hp_loss":0,"event_name":"Liars Game","floor":5,"gold_loss":0,"cards_obtained":["Doubt"]},{"damage_healed":26,"gold_gain":0,"player_choice":"Banana","damage_taken":0,"max_hp_gain":0,"max_hp_loss":0,"event_name":"Big Fish","floor":11,"gold_loss":0}],"is_beta":false,"boss_relics":[],"items_purged_floors":[],"is_endless":false,"potions_floor_spawned":[7,14],"killed_by":"The Guardian","ascension_level":12}