{"gold_per_floor":[118,118,129,147,161,161,161,179,179,198,209,225,80,98,98,175,175,193,210,210],"floor_reached":20,"playtime":1680,"items_purged":["Strike_R"],"score":309,"play_id":"d5a8f14d-1447-42ae-8989-bf08cb5fa282","local_time":"20181011163833","is_ascension_mode":true,"campfire_choices":[{"data":"Searing Blow","floor":6.0,"key":"SMITH"},{"data":"Searing Blow+1","floor":15.0,"key":"SMITH"}],"neow_cost":"NONE","seed_source_timestamp":0,"circlet_count":0,"master_deck":["Strike_R","Strike_R","Strike_R","Strike_R","Defend_R","Defend_R","Defend_R","Defend_R","Bash","AscendersBane","Pummel","Searing Blow+2","Shrug It Off","Headbutt","Seeing Red","Battle Trance","Immolate","Armaments"],"special_seed":0,"relics":["Burning Blood","Anchor","FaceOfCleric","Potion Belt","Paper Frog","White Beast Statue"],"potions_floor_usage":[18,18,20],"damage_taken":[{"damage":4.0,"enemies":"Jaw Worm","floor":1.0,"turns":4.0},{"damage":6.0,"enemies":"Cultist","floor":3.0,"turns":3.0},{"damage":0.0,"enemies":"2 Louse","floor":4.0,"turns":3.0},{"damage":10.0,"enemies":"Exordium Wildlife","floor":5.0,"turns":4.0},{"damage":2.0,"enemies":"Large Slime","floor":8.0,"turns":8.0},{"damage":3.0,"enemies":"Blue Slaver","floor":10.0,"turns":3.0},{"damage":0.0,"enemies":"3 Louse","floor":11.0,"turns":3.0},{"damage":1.0,"enemies":"Large Slime","floor":12.0,"turns":5.0},{"damage":5.0,"enemies":"Gremlin Gang","floor":14.0,"turns":6.0},{"damage":88.0,"enemies":"The Guardian","floor":16.0,"turns":16.0},{"damage":37,"enemies":"Shell Parasite","floor":18,"turns":7},{"damage":26,"enemies":"Chosen","floor":19,"turns":5},{"damage":52,"enemies":"Shelled Parasite and Fungi","floor":20,"turns":5}],"seed_played":"-7911449191849857204","potions_obtained":[{"floor":3.0,"key":"Poison Potion"},{"floor":8.0,"key":"BloodPotion"},{"floor":10.0,"key":"SpeedPotion"},{"floor":12.0,"key":"SpeedPotion"},{"floor":14.0,"key":"Fruit Juice"},{"floor":18,"key":"Ancient Potion"},{"floor":19,"key":"BloodPotion"}],"is_trial":false,"path_per_floor":["M","?","M","M","M","R","T","M","T","M","M","M","$","M","R","B",null,"M","M"],"character_chosen":"IRONCLAD","items_purchased":["Battle Trance"],"campfire_rested":0,"item_purchase_floors":[13],"current_hp_per_floor":[74,74,75,82,79,79,79,84,84,85,86,87,87,93,93,12,74,53,34,0],"gold":210,"neow_bonus":"RANDOM_COMMON_RELIC","is_prod":false,"is_daily":false,"chose_seed":false,"campfire_upgraded":2,"win_rate":0,"timestamp":1539301113,"path_taken":["M","?","M","M","?","R","?","M","T","M","M","M","$","M","R","BOSS","M","M","M"],"build_version":"2018-10-04v2","purchased_purges":1,"victory":false,"max_hp_per_floor":[80,80,81,82,83,83,83,84,84,85,86,87,87,93,93,94,94,95,96,96],"card_choices":[{"not_picked":["Cleave","Blood for Blood"],"picked":"Pummel","floor":1.0},{"not_picked":["Warcry","Reckless Charge","Heavy Blade"],"picked":"SKIP","floor":3.0},{"not_picked":["Bloodletting","Twin Strike"],"picked":"Searing Blow","floor":4.0},{"not_picked":["Iron Wave","Clash"],"picked":"Shrug It Off","floor":5.0},{"not_picked":["Thunderclap","Cleave"],"picked":"Headbutt","floor":8.0},{"not_picked":["Havoc","Carnage"],"picked":"Seeing Red","floor":10.0},{"not_picked":["Evolve","Feel No Pain","Sever Soul"],"picked":"SKIP","floor":11.0},{"not_picked":["Blood for Blood","Havoc","Heavy Blade"],"picked":"SKIP","floor":12.0},{"not_picked":["Rage","Blood for Blood","Havoc"],"picked":"SKIP","floor":14.0},{"not_picked":["Impervious","Bludgeon"],"picked":"Immolate","floor":16.0},{"not_picked":["Sword Boomerang","Heavy Blade","Entrench"],"picked":"SKIP","floor":18},{"not_picked":["Warcry","Seeing Red"],"picked":"Armaments","floor":19}],"player_experience":1148285,"relics_obtained":[{"floor":7.0,"key":"Potion Belt"},{"floor":9.0,"key":"Paper Frog"}],"event_choices":[{"event_name":"FaceTrader","player_choice":"Trade","floor":2.0,"damage_taken":0.0}],"is_beta":false,"boss_relics":[{"not_picked":["Runic Cube","Coffee Dripper"],"picked":"White Beast Statue"}],"items_purged_floors":[13],"is_endless":false,"potions_floor_spawned":[3,8,10,12,14,18,19],"killed_by":"Shelled Parasite and Fungi","ascension_level":13}