{"gold_per_floor":[114,129,129,142,57,90,90,90,117,117,98,108,159,176,176,276,276,292,292,48,48],"floor_reached":21,"playtime":990,"items_purged":[],"score":276,"play_id":"a6d8c1d2-f0fc-4eb5-8233-712c41befe8c","local_time":"20190206220611","is_ascension_mode":true,"campfire_choices":[{"floor":7,"key":"REST"},{"floor":10,"key":"REST"},{"floor":15,"key":"REST"}],"neow_cost":"NONE","seed_source_timestamp":16260030979392,"circlet_count":0,"master_deck":["Strike_R","Strike_R","Strike_R","Strike_R","Strike_R","Defend_R","Defend_R","Defend_R","Defend_R","Bash","Flame Barrier","Clothesline","Cleave","Finesse","Perfected Strike","Rage","Headbutt","Offering","Thunderclap"],"relics":["Burning Blood","Dead Branch","Nunchaku","FaceOfCleric","Omamori","Black Star","MutagenicStrength","Bottled Lightning"],"potions_floor_usage":[6,6,12,16],"damage_taken":[{"damage":6,"enemies":"Cultist","floor":1,"turns":4},{"damage":7,"enemies":"Small Slimes","floor":2,"turns":5},{"damage":4,"enemies":"2 Louse","floor":4,"turns":3},{"damage":44,"enemies":"Lagavulin","floor":6,"turns":8},{"damage":27,"enemies":"Exordium Thugs","floor":11,"turns":4},{"damage":9,"enemies":"Large Slime","floor":12,"turns":6},{"damage":5,"enemies":"2 Fungi Beasts","floor":14,"turns":3},{"damage":72,"enemies":"Slime Boss","floor":16,"turns":14},{"damage":33,"enemies":"3 Byrds","floor":18,"turns":7},{"damage":58,"enemies":"Colosseum Slavers","floor":21,"turns":4}],"seed_played":"-307777308398575190","potions_obtained":[{"floor":1,"key":"Fire Potion"},{"floor":2,"key":"Fruit Juice"},{"floor":11,"key":"Strength Potion"},{"floor":14,"key":"SkillPotion"}],"is_trial":false,"path_per_floor":["M","M","T","M","$","E","R","?","T","R","M","M","?","M","R","B",null,"M","?","$","?"],"character_chosen":"IRONCLAD","items_purchased":["Finesse","Bottled Lightning"],"campfire_rested":3,"item_purchase_floors":[5,20],"current_hp_per_floor":[80,79,79,81,81,48,75,75,75,93,73,71,71,73,96,31,81,55,55,55,0],"gold":48,"neow_bonus":"TEN_PERCENT_HP_BONUS","is_prod":false,"is_daily":false,"chose_seed":false,"campfire_upgraded":0,"win_rate":0,"timestamp":1549461971,"path_taken":["M","?","?","M","$","E","R","?","T","R","?","M","?","M","R","BOSS","M","?","$","?"],"build_version":"2019-01-23","purchased_purges":0,"victory":false,"max_hp_per_floor":[88,88,88,88,88,93,93,93,93,93,94,95,95,96,96,97,97,98,98,98,98],"card_choices":[{"not_picked":["Feel No Pain","Heavy Blade"],"picked":"Flame Barrier","floor":1},{"not_picked":["Second Wind","True Grit"],"picked":"Clothesline","floor":2},{"not_picked":["Shrug It Off","True Grit"],"picked":"Cleave","floor":4},{"not_picked":["Twin Strike","Corruption"],"picked":"Perfected Strike","floor":6},{"not_picked":["Hemokinesis","Sword Boomerang"],"picked":"Rage","floor":11},{"not_picked":["Blood for Blood","Twin Strike"],"picked":"Headbutt","floor":12},{"not_picked":["Sentinel","Juggernaut","Body Slam"],"picked":"SKIP","floor":14},{"not_picked":["Barricade","Dark Embrace"],"picked":"Offering","floor":16},{"not_picked":["Anger","Clothesline+1"],"picked":"Thunderclap","floor":18}],"player_experience":91178,"relics_obtained":[{"floor":3,"key":"Dead Branch"},{"floor":6,"key":"Nunchaku"},{"floor":9,"key":"Omamori"}],"event_choices":[{"damage_healed":0,"gold_gain":0,"player_choice":"Trade","damage_taken":0,"relics_obtained":["FaceOfCleric"],"max_hp_gain":0,"max_hp_loss":0,"event_name":"FaceTrader","floor":8,"gold_loss":0},{"damage_healed":0,"gold_gain":51,"player_choice":"Gained Gold","damage_taken":0,"max_hp_gain":0,"max_hp_loss":0,"event_name":"Golden Wing","floor":13,"gold_loss":0},{"damage_healed":0,"gold_gain":0,"player_choice":"Inject Mutagens","damage_taken":0,"relics_obtained":["MutagenicStrength"],"max_hp_gain":0,"max_hp_loss":0,"event_name":"Drug Dealer","floor":19,"gold_loss":0},{"damage_healed":0,"gold_gain":0,"player_choice":"Fight","damage_taken":0,"max_hp_gain":0,"max_hp_loss":0,"event_name":"Colosseum","floor":21,"gold_loss":0}],"is_beta":false,"boss_relics":[{"not_picked":["Mark of Pain","Lizard Tail"],"picked":"Black Star"}],"items_purged_floors":[],"is_endless":false,"potions_floor_spawned":[1,2,11,14],"killed_by":"Colosseum Slavers","ascension_level":8}