{"gold_per_floor":[211,225,190,110,120,120,148,148,148,148,166,166,189,225,225,225],"floor_reached":16,"playtime":884,"items_purged":[],"score":165,"play_id":"e1e10bf5-edf6-4867-b299-3a8def2c81e2","local_time":"20190114012314","is_ascension_mode":true,"campfire_choices":[{"data":"Corruption","floor":6,"key":"SMITH"},{"data":"Combust","floor":10,"key":"SMITH"},{"floor":15,"key":"REST"}],"neow_cost":"NONE","seed_source_timestamp":2265681987594629,"circlet_count":0,"master_deck":["AscendersBane","Strike_R","Strike_R+1","Strike_R+1","Strike_R","Strike_R","Defend_R","Defend_R","Defend_R","Defend_R","Bash","Sword Boomerang","Combust+1","Corruption+1","Ghostly Armor","Thunderclap","Shrug It Off","Uppercut","Pummel"],"relics":["Burning Blood","Bird Faced Urn","Girya","Golden Idol","Boot"],"potions_floor_usage":[7,13,16],"damage_taken":[{"damage":7,"enemies":"2 Louse","floor":1,"turns":4},{"damage":14,"enemies":"Jaw Worm","floor":2,"turns":4},{"damage":5,"enemies":"Small Slimes","floor":5,"turns":4},{"damage":29,"enemies":"Gremlin Nob","floor":7,"turns":4},{"damage":20,"enemies":"3 Louse","floor":11,"turns":3},{"damage":10,"enemies":"Large Slime","floor":13,"turns":4},{"damage":22,"enemies":"Lagavulin","floor":14,"turns":5},{"damage":46,"enemies":"Hexaghost","floor":16,"turns":8}],"seed_played":"-5094024094172404987","potions_obtained":[{"floor":5,"key":"AttackPotion"},{"floor":11,"key":"Fire Potion"},{"floor":14,"key":"Fire Potion"}],"is_trial":false,"path_per_floor":["M","M","?","$","M","R","E","?","T","R","M","?","M","E","R","B"],"character_chosen":"IRONCLAD","items_purchased":["Corruption"],"campfire_rested":1,"item_purchase_floors":[4],"current_hp_per_floor":[71,63,80,80,80,80,57,41,41,41,31,31,31,19,41,0],"gold":225,"neow_bonus":"HUNDRED_GOLD","is_prod":false,"is_daily":false,"chose_seed":false,"campfire_upgraded":2,"win_rate":0,"timestamp":1547446994,"path_taken":["M","M","?","$","M","R","E","?","T","R","M","?","M","E","R","BOSS"],"build_version":"2019-01-10","purchased_purges":0,"victory":false,"max_hp_per_floor":[80,80,80,80,80,80,80,80,80,80,80,74,74,74,74,74],"card_choices":[{"not_picked":["Armaments","Clash"],"picked":"Sword Boomerang","floor":1},{"not_picked":["Fire Breathing","Havoc"],"picked":"Combust","floor":2},{"not_picked":["Wild Strike","Headbutt"],"picked":"Ghostly Armor","floor":5},{"not_picked":["Clothesline","Rage"],"picked":"Thunderclap","floor":7},{"not_picked":["Havoc","Blood for Blood"],"picked":"Shrug It Off","floor":11},{"not_picked":["Entrench","Warcry"],"picked":"Uppercut","floor":13},{"not_picked":["Offering","Heavy Blade"],"picked":"Pummel","floor":14}],"player_experience":467035,"relics_obtained":[{"floor":7,"key":"Bird Faced Urn"},{"floor":9,"key":"Girya"},{"floor":14,"key":"Boot"}],"event_choices":[{"damage_healed":20,"gold_gain":0,"player_choice":"Healed","damage_taken":0,"max_hp_gain":0,"max_hp_loss":0,"event_name":"The Cleric","floor":3,"gold_loss":35},{"damage_healed":0,"gold_gain":0,"player_choice":"Entered Light","damage_taken":16,"max_hp_gain":0,"max_hp_loss":0,"event_name":"Shining Light","floor":8,"gold_loss":0,"cards_upgraded":["Strike_R","Strike_R"]},{"damage_healed":0,"gold_gain":0,"player_choice":"Lose Max HP","damage_taken":0,"relics_obtained":["Golden Idol"],"max_hp_gain":0,"max_hp_loss":6,"event_name":"Golden Idol","floor":12,"gold_loss":0}],"is_beta":false,"boss_relics":[],"items_purged_floors":[],"is_endless":false,"potions_floor_spawned":[5,11,14],"killed_by":"Hexaghost","ascension_level":10}