{"gold_per_floor":[362,114,127,142,142,172,186,186,186,201,201,28,28,28,28,28],"floor_reached":16,"playtime":425,"items_purged":[],"score":200,"play_id":"319e3b3f-dd92-48d1-848a-5601134b749d","local_time":"20181212104609","is_ascension_mode":true,"campfire_choices":[{"floor":8,"key":"REST"},{"floor":11,"key":"REST"},{"floor":15,"key":"REST"}],"neow_cost":"TEN_PERCENT_HP_LOSS","seed_source_timestamp":140342557199020,"circlet_count":0,"master_deck":["AscendersBane","Strike_R","Strike_R","Strike_R","Strike_R","Strike_R","Defend_R","Defend_R","Defend_R","Bash","Havoc+1","Armaments+1","Flash of Steel","Footwork","Sentinel","Sweeping Beam","Flying Knee","Mind Blast","Double Tap"],"relics":["Burning Blood","PrismaticShard","War Paint","Blood Vial","Juzu Bracelet","Self Forming Clay"],"potions_floor_usage":[6,16],"damage_taken":[{"damage":2,"enemies":"Cultist","floor":1,"turns":4},{"damage":14,"enemies":"Jaw Worm","floor":3,"turns":4},{"damage":3,"enemies":"Small Slimes","floor":4,"turns":3},{"damage":36,"enemies":"Gremlin Nob","floor":6,"turns":4},{"damage":21,"enemies":"Exordium Thugs","floor":7,"turns":5},{"damage":16,"enemies":"Lots of Slimes","floor":10,"turns":4},{"damage":43,"enemies":"Slime Boss","floor":16,"turns":7}],"seed_played":"4810512055490564430","potions_obtained":[{"floor":3,"key":"SteroidPotion"},{"floor":4,"key":"LiquidBronze"}],"is_trial":false,"path_per_floor":["M","$","M","M","?","E","M","R","T","M","R","$","?","?","R","B"],"character_chosen":"IRONCLAD","items_purchased":["Armaments","PrismaticShard","Juzu Bracelet"],"campfire_rested":3,"item_purchase_floors":[2,2,12],"current_hp_per_floor":[68,68,60,63,63,33,18,38,38,30,50,50,15,15,35,0],"gold":28,"neow_bonus":"TWO_FIFTY_GOLD","is_prod":false,"is_daily":false,"chose_seed":false,"campfire_upgraded":0,"win_rate":0,"timestamp":1544636769,"path_taken":["M","$","?","?","?","E","M","R","T","M","R","$","?","?","R","BOSS"],"build_version":"2018-12-06","purchased_purges":0,"victory":false,"max_hp_per_floor":[68,68,68,68,68,68,68,68,68,68,68,68,68,68,68,68],"card_choices":[{"not_picked":["Perfected Strike","Heavy Blade"],"picked":"Havoc","floor":1},{"not_picked":["Chrysalis","Armaments"],"picked":"Flash of Steel","floor":3},{"not_picked":["Poisoned Stab","Swift Strike"],"picked":"Footwork","floor":4},{"not_picked":["Fire Breathing","Ball Lightning"],"picked":"Sweeping Beam","floor":6},{"not_picked":["Bane","Well Laid Plans"],"picked":"Flying Knee","floor":7},{"not_picked":["Calculated Gamble","Stack"],"picked":"Mind Blast","floor":10}],"player_experience":609271,"relics_obtained":[{"floor":6,"key":"War Paint"},{"floor":9,"key":"Blood Vial"}],"event_choices":[{"damage_healed":0,"gold_gain":0,"cards_transformed":["Defend_R"],"player_choice":"Change","damage_taken":0,"max_hp_gain":0,"max_hp_loss":0,"event_name":"Living Wall","floor":5,"gold_loss":0,"cards_obtained":["Sentinel"]},{"damage_healed":0,"gold_gain":0,"player_choice":"Success","damage_taken":35,"relics_obtained":["Self Forming Clay"],"max_hp_gain":0,"max_hp_loss":0,"event_name":"Scrap Ooze","floor":13,"gold_loss":0},{"damage_healed":0,"gold_gain":0,"player_choice":"1 cards matched","damage_taken":0,"max_hp_gain":0,"max_hp_loss":0,"event_name":"Match and Keep!","floor":14,"gold_loss":0,"cards_obtained":["Double Tap"]}],"is_beta":false,"boss_relics":[],"items_purged_floors":[],"is_endless":false,"potions_floor_spawned":[3,4],"killed_by":"Slime Boss","ascension_level":20}