{"gold_per_floor":[112,127,147,161,161,161,236,263,263,263,263,279,301,301],"floor_reached":14,"playtime":488,"items_purged":[],"score":180,"play_id":"95a7bd80-70e1-4ddc-8748-8292062eb7d7","local_time":"20181011201844","is_ascension_mode":true,"campfire_choices":[{"data":"Armaments","floor":6,"key":"SMITH"},{"floor":11,"key":"REST"}],"neow_cost":"NONE","seed_source_timestamp":284652192488156,"circlet_count":0,"master_deck":["Strike_R","Strike_R","Strike_R","Strike_R","Defend_R","Defend_R","Defend_R","Defend_R","Bash","AscendersBane","Ghostly Armor","Heavy Blade","Armaments+1","Battle Trance","Shrug It Off"],"relics":["Burning Blood","Juzu Bracelet","Shuriken","Paper Frog","Odd Mushroom"],"potions_floor_usage":[8,13],"damage_taken":[{"damage":9,"enemies":"Jaw Worm","floor":1,"turns":4},{"damage":3,"enemies":"2 Louse","floor":2,"turns":4},{"damage":6,"enemies":"Cultist","floor":3,"turns":3},{"damage":16,"enemies":"3 Louse","floor":4,"turns":6},{"damage":30,"enemies":"3 Sentries","floor":8,"turns":10},{"damage":9,"enemies":"Exordium Thugs","floor":12,"turns":6},{"damage":20,"enemies":"The Mushroom Lair","floor":13,"turns":4},{"damage":22,"enemies":"Lagavulin","floor":14,"turns":8}],"seed_played":"-6443241782708899762","potions_obtained":[{"floor":1,"key":"Strength Potion"},{"floor":3,"key":"SteroidPotion"},{"floor":8,"key":"Explosive Potion"}],"is_trial":false,"path_per_floor":["M","M","M","M","?","R","?","E","T","?","R","M","?"],"character_chosen":"IRONCLAD","items_purchased":[],"campfire_rested":1,"item_purchase_floors":[],"current_hp_per_floor":[65,68,68,58,51,51,40,16,16,16,38,35,21,0],"gold":301,"neow_bonus":"RANDOM_COMMON_RELIC","is_prod":false,"is_daily":false,"chose_seed":false,"campfire_upgraded":1,"win_rate":0,"timestamp":1539314324,"path_taken":["M","M","M","M","?","R","?","E","T","?","R","M","?","E"],"build_version":"2018-10-10","purchased_purges":0,"victory":false,"max_hp_per_floor":[75,75,75,75,75,75,75,75,75,75,75,75,75,75],"card_choices":[{"not_picked":["Sword Boomerang","Burning Pact"],"picked":"Ghostly Armor","floor":1},{"not_picked":["Body Slam","Clash"],"picked":"Heavy Blade","floor":2},{"not_picked":["Dropkick","Pommel Strike"],"picked":"Armaments","floor":3},{"not_picked":["Body Slam","Flex","Thunderclap"],"picked":"SKIP","floor":4},{"not_picked":["Hemokinesis","Heavy Blade","Fire Breathing"],"picked":"SKIP","floor":8},{"not_picked":["True Grit","Cleave"],"picked":"Battle Trance","floor":12},{"not_picked":["Exhume","Shockwave"],"picked":"Shrug It Off","floor":13}],"player_experience":887283,"relics_obtained":[{"floor":8,"key":"Shuriken"},{"floor":9,"key":"Paper Frog"},{"floor":13,"key":"Odd Mushroom"}],"event_choices":[{"event_name":"Golden Wing","player_choice":"Card Removal","floor":5,"damage_taken":0},{"event_name":"World of Goop","player_choice":"Gather Gold","floor":7,"damage_taken":0},{"event_name":"Dead Adventurer","player_choice":"Searched \u00271\u0027 times","floor":10,"damage_taken":0},{"event_name":"Mushrooms","player_choice":"Fought Mushrooms","floor":13,"damage_taken":0}],"is_beta":true,"boss_relics":[],"items_purged_floors":[],"is_endless":false,"potions_floor_spawned":[1,3,8],"killed_by":"Lagavulin","ascension_level":20}