{"gold_per_floor":[14,89,89,89,89,108,108,146,146,70,70],"floor_reached":11,"playtime":4330,"items_purged":[],"score":138,"play_id":"ddcf7909-1993-4601-ac9e-dd5b9d6cd2c3","local_time":"20181210002111","is_ascension_mode":true,"campfire_choices":[{"data":"Inflame","floor":7,"key":"SMITH"}],"neow_cost":"NO_GOLD","seed_source_timestamp":208398026763442,"circlet_count":0,"master_deck":["AscendersBane","Strike_R","Strike_R","Strike_R","Defend_R","Defend_R","Bash","Spot Weakness","Sever Soul","Twin Strike","Inflame+1","Havoc","Inflame"],"relics":["Burning Blood","Golden Idol","Ornamental Fan","Pantograph"],"potions_floor_usage":[],"damage_taken":[{"damage":8,"enemies":"Small Slimes","floor":1,"turns":3},{"damage":12,"enemies":"Jaw Worm","floor":6,"turns":2},{"damage":40,"enemies":"Lagavulin","floor":8,"turns":4},{"damage":9,"enemies":"2 Louse","floor":11,"turns":1}],"seed_played":"-4673486855858642903","potions_obtained":[{"floor":6,"key":"Ancient Potion"}],"is_trial":false,"path_per_floor":["M","?","?","?","?","M","R","E","T","$","M"],"character_chosen":"IRONCLAD","items_purchased":["Inflame"],"campfire_rested":0,"item_purchase_floors":[10],"current_hp_per_floor":[66,55,55,48,48,42,42,8,8,8,0],"gold":70,"neow_bonus":"TRANSFORM_TWO_CARDS","is_prod":false,"is_daily":false,"chose_seed":false,"campfire_upgraded":1,"win_rate":0,"timestamp":1544426471,"path_taken":["M","?","?","?","?","?","R","E","T","?","M"],"build_version":"2018-12-06","purchased_purges":0,"victory":false,"max_hp_per_floor":[75,75,68,68,68,68,68,68,68,68,68],"card_choices":[{"not_picked":["Warcry","Perfected Strike"],"picked":"Twin Strike","floor":1},{"not_picked":["Flex","Intimidate"],"picked":"Inflame","floor":6},{"not_picked":["Sword Boomerang","Warcry"],"picked":"Havoc","floor":8}],"player_experience":572469,"relics_obtained":[{"floor":8,"key":"Ornamental Fan"},{"floor":9,"key":"Pantograph"}],"event_choices":[{"damage_healed":0,"gold_gain":75,"player_choice":"Gather Gold","damage_taken":11,"max_hp_gain":0,"max_hp_loss":0,"event_name":"World of Goop","floor":2,"gold_loss":0},{"damage_healed":0,"gold_gain":0,"player_choice":"Lose Max HP","damage_taken":0,"relics_obtained":["Golden Idol"],"max_hp_gain":0,"max_hp_loss":7,"event_name":"Golden Idol","floor":3,"gold_loss":0},{"cards_removed":["Strike_R"],"damage_healed":0,"gold_gain":0,"player_choice":"Card Removal","damage_taken":7,"max_hp_gain":0,"max_hp_loss":0,"event_name":"Golden Wing","floor":4,"gold_loss":0},{"cards_removed":["Strike_R"],"damage_healed":0,"gold_gain":0,"player_choice":"Offered Basic","damage_taken":0,"max_hp_gain":0,"max_hp_loss":0,"event_name":"Bonfire Elementals","floor":5,"gold_loss":0}],"is_beta":false,"boss_relics":[],"items_purged_floors":[],"is_endless":false,"potions_floor_spawned":[6],"killed_by":"2 Louse","ascension_level":20}