{"gold_per_floor":[143,90,110,133,150,150,161,161,161,161,190,190,225,240,240,317,317,334,354,242,254,272,272,300,311,311,327,327,327,339,264,264,336,336,347,347,367,39,55,55,71,71,71,71,91,102,102,112,112,112],"floor_reached":50,"playtime":3627,"items_purged":["Regret"],"score":838,"play_id":"c4ac8970-b487-4c05-9f2b-eb06e458f600","local_time":"20181024112657","is_ascension_mode":true,"campfire_choices":[{"data":"Clothesline","floor":6.0,"key":"SMITH"},{"data":"Fiend Fire","floor":8.0,"key":"SMITH"},{"data":"Power Through","floor":12.0,"key":"SMITH"},{"floor":15.0,"key":"REST"},{"data":"Shockwave","floor":23.0,"key":"SMITH"},{"data":"Disarm","floor":28.0,"key":"SMITH"},{"floor":32,"key":"REST"},{"data":"Limit Break","floor":40,"key":"SMITH"},{"floor":42,"key":"REST"},{"floor":49,"key":"REST"}],"neow_cost":"NONE","seed_source_timestamp":1269622608594187,"circlet_count":0,"master_deck":["Strike_R","Strike_R","Strike_R","Strike_R","Strike_R","Defend_R","Defend_R","Defend_R","Defend_R","Bash","AscendersBane","Spot Weakness","Shrug It Off+1","Clothesline+1","Fiend Fire+1","Power Through+1","Iron Wave","Burning Pact","Impervious","Shame","Thunderclap","Inflame+1","Flame Barrier","Shockwave+1","Intimidate+1","Flex+1","Disarm+1","Sword Boomerang+1","Limit Break+1","Sentinel","Cleave","Parasite","Rupture+1","Seeing Red","Blind","Twin Strike+1"],"special_seed":0,"relics":["Burning Blood","Tiny Chest","Bag of Marbles","Letter Opener","Blue Candle","PreservedInsect","Calling Bell","Bronze Scales","Frozen Egg 2","Pocketwatch","Self Forming Clay","Peace Pipe","Velvet Choker","Mercury Hourglass","War Paint"],"potions_floor_usage":[33,33,41,50,50],"damage_taken":[{"damage":6.0,"enemies":"Cultist","floor":1.0,"turns":4.0},{"damage":2.0,"enemies":"2 Louse","floor":3.0,"turns":3.0},{"damage":7.0,"enemies":"Jaw Worm","floor":5.0,"turns":3.0},{"damage":12.0,"enemies":"2 Fungi Beasts","floor":7.0,"turns":4.0},{"damage":9.0,"enemies":"Lagavulin","floor":11.0,"turns":5.0},{"damage":29.0,"enemies":"3 Sentries","floor":13.0,"turns":8.0},{"damage":13.0,"enemies":"Gremlin Gang","floor":14.0,"turns":5.0},{"damage":59.0,"enemies":"Hexaghost","floor":16.0,"turns":14.0},{"damage":1.0,"enemies":"3 Byrds","floor":18.0,"turns":3.0},{"damage":1.0,"enemies":"Spheric Guardian","floor":19.0,"turns":2.0},{"damage":4.0,"enemies":"Snecko","floor":21.0,"turns":3.0},{"damage":23.0,"enemies":"Centurion and Healer","floor":22.0,"turns":7.0},{"damage":5.0,"enemies":"Book of Stabbing","floor":24.0,"turns":3.0},{"damage":0.0,"enemies":"Snake Plant","floor":25.0,"turns":1.0},{"damage":16.0,"enemies":"3 Cultists","floor":27.0,"turns":5.0},{"damage":15,"enemies":"Shelled Parasite and Fungi","floor":30,"turns":4},{"damage":57,"enemies":"Collector","floor":33,"turns":9},{"damage":6,"enemies":"Orb Walker","floor":35,"turns":4},{"damage":10,"enemies":"3 Shapes","floor":37,"turns":6},{"damage":17,"enemies":"Writhing Mass","floor":39,"turns":8},{"damage":10,"enemies":"Spire Growth","floor":41,"turns":7},{"damage":15,"enemies":"Sphere and 2 Shapes","floor":45,"turns":7},{"damage":6,"enemies":"Maw","floor":46,"turns":7},{"damage":46,"enemies":"Transient","floor":48,"turns":5},{"damage":51,"enemies":"Awakened One","floor":50,"turns":11}],"seed_played":"-460909274090238059","potions_obtained":[{"floor":1.0,"key":"LiquidBronze"},{"floor":3.0,"key":"Swift Potion"},{"floor":7.0,"key":"Block Potion"},{"floor":16.0,"key":"Swift Potion"},{"floor":21.0,"key":"Ancient Potion"},{"floor":22.0,"key":"SneckoOil"},{"floor":25.0,"key":"PowerPotion"},{"floor":35,"key":"Block Potion"},{"floor":37,"key":"PowerPotion"},{"floor":41,"key":"Ancient Potion"}],"is_trial":false,"path_per_floor":["M","$","M","T","M","R","M","R","T","?","E","R","E","M","R","B",null,"M","M","$","M","M","R","E","M","T","M","R","?","M","?","R","B",null,"M","?","M","$","M","R","M","R","T","?","M","M","?","M","R"],"character_chosen":"IRONCLAD","items_purchased":["Shrug It Off","Inflame+1","Mercury Hourglass","Metallicize+1"],"campfire_rested":4,"item_purchase_floors":[2,20,38,38],"current_hp_per_floor":[68,68,72,72,71,71,65,65,65,70,67,67,44,37,61,8,62,67,72,72,74,57,57,58,64,64,54,54,54,45,45,69,18,65,65,65,61,61,50,50,46,70,70,70,61,61,61,21,45,0],"gold":112,"neow_bonus":"RANDOM_COMMON_RELIC","is_prod":false,"is_daily":false,"chose_seed":false,"campfire_upgraded":6,"win_rate":0,"timestamp":1540405617,"path_taken":["M","$","M","?","M","R","M","R","T","?","E","R","E","?","R","BOSS","M","M","$","M","M","R","E","M","T","M","R","?","M","?","R","BOSS","M","?","M","$","M","R","M","R","T","?","M","M","?","?","R","BOSS"],"build_version":"2018-10-18","purchased_purges":1,"victory":false,"max_hp_per_floor":[75,75,75,75,75,75,75,75,75,80,80,80,80,80,80,80,80,80,80,80,80,80,80,80,80,80,80,80,80,80,80,80,80,80,80,80,80,80,80,80,80,80,80,80,80,80,80,80,80,80],"card_choices":[{"not_picked":["Hemokinesis","Shrug It Off"],"picked":"Spot Weakness","floor":1.0},{"not_picked":["Pommel Strike","True Grit"],"picked":"Clothesline","floor":3.0},{"not_picked":["Spot Weakness","Body Slam","Perfected Strike"],"picked":"SKIP","floor":5.0},{"not_picked":["Flame Barrier","Clash"],"picked":"Fiend Fire","floor":7.0},{"not_picked":["Thunderclap","Warcry"],"picked":"Power Through","floor":11.0},{"not_picked":["Body Slam","Infernal Blade"],"picked":"Iron Wave","floor":13.0},{"not_picked":["Ghostly Armor","Metallicize"],"picked":"Burning Pact","floor":14.0},{"not_picked":["Dark Embrace","Barricade"],"picked":"Impervious","floor":16.0},{"not_picked":["Wild Strike","Dropkick","Heavy Blade"],"picked":"SKIP","floor":18.0},{"not_picked":["Headbutt","True Grit"],"picked":"Thunderclap","floor":19.0},{"not_picked":["Cleave","Combust+1"],"picked":"Flame Barrier","floor":21.0},{"not_picked":["Armaments","Wild Strike"],"picked":"Shockwave","floor":22.0},{"not_picked":["Perfected Strike","Searing Blow"],"picked":"Intimidate","floor":24.0},{"not_picked":["Armaments","Whirlwind+1"],"picked":"Flex+1","floor":25.0},{"not_picked":["Clash","Bloodletting+1"],"picked":"Disarm","floor":27.0},{"not_picked":["Shockwave","Metallicize+1"],"picked":"Sword Boomerang+1","floor":30},{"not_picked":["Juggernaut+1","Brutality+1"],"picked":"Limit Break","floor":33},{"not_picked":["Cleave+1","Second Wind+1"],"picked":"Sentinel","floor":35},{"not_picked":["Corruption+1","Headbutt+1"],"picked":"Cleave","floor":37},{"not_picked":["Headbutt+1","Armaments"],"picked":"Rupture+1","floor":39},{"not_picked":["Body Slam+1","Inflame+1","Warcry"],"picked":"SKIP","floor":41},{"not_picked":["Clash+1","Pummel"],"picked":"Seeing Red","floor":45},{"not_picked":["True Grit","Iron Wave","Reckless Charge"],"picked":"SKIP","floor":46},{"not_picked":["Forethought","Jack Of All Trades"],"picked":"Blind","floor":47},{"not_picked":["Intimidate+1","Warcry"],"picked":"Twin Strike+1","floor":48}],"player_experience":1192546,"relics_obtained":[{"floor":4.0,"key":"Bag of Marbles"},{"floor":9.0,"key":"Letter Opener"},{"floor":11.0,"key":"Blue Candle"},{"floor":13.0,"key":"PreservedInsect"},{"floor":17.0,"key":"Bronze Scales"},{"floor":17.0,"key":"Frozen Egg 2"},{"floor":17.0,"key":"Pocketwatch"},{"floor":24.0,"key":"Self Forming Clay"},{"floor":26.0,"key":"Peace Pipe"},{"floor":43,"key":"War Paint"}],"event_choices":[{"damage_healed":0.0,"max_hp_gain":5.0,"max_hp_loss":0.0,"gold_gain":0.0,"event_name":"Big Fish","player_choice":"Donut","floor":10.0,"gold_loss":0.0,"damage_taken":0.0},{"damage_healed":0.0,"max_hp_gain":0.0,"max_hp_loss":0.0,"gold_gain":0.0,"event_name":"The Lab","player_choice":"Got Potions","floor":29.0,"gold_loss":0.0,"damage_taken":0.0},{"cards_removed":["Regret"],"damage_healed":0,"gold_gain":0,"player_choice":"Gave Gold","damage_taken":0,"max_hp_gain":0,"max_hp_loss":0,"event_name":"Beggar","floor":31,"gold_loss":75},{"damage_healed":0,"gold_gain":0,"player_choice":"Ignored","damage_taken":0,"max_hp_gain":0,"max_hp_loss":0,"event_name":"Tomb of Lord Red Mask","floor":36,"gold_loss":0},{"cards_removed":["Metallicize"],"damage_healed":0,"gold_gain":0,"player_choice":"Removed Power","damage_taken":0,"max_hp_gain":0,"max_hp_loss":0,"event_name":"Falling","floor":44,"gold_loss":0},{"damage_healed":0,"gold_gain":0,"player_choice":"Memory 1","damage_taken":0,"max_hp_gain":0,"max_hp_loss":0,"event_name":"SensoryStone","floor":47,"gold_loss":0}],"is_beta":false,"boss_relics":[{"not_picked":["Philosopher\u0027s Stone","Fusion Hammer"],"picked":"Calling Bell"},{"not_picked":["Coffee Dripper","Runic Cube"],"picked":"Velvet Choker"}],"items_purged_floors":[20],"is_endless":false,"potions_floor_spawned":[1,3,7,13,16,21,22,25,27,30,35,37,41,48],"killed_by":"Awakened One","ascension_level":14}