{"path_per_floor":["M","M","?","M","T","R","?","$","T","E","M","E","R","E","R","B",null,"M","M","?","?","M","R"],"character_chosen":"DEFECT","items_purchased":["Capacitor"],"gold_per_floor":[113,128,128,149,173,173,254,129,129,162,175,219,219,257,257,381,381,404,425,375,375,388,388,388],"floor_reached":24,"campfire_rested":3,"playtime":1044,"current_hp_per_floor":[75,69,69,64,64,64,47,47,47,36,34,14,36,40,62,32,75,62,52,52,52,43,65,0],"items_purged":["Strike_B"],"gold":388,"score":214,"play_id":"b8d0d65e-51f9-4114-bd13-71273e5bd3c9","local_time":"20180506121718","is_prod":false,"is_daily":false,"chose_seed":false,"is_ascension_mode":false,"campfire_upgraded":1,"timestamp":1525601838,"path_taken":["M","M","?","M","?","R","?","$","T","E","M","E","R","E","R","BOSS","M","?","?","?","M","R","E"],"build_version":"2018-05-03","seed_source_timestamp":11739072388253,"purchased_purges":1,"victory":false,"master_deck":["Strike_B","Strike_B","Strike_B","Defend_B","Defend_B","Defend_B","Defend_B","Zap+1","Dualcast","Axe Kick","Chaos+1","Injury","Cold Snap","FTL","Capacitor","White Noise","Ball Lightning","Redo","Heatsinks","Rainbow","Cold Snap+1","Static Discharge","Chill+1"],"max_hp_per_floor":[75,75,75,75,75,75,75,75,75,75,75,75,75,75,75,75,75,75,75,75,75,75,75,75],"relics":["Cracked Core","Bloody Idol","Omamori","Toolbox","Bottled Lightning","Shuriken","Meat on the Bone","Letter Opener","Sozu"],"card_choices":[{"not_picked":["Impulse","Chill"],"picked":"Axe Kick","floor":1},{"not_picked":["Scrape","Stack"],"picked":"Chaos","floor":2},{"not_picked":["Scrape","Barrage"],"picked":"Cold Snap","floor":4},{"not_picked":["Leap","Rebound"],"picked":"FTL","floor":7},{"not_picked":["Tempest","Stack"],"picked":"White Noise","floor":10},{"not_picked":["Sunder","Sweeping Beam"],"picked":"Ball Lightning","floor":11},{"not_picked":["Beam Cell","Capacitor"],"picked":"Redo","floor":12},{"not_picked":["Beam Cell","Leap"],"picked":"Heatsinks","floor":14},{"not_picked":["Fission","Creative AI"],"picked":"Rainbow","floor":16},{"not_picked":["Beam Cell","Double Energy"],"picked":"Cold Snap","floor":18},{"not_picked":["Defragment","Loop"],"picked":"Static Discharge","floor":19},{"not_picked":["Rebound","Barrage"],"picked":"Chill","floor":22}],"player_experience":28178,"potions_floor_usage":[],"damage_taken":[{"damage":0,"enemies":"Cultist","floor":1,"turns":4},{"damage":6,"enemies":"Jaw Worm","floor":2,"turns":2},{"damage":5,"enemies":"2 Louse","floor":4,"turns":3},{"damage":17,"enemies":"3 Sentries","floor":7,"turns":6},{"damage":11,"enemies":"Lagavulin","floor":10,"turns":6},{"damage":2,"enemies":"Exordium Wildlife","floor":11,"turns":2},{"damage":24,"enemies":"Gremlin Nob","floor":12,"turns":4},{"damage":8,"enemies":"3 Sentries","floor":14,"turns":5},{"damage":42,"enemies":"Hexaghost","floor":16,"turns":7},{"damage":13,"enemies":"3 Byrds","floor":18,"turns":4},{"damage":10,"enemies":"Shell Parasite","floor":19,"turns":2},{"damage":14,"enemies":"Centurion and Healer","floor":22,"turns":6},{"damage":68,"enemies":"Gremlin Leader","floor":24,"turns":7}],"event_choices":[{"event_name":"Golden Idol","player_choice":"Take Wound","floor":3,"damage_taken":0},{"event_name":"Dead Adventurer","player_choice":"Searched \u00272\u0027 times","floor":7,"damage_taken":0},{"event_name":"The Joust","player_choice":"Bet on Murderer","floor":20,"damage_taken":0},{"event_name":"Forgotten Altar","player_choice":"Gave Idol","floor":21,"damage_taken":0}],"boss_relics":[{"not_picked":["Black Star","Velvet Choker"],"picked":"Sozu"}],"potions_floor_spawned":[7,10,11,16,18,19],"seed_played":"6927223970559264384","killed_by":"Gremlin Leader","ascension_level":0,"is_trial":false}