{"path_per_floor":["M","M","?","?","M","E","T","R","T","M","M","E","?","$","R","B",null,"M","?","M","M","?","R","E","M","T","R","$","?","R","M","R"],"character_chosen":"IRONCLAD","items_purchased":["Pantograph","Pommel Strike"],"gold_per_floor":[20,35,35,110,120,153,202,202,255,270,286,320,379,22,22,122,122,132,132,146,160,85,85,110,126,126,126,26,26,26,42,42,42],"floor_reached":33,"campfire_rested":3,"playtime":2063,"current_hp_per_floor":[80,80,80,69,75,43,50,76,76,74,73,45,29,29,55,31,87,87,71,61,67,67,67,43,48,48,74,74,80,80,73,73,0],"items_purged":["Bash","Defend_R"],"gold":42,"score":300,"play_id":"6c2a3288-7fc9-47de-9e8d-90fe9bdd5288","local_time":"20180430092357","is_prod":false,"is_daily":false,"chose_seed":false,"is_ascension_mode":false,"campfire_upgraded":3,"timestamp":1525073037,"path_taken":["M","M","?","?","M","E","?","R","T","M","?","E","?","$","R","BOSS","M","?","?","M","?","R","E","?","T","R","$","?","R","M","R","BOSS"],"build_version":"2018-04-28v2","seed_source_timestamp":2239424027833,"purchased_purges":2,"victory":false,"master_deck":["Strike_R","Strike_R","Strike_R+1","Strike_R","Defend_R","Perfected Strike","Pommel Strike","Wild Strike","Perfected Strike+1","Warcry","Perfected Strike","Pommel Strike","Brutality+1","Perfected Strike+1","Clash+1","Twin Strike+1","Flex+1","Decay","Burning Pact+1"],"max_hp_per_floor":[80,80,80,80,80,80,87,87,87,87,87,87,87,87,87,87,87,87,87,87,87,87,87,87,87,87,87,87,93,93,93,93,93],"relics":["Burning Blood","Bronze Scales","Strawberry","Whetstone","Pen Nib","Darkstone Periapt","Pantograph","Mark of Pain","Nilry\u0027s Codex","Bag of Preparation","Question Card"],"card_choices":[{"not_picked":["Sword Boomerang","Clothesline"],"picked":"Perfected Strike","floor":1},{"not_picked":["Clothesline","Evolve"],"picked":"Pommel Strike","floor":2},{"not_picked":["Brutality","Anger"],"picked":"Wild Strike","floor":6},{"not_picked":["Flame Barrier","Pommel Strike"],"picked":"Perfected Strike","floor":10},{"not_picked":["Headbutt","Body Slam"],"picked":"Warcry","floor":11},{"not_picked":["True Grit","Armaments"],"picked":"Perfected Strike","floor":13},{"not_picked":["Reaper","Dark Embrace"],"picked":"Brutality","floor":16},{"not_picked":["Anger","Flex"],"picked":"Perfected Strike","floor":18},{"not_picked":["Infernal Blade","Headbutt"],"picked":"Clash","floor":20},{"not_picked":["Power Through","True Grit"],"picked":"Twin Strike","floor":24},{"not_picked":["Pummel","Body Slam"],"picked":"Flex","floor":25},{"not_picked":["Anger","Twin Strike","Bloodletting"],"picked":"Burning Pact","floor":31}],"player_experience":19983,"potions_floor_usage":[12,16,16],"damage_taken":[{"damage":3,"enemies":"Jaw Worm","floor":1,"turns":5},{"damage":0,"enemies":"2 Louse","floor":2,"turns":2},{"damage":0,"enemies":"Small Slimes","floor":5,"turns":4},{"damage":38,"enemies":"Gremlin Nob","floor":6,"turns":5},{"damage":8,"enemies":"Red Slaver","floor":10,"turns":2},{"damage":7,"enemies":"Blue Slaver","floor":11,"turns":2},{"damage":34,"enemies":"Lagavulin","floor":12,"turns":6},{"damage":22,"enemies":"Gremlin Nob","floor":13,"turns":4},{"damage":55,"enemies":"Hexaghost","floor":16,"turns":7},{"damage":0,"enemies":"Spheric Guardian","floor":18,"turns":1},{"damage":16,"enemies":"2 Thieves","floor":20,"turns":3},{"damage":0,"enemies":"Sentry and Sphere","floor":21,"turns":3},{"damage":30,"enemies":"Book of Stabbing","floor":24,"turns":3},{"damage":1,"enemies":"Snecko","floor":25,"turns":2},{"damage":13,"enemies":"Slaver and Parasite","floor":31,"turns":2},{"damage":101,"enemies":"Automaton","floor":33,"turns":6}],"event_choices":[{"event_name":"The Cleric","player_choice":"Leave","floor":3,"damage_taken":0},{"event_name":"World of Goop","player_choice":"Gather Gold","floor":4,"damage_taken":0},{"event_name":"Dead Adventurer","player_choice":"Searched \u00272\u0027 times","floor":13,"damage_taken":0},{"event_name":"Cursed Tome","player_choice":"Obtained Book","floor":19,"damage_taken":0},{"event_name":"Beggar","player_choice":"Gave Gold","floor":22,"damage_taken":0},{"event_name":"Forgotten Altar","player_choice":"Smashed Altar","floor":29,"damage_taken":0}],"boss_relics":[{"not_picked":["Orrery","Ectoplasm"],"picked":"Mark of Pain"}],"potions_floor_spawned":[2,10,12,13,20,24],"seed_played":"-7252934461588721600","killed_by":"Automaton","ascension_level":0,"is_trial":false}