{"gold_per_floor":[366,41,6,6,6,6,6,26,72,107,32,42,62,137,137,212,212,230,230,230,246,260,260,1,1,1,1,16,45,45,61,61,135,135,151,151,151,51,104,136,147,175,200,254,281,301,313,329,329,329,329],"floor_reached":52,"playtime":3300,"items_purged":["Regret","Strike_R"],"score":2341,"play_id":"9f1c1afe-7c55-4130-aae5-ef4650cc892a","local_time":"20190125211547","is_ascension_mode":true,"campfire_choices":[{"data":"Bash","floor":6.0,"key":"SMITH"},{"floor":15.0,"key":"REST"},{"floor":23.0,"key":"REST"},{"data":"Feel No Pain","floor":27.0,"key":"SMITH"},{"floor":30.0,"key":"REST"},{"data":"True Grit","floor":32.0,"key":"SMITH"},{"data":"Pommel Strike","floor":49.0,"key":"SMITH"}],"neow_cost":"TEN_PERCENT_HP_LOSS","seed_source_timestamp":0,"circlet_count":0,"master_deck":["AscendersBane","Strike_R","Strike_R","Defend_R","Defend_R","Defend_R","Defend_R","Bash+1","Pommel Strike+1","Headbutt","Flame Barrier+1","Corruption","Iron Wave","Impervious","Warcry","Sentinel","Shrug It Off+1","Feel No Pain+1","Feed","Havoc","Armaments","Offering","True Grit+1","Dark Embrace","Panacea","Pommel Strike+1","Feed","Seeing Red","Disarm","Sentinel"],"special_seed":0,"relics":["Burning Blood","Charon\u0027s Ashes","Anchor","Bag of Preparation","Happy Flower","Blood Vial","Self Forming Clay","Philosopher\u0027s Stone","Dead Branch","Black Star","Ice Cream","Bottled Tornado","Incense Burner","Mercury Hourglass","Sundial","Vajra","Strawberry","PreservedInsect","Turnip"],"potions_floor_usage":[50,51],"damage_taken":[{"damage":20.0,"enemies":"Small Slimes","floor":1.0,"turns":4.0},{"damage":11.0,"enemies":"Jaw Worm","floor":8.0,"turns":3.0},{"damage":35.0,"enemies":"Gremlin Nob","floor":10.0,"turns":4.0},{"damage":0.0,"enemies":"Cultist","floor":12.0,"turns":2.0},{"damage":0.0,"enemies":"Red Slaver","floor":13.0,"turns":4.0},{"damage":40.0,"enemies":"Hexaghost","floor":16.0,"turns":9.0},{"damage":2.0,"enemies":"Spheric Guardian","floor":18.0,"turns":5.0},{"damage":0.0,"enemies":"2 Thieves","floor":21.0,"turns":4.0},{"damage":36.0,"enemies":"Snake Plant","floor":22.0,"turns":6.0},{"damage":5.0,"enemies":"Shelled Parasite and Fungi","floor":28.0,"turns":5.0},{"damage":29.0,"enemies":"Slavers","floor":29.0,"turns":4.0},{"damage":15.0,"enemies":"Sentry and Sphere","floor":31.0,"turns":3.0},{"damage":15.0,"enemies":"Automaton","floor":33.0,"turns":5.0},{"damage":6.0,"enemies":"Orb Walker","floor":35.0,"turns":2.0},{"damage":6.0,"enemies":"2 Orb Walkers","floor":39.0,"turns":2.0},{"damage":9.0,"enemies":"Giant Head","floor":40.0,"turns":3.0},{"damage":6.0,"enemies":"3 Darklings","floor":41.0,"turns":2.0},{"damage":12.0,"enemies":"Reptomancer","floor":42.0,"turns":2.0},{"damage":0.0,"enemies":"Giant Head","floor":45.0,"turns":1.0},{"damage":6.0,"enemies":"4 Shapes","floor":46.0,"turns":2.0},{"damage":6.0,"enemies":"Jaw Worm Horde","floor":47.0,"turns":1.0},{"damage":12.0,"enemies":"3 Darklings","floor":48.0,"turns":2.0},{"damage":25,"enemies":"Awakened One","floor":50,"turns":4},{"damage":6,"enemies":"Donu and Deca","floor":51,"turns":4}],"seed_played":"-3579485458821993714","potions_obtained":[{"floor":1.0,"key":"Regen Potion"},{"floor":12.0,"key":"SteroidPotion"},{"floor":21.0,"key":"Strength Potion"},{"floor":28.0,"key":"Poison Potion"},{"floor":33.0,"key":"Swift Potion"},{"floor":39.0,"key":"FearPotion"},{"floor":41.0,"key":"Strength Potion"}],"is_trial":false,"path_per_floor":["M","$","?","?","?","R","?","M","T","E","$","M","M","?","R","B",null,"M","?","?","M","M","R","$","?","T","R","M","E","R","M","R","B",null,"M","?","?","$","?","E","M","E","T","T","E","M","M","M","R","B","B",null],"character_chosen":"IRONCLAD","items_purchased":["Charon\u0027s Ashes","Feel No Pain","Feed","Havoc"],"campfire_rested":3,"item_purchase_floors":[2,24,24,24],"current_hp_per_floor":[54,54,68,50,50,50,50,45,45,18,18,26,34,23,43,11,54,60,60,60,68,38,58,58,58,58,58,61,43,64,57,57,50,66,71,71,71,71,73,74,76,74,74,81,87,87,87,81,81,67,72],"gold":329,"neow_bonus":"TWO_FIFTY_GOLD","is_prod":false,"is_daily":false,"chose_seed":false,"campfire_upgraded":4,"win_rate":0,"timestamp":1548476147,"path_taken":["M","$","?","?","?","R","?","?","T","E","?","M","M","?","R","BOSS","M","?","?","M","?","R","$","?","T","R","M","E","R","?","R","BOSS","M","?","?","$","?","E","M","E","T","?","E","M","M","M","R","BOSS","BOSS"],"build_version":"2019-01-23","purchased_purges":2,"victory":true,"max_hp_per_floor":[68,68,68,68,68,68,68,68,68,68,68,68,68,68,68,68,68,68,68,68,68,68,68,68,68,68,68,68,71,71,71,71,71,71,74,74,74,74,74,77,77,80,80,87,87,87,87,87,87,90,93],"card_choices":[{"not_picked":["Rage","Flex"],"picked":"Pommel Strike","floor":1.0},{"not_picked":["Pommel Strike","Clothesline"],"picked":"Headbutt","floor":8.0},{"not_picked":["Perfected Strike","Iron Wave"],"picked":"Flame Barrier","floor":10.0},{"not_picked":["Rampage","Armaments"],"picked":"Corruption","floor":12.0},{"not_picked":["Carnage","Body Slam"],"picked":"Iron Wave","floor":13.0},{"not_picked":["Limit Break","Brutality"],"picked":"Impervious","floor":16.0},{"not_picked":["Pommel Strike","Headbutt"],"picked":"Warcry","floor":18.0},{"not_picked":["Clothesline","Sever Soul"],"picked":"Sentinel","floor":21.0},{"not_picked":["Whirlwind","Combust+1"],"picked":"Shrug It Off+1","floor":22.0},{"not_picked":["Corruption","Blood for Blood"],"picked":"Armaments","floor":28.0},{"not_picked":["Bloodletting","Headbutt"],"picked":"Offering","floor":29.0},{"not_picked":["Havoc+1","Ghostly Armor"],"picked":"True Grit","floor":31.0},{"not_picked":["Fiend Fire","Bludgeon"],"picked":"Dark Embrace","floor":33.0},{"not_picked":["Perfected Strike","Entrench","Havoc"],"picked":"SKIP","floor":35.0},{"not_picked":["Forethought","Mayhem"],"picked":"Panacea","floor":37.0},{"not_picked":["Iron Wave","Headbutt","Wild Strike"],"picked":"SKIP","floor":40.0},{"not_picked":["Shrug It Off","Armaments"],"picked":"Pommel Strike+1","floor":41.0},{"not_picked":["Flex","Sword Boomerang"],"picked":"Feed","floor":42.0},{"not_picked":["Warcry","Iron Wave"],"picked":"Seeing Red","floor":45.0},{"not_picked":["Sword Boomerang","Iron Wave"],"picked":"Disarm","floor":46.0},{"not_picked":["Havoc","Thunderclap"],"picked":"Sentinel","floor":47.0},{"not_picked":["Corruption","Havoc","Bloodletting"],"picked":"SKIP","floor":48.0}],"player_experience":735246,"relics_obtained":[{"floor":9.0,"key":"Blood Vial"},{"floor":10.0,"key":"Self Forming Clay"},{"floor":29.0,"key":"Dead Branch"},{"floor":39.0,"key":"Ice Cream"},{"floor":40.0,"key":"Bottled Tornado"},{"floor":40.0,"key":"Incense Burner"},{"floor":42.0,"key":"Mercury Hourglass"},{"floor":42.0,"key":"Sundial"},{"floor":43.0,"key":"Vajra"},{"floor":44.0,"key":"Strawberry"},{"floor":45.0,"key":"PreservedInsect"},{"floor":45.0,"key":"Turnip"}],"event_choices":[{"damage_healed":17.0,"max_hp_gain":0.0,"max_hp_loss":0.0,"gold_gain":0.0,"event_name":"The Cleric","player_choice":"Healed","floor":3.0,"gold_loss":35.0,"damage_taken":0.0},{"damage_healed":0.0,"max_hp_gain":0.0,"max_hp_loss":0.0,"gold_gain":0.0,"event_name":"Scrap Ooze","player_choice":"Success","floor":4.0,"gold_loss":0.0,"damage_taken":18.0,"relics_obtained":["Anchor"]},{"damage_healed":0.0,"max_hp_gain":0.0,"max_hp_loss":0.0,"gold_gain":0.0,"event_name":"Big Fish","player_choice":"Box","floor":5.0,"gold_loss":0.0,"damage_taken":0.0,"relics_obtained":["Bag of Preparation"],"cards_obtained":["Regret"]},{"damage_healed":0.0,"max_hp_gain":0.0,"max_hp_loss":0.0,"gold_gain":0.0,"event_name":"WeMeetAgain","player_choice":"Gave Potion","floor":7.0,"gold_loss":0.0,"damage_taken":0.0,"relics_obtained":["Happy Flower"]},{"damage_healed":0.0,"max_hp_gain":0.0,"max_hp_loss":0.0,"gold_gain":75.0,"event_name":"World of Goop","player_choice":"Gather Gold","floor":14.0,"gold_loss":0.0,"damage_taken":11.0},{"cards_removed":["Strike_R"],"damage_healed":0.0,"max_hp_gain":0.0,"max_hp_loss":0.0,"gold_gain":0.0,"event_name":"Back to Basics","player_choice":"Elegance","floor":19.0,"gold_loss":0.0,"damage_taken":0.0},{"damage_healed":0.0,"max_hp_gain":0.0,"max_hp_loss":0.0,"gold_gain":0.0,"event_name":"Accursed Blacksmith","player_choice":"Forge","floor":20.0,"gold_loss":0.0,"damage_taken":0.0,"cards_upgraded":["Flame Barrier"]},{"cards_removed":["Strike_R"],"damage_healed":0.0,"max_hp_gain":0.0,"max_hp_loss":0.0,"gold_gain":0.0,"event_name":"Purifier","player_choice":"Purged","floor":25.0,"gold_loss":0.0,"damage_taken":0.0},{"damage_healed":0.0,"max_hp_gain":0.0,"max_hp_loss":0.0,"gold_gain":0.0,"event_name":"Tomb of Lord Red Mask","player_choice":"Ignored","floor":36.0,"gold_loss":0.0,"damage_taken":0.0},{"damage_healed":0.0,"max_hp_gain":0.0,"max_hp_loss":0.0,"gold_gain":0.0,"event_name":"SensoryStone","player_choice":"Memory 1","floor":37.0,"gold_loss":0.0,"damage_taken":0.0},{"damage_healed":0.0,"max_hp_gain":0.0,"max_hp_loss":0.0,"gold_gain":0.0,"event_name":"Mysterious Sphere","player_choice":"Fight","floor":39.0,"gold_loss":0.0,"damage_taken":0.0}],"is_beta":false,"boss_relics":[{"not_picked":["Busted Crown","Astrolabe"],"picked":"Philosopher\u0027s Stone"},{"not_picked":["Black Blood","Eternal Feather"],"picked":"Black Star"}],"items_purged_floors":[11,38],"is_endless":false,"potions_floor_spawned":[1,12,21,28,33,39,41,45,46,48],"ascension_level":20}