{"path_per_floor":["M","?","M","M","?","R","M","E","T","R","?","?","M","M","R","B",null,"M","?","?","M"],"character_chosen":"DEFECT","items_purchased":[],"gold_per_floor":[119,119,135,148,223,223,239,270,270,270,370,370,390,404,404,528,528,547,547,547,482,482],"floor_reached":22,"campfire_rested":1,"playtime":1435,"current_hp_per_floor":[68,68,66,60,49,49,42,20,20,42,42,35,34,34,34,17,75,75,75,75,28,0],"items_purged":[],"gold":482,"score":188,"play_id":"b881d02c-4a12-40d9-81c5-cabd199f367e","local_time":"20180513094222","is_prod":false,"is_daily":false,"chose_seed":false,"is_ascension_mode":false,"campfire_upgraded":2,"timestamp":1526222542,"path_taken":["M","?","?","M","?","R","M","E","T","R","?","?","?","?","R","BOSS","M","?","?","?","?","E"],"build_version":"2018-05-12v2","seed_source_timestamp":0,"purchased_purges":0,"victory":false,"master_deck":["Strike_B","Strike_B","Strike_B","Strike_B","Defend_B","Defend_B","Defend_B","Zap+1","Dualcast","Go for the Eyes+1","Rebound","Scrape+1","Rebound","FTL","Conserve Battery","Self Repair","All For One","Conserve Battery","Cold Snap","Fission","Sunder"],"max_hp_per_floor":[75,75,75,75,75,75,75,75,75,75,75,75,75,75,75,75,75,75,75,75,75,75],"relics":["Cracked Core","Bloody Idol","Anchor","Bag of Marbles","Nuclear Battery"],"card_choices":[{"not_picked":["Skim","Static Discharge"],"picked":"Go for the Eyes","floor":1.0},{"not_picked":["Skim","Hologram"],"picked":"Rebound","floor":3.0},{"not_picked":["Hologram","Doom and Gloom"],"picked":"Scrape","floor":4.0},{"not_picked":["Storm","Cold Snap"],"picked":"Rebound","floor":7.0},{"not_picked":["Steam Power","Defragment"],"picked":"FTL","floor":8.0},{"not_picked":["Skim","Tempest"],"picked":"Conserve Battery","floor":13.0},{"not_picked":["Go for the Eyes","Loop"],"picked":"Self Repair","floor":14.0},{"not_picked":["Machine Learning","Thunder Strike"],"picked":"All For One","floor":16.0},{"not_picked":["Barrage","Darkness"],"picked":"Conserve Battery","floor":18.0},{"not_picked":["Hologram","Skim"],"picked":"Sunder","floor":21}],"player_experience":199682,"potions_floor_usage":[],"damage_taken":[{"damage":7.0,"enemies":"Small Slimes","floor":1.0,"turns":3.0},{"damage":2.0,"enemies":"2 Louse","floor":3.0,"turns":3.0},{"damage":6.0,"enemies":"Cultist","floor":4.0,"turns":3.0},{"damage":7.0,"enemies":"Looter","floor":7.0,"turns":2.0},{"damage":22.0,"enemies":"3 Sentries","floor":8.0,"turns":7.0},{"damage":1.0,"enemies":"3 Louse","floor":13.0,"turns":3.0},{"damage":0.0,"enemies":"2 Fungi Beasts","floor":14.0,"turns":2.0},{"damage":24.0,"enemies":"The Guardian","floor":16.0,"turns":11.0},{"damage":7.0,"enemies":"3 Byrds","floor":18.0,"turns":4.0},{"damage":18.0,"enemies":"2 Thieves","floor":21.0,"turns":4.0},{"damage":48,"enemies":"Sentry and Sphere","floor":21,"turns":6},{"damage":39,"enemies":"Gremlin Leader","floor":22,"turns":6}],"event_choices":[{"event_name":"Golden Idol","player_choice":"Take Wound","floor":2.0,"damage_taken":0.0},{"event_name":"World of Goop","player_choice":"Gather Gold","floor":5.0,"damage_taken":0.0},{"event_name":"Wheel of Change","player_choice":"Gold","floor":11.0,"damage_taken":0.0},{"event_name":"Golden Wing","player_choice":"Card Removal","floor":12.0,"damage_taken":0.0},{"event_name":"Forgotten Altar","player_choice":"Gave Idol","floor":19.0,"damage_taken":0.0},{"event_name":"Purifier","player_choice":"One Purge","floor":20.0,"damage_taken":0.0},{"event_name":"Match and Keep!","player_choice":"2 cards matched","floor":21,"damage_taken":0}],"boss_relics":[],"potions_floor_spawned":[3,4,13,21],"seed_played":"-8422964148007868022","killed_by":"Gremlin Leader","ascension_level":0,"is_trial":false}