{"gold_per_floor":[113,44,64,84,102,127,142,142,188,188,223,233,233,253,253,348,348,363,383,383,2,2,2,29,43,43,43,58,73,86,86,86,187,187,198,198,198,198,198,41,66,66],"floor_reached":42,"playtime":2183,"items_purged":[],"score":688,"play_id":"d68e7aea-49f0-4c61-bf36-f0ac02e9b3d7","local_time":"20181201225743","is_ascension_mode":true,"campfire_choices":[{"floor":8,"key":"RECALL"},{"floor":10,"key":"REST"},{"floor":15,"key":"REST"},{"floor":23,"key":"REST"},{"floor":27,"key":"REST"},{"data":"Ghostly","floor":32,"key":"SMITH"},{"data":"Barricade","floor":39,"key":"SMITH"}],"neow_cost":"NONE","seed_source_timestamp":656144303604358,"circlet_count":0,"master_deck":["Strike_R","Strike_R","Strike_R","Strike_R","Defend_R","Defend_R","Defend_R","Pommel Strike","Rampage","Seeing Red","Flame Barrier","Iron Wave","Second Wind","Inflame","Sever Soul","Feel No Pain","Perfected Strike","Reaper","Cleave+1","Offering+1","Burning Pact+1","Heavy Blade+1","Twin Strike+1","Enlightenment","Necronomicurse","Shrug It Off","Body Slam","Infernal Blade+1","Flex","Barricade+1","Ghostly+1","Ghostly","Ghostly","Ghostly","Ghostly","Feed","Headbutt+1","Metallicize"],"relics":["Runic Dome","Bag of Preparation","Ornamental Fan","GremlinMask","Astrolabe","FossilizedHelix","Necronomicon","Strawberry","Vajra","Runic Pyramid","Oddly Smooth Stone","Bronze Scales"],"potions_floor_usage":[16,16,33,37,37,41],"damage_taken":[{"damage":6,"enemies":"Jaw Worm","floor":1,"turns":5},{"damage":0,"enemies":"Cultist","floor":3,"turns":2},{"damage":0,"enemies":"Small Slimes","floor":4,"turns":3},{"damage":1,"enemies":"Red Slaver","floor":5,"turns":3},{"damage":18,"enemies":"Gremlin Nob","floor":6,"turns":5},{"damage":3,"enemies":"3 Louse","floor":7,"turns":2},{"damage":32,"enemies":"Lagavulin","floor":11,"turns":6},{"damage":5,"enemies":"2 Fungi Beasts","floor":12,"turns":3},{"damage":3,"enemies":"Red Slaver","floor":14,"turns":4},{"damage":41,"enemies":"Hexaghost","floor":16,"turns":8},{"damage":2,"enemies":"Chosen","floor":18,"turns":5},{"damage":17,"enemies":"Shell Parasite","floor":19,"turns":7},{"damage":15,"enemies":"Slavers","floor":24,"turns":4},{"damage":22,"enemies":"Shelled Parasite and Fungi","floor":25,"turns":4},{"damage":7,"enemies":"Snake Plant","floor":28,"turns":4},{"damage":26,"enemies":"Centurion and Healer","floor":29,"turns":5},{"damage":6,"enemies":"Sentry and Sphere","floor":30,"turns":3},{"damage":40,"enemies":"Automaton","floor":33,"turns":12},{"damage":0,"enemies":"Orb Walker","floor":35,"turns":3},{"damage":7,"enemies":"Donu and Deca","floor":37,"turns":10},{"damage":63,"enemies":"Shield and Spear","floor":41,"turns":8},{"damage":17,"enemies":"The Heart","floor":42,"turns":5}],"seed_played":"6454297040485261456","potions_obtained":[{"floor":1,"key":"BloodPotion"},{"floor":4,"key":"PowerPotion"},{"floor":5,"key":"PowerPotion"},{"floor":16,"key":"Ancient Potion"},{"floor":18,"key":"Weak Potion"},{"floor":33,"key":"Strength Potion"}],"is_trial":false,"path_per_floor":["M","$","M","M","M","E","M","R","T","R","E","M","?","M","R","B",null,"M","M","?","$","?","R","E","M","T","R","M","M","M","?","R","B",null,"M","?","B",null,"R","$","E","B"],"character_chosen":"IRONCLAD","items_purchased":["Rampage","FossilizedHelix","Enlightenment","Oddly Smooth Stone"],"campfire_rested":4,"item_purchase_floors":[2,21,21,40],"current_hp_per_floor":[74,74,74,74,73,55,52,52,52,76,44,39,39,36,60,19,80,78,67,52,52,36,61,53,31,31,58,51,37,41,41,41,14,46,46,46,39,46,46,46,10,0],"gold":66,"neow_bonus":"BOSS_RELIC","is_prod":false,"is_daily":false,"chose_seed":false,"campfire_upgraded":2,"win_rate":0,"timestamp":1543723063,"path_taken":["M","$","M","M","M","E","M","R","T","R","E","M","?","M","R","BOSS","M","M","?","$","?","R","E","M","T","R","M","M","M","?","R","BOSS","M","?","BOSS","R","$","E","BOSS"],"build_version":"2018-11-15","purchased_purges":0,"victory":false,"max_hp_per_floor":[80,80,80,80,80,80,80,80,80,80,80,80,80,80,80,80,80,80,80,85,85,85,85,92,92,92,92,92,92,92,46,46,46,46,46,46,46,46,46,46,49,49],"card_choices":[{"not_picked":["Pummel","Ghostly Armor"],"picked":"Pommel Strike","floor":1},{"not_picked":["Anger","Shrug It Off"],"picked":"Seeing Red","floor":3},{"not_picked":["Heavy Blade","Headbutt"],"picked":"Flame Barrier","floor":4},{"not_picked":["Combust","Reckless Charge"],"picked":"Iron Wave","floor":5},{"not_picked":["Blood for Blood","Seeing Red"],"picked":"Second Wind","floor":6},{"not_picked":["Entrench","Bloodletting"],"picked":"Inflame","floor":7},{"not_picked":["Shrug It Off","Shockwave"],"picked":"Sever Soul","floor":11},{"not_picked":["True Grit","Armaments"],"picked":"Feel No Pain","floor":12},{"not_picked":["Anger","Bludgeon"],"picked":"Perfected Strike","floor":14},{"not_picked":["Brutality","Offering"],"picked":"Reaper","floor":16},{"not_picked":["Clothesline","Battle Trance+1"],"picked":"Heavy Blade+1","floor":18},{"not_picked":["Thunderclap","Iron Wave+1"],"picked":"Twin Strike+1","floor":19},{"not_picked":["Clothesline","Barricade"],"picked":"Shrug It Off","floor":24},{"not_picked":["Anger","Hemokinesis"],"picked":"Body Slam","floor":25},{"not_picked":["Burning Pact","Sword Boomerang+1"],"picked":"Infernal Blade+1","floor":28},{"not_picked":["Thunderclap","Clash"],"picked":"Flex","floor":29},{"not_picked":["Shrug It Off","Shockwave"],"picked":"Barricade","floor":30},{"not_picked":["Brutality","Bludgeon"],"picked":"Feed","floor":33},{"not_picked":["Reckless Charge","Anger+1"],"picked":"Headbutt+1","floor":35},{"not_picked":["Perfected Strike","Uppercut"],"picked":"Metallicize","floor":41}],"player_experience":129965,"relics_obtained":[{"floor":6,"key":"Bag of Preparation"},{"floor":11,"key":"Ornamental Fan"},{"floor":22,"key":"Necronomicon"},{"floor":24,"key":"Strawberry"},{"floor":26,"key":"Vajra"},{"floor":41,"key":"Bronze Scales"}],"event_choices":[{"damage_healed":0,"gold_gain":0,"player_choice":"Trade","damage_taken":0,"relics_obtained":["GremlinMask"],"max_hp_gain":0,"max_hp_loss":0,"event_name":"FaceTrader","floor":13,"gold_loss":0},{"damage_healed":0,"gold_gain":0,"player_choice":"Shed Blood","damage_taken":20,"max_hp_gain":5,"max_hp_loss":0,"event_name":"Forgotten Altar","floor":20,"gold_loss":0},{"damage_healed":0,"gold_gain":0,"player_choice":"Obtained Book","damage_taken":16,"max_hp_gain":0,"max_hp_loss":0,"event_name":"Cursed Tome","floor":22,"gold_loss":0},{"damage_healed":0,"gold_gain":0,"player_choice":"Became a Ghost","damage_taken":0,"max_hp_gain":0,"max_hp_loss":46,"event_name":"Ghosts","floor":31,"gold_loss":0,"cards_obtained":["Ghostly","Ghostly","Ghostly","Ghostly","Ghostly"]},{"damage_healed":0,"gold_gain":0,"player_choice":"Took Portal","damage_taken":0,"max_hp_gain":0,"max_hp_loss":0,"event_name":"SecretPortal","floor":36,"gold_loss":0}],"is_beta":false,"boss_relics":[{"not_picked":["Cursed Key","Pandora\u0027s Box"],"picked":"Astrolabe"},{"not_picked":["Runic Cube","Orrery"],"picked":"Runic Pyramid"}],"items_purged_floors":[],"is_endless":false,"potions_floor_spawned":[1,4,5,16,18,19,24,33,35],"killed_by":"The Heart","ascension_level":1}