{"gold_per_floor":[13,30,30,44,55,81,81,143,170,135,165,165,165,177,177,252,252,267,285,332,70,70,70],"floor_reached":23,"playtime":1034,"items_purged":[],"score":345,"play_id":"271261e1-8a78-490f-ab29-19ea5cb04973","local_time":"20190203150012","is_ascension_mode":true,"campfire_choices":[{"data":"Stack","floor":13,"key":"SMITH"},{"data":"Seek","floor":15,"key":"SMITH"}],"neow_cost":"NO_GOLD","seed_source_timestamp":503306172166324,"circlet_count":0,"master_deck":["AscendersBane","Strike_B+1","Defend_B","Zap+1","Dualcast","Rip and Tear","Stack+1","Cold Snap+1","Rip and Tear","Conserve Battery","Conserve Battery","Seek+1","Capacitor","Doom and Gloom","Heatsinks","Fission","Fusion+1","Echo Form+1","Steam+1","Rip and Tear","Steam","Loop"],"relics":["Cracked Core","Letter Opener","Tiny Chest","Whetstone","Strawberry","NlothsMask","Astrolabe","Lee\u0027s Waffle"],"potions_floor_usage":[6,23],"damage_taken":[{"damage":0,"enemies":"Cultist","floor":1,"turns":3},{"damage":4,"enemies":"2 Louse","floor":2,"turns":3},{"damage":0,"enemies":"Small Slimes","floor":4,"turns":2},{"damage":0,"enemies":"Red Slaver","floor":5,"turns":3},{"damage":23,"enemies":"Gremlin Nob","floor":6,"turns":4},{"damage":16,"enemies":"Lagavulin","floor":8,"turns":5},{"damage":17,"enemies":"Gremlin Nob","floor":11,"turns":4},{"damage":0,"enemies":"Looter","floor":14,"turns":2},{"damage":19,"enemies":"The Guardian","floor":16,"turns":10},{"damage":0,"enemies":"Spheric Guardian","floor":18,"turns":3},{"damage":32,"enemies":"2 Thieves","floor":19,"turns":4},{"damage":101,"enemies":"Gremlin Leader","floor":23,"turns":7}],"seed_played":"-328953606431004731","potions_obtained":[{"floor":1,"key":"EssenceOfSteel"},{"floor":5,"key":"AttackPotion"},{"floor":8,"key":"Strength Potion"}],"is_trial":false,"path_per_floor":["M","M","?","M","M","E","$","E","T","?","E","?","R","M","R","B",null,"M","M","T","$","?","E"],"character_chosen":"DEFECT","items_purchased":["Lee\u0027s Waffle","Loop"],"campfire_rested":0,"item_purchase_floors":[21,21],"current_hp_per_floor":[68,64,64,64,64,41,41,25,25,43,33,33,33,33,33,14,65,65,33,33,89,89,0],"gold":70,"neow_bonus":"TRANSFORM_TWO_CARDS","is_prod":false,"is_daily":false,"chose_seed":false,"campfire_upgraded":2,"win_rate":0,"timestamp":1549227612,"path_taken":["M","M","?","?","M","E","$","E","T","?","E","?","R","M","R","BOSS","M","M","?","$","?","E"],"build_version":"2019-01-23","purchased_purges":0,"victory":false,"max_hp_per_floor":[75,75,75,75,75,75,75,75,75,75,82,82,82,82,82,82,82,82,82,82,89,89,89],"card_choices":[{"not_picked":["Lockon","Barrage"],"picked":"Cold Snap","floor":1},{"not_picked":["Steam","Barrage"],"picked":"Rip and Tear","floor":2},{"not_picked":["Gash","Heatsinks"],"picked":"Conserve Battery","floor":4},{"not_picked":["Coolheaded","Redo"],"picked":"Conserve Battery","floor":5},{"not_picked":["Conserve Battery","Chill"],"picked":"Seek","floor":6},{"not_picked":["Hello World","Gash"],"picked":"Capacitor","floor":8},{"not_picked":["White Noise","Rebound"],"picked":"Doom and Gloom","floor":11},{"not_picked":["Redo","Reinforced Body"],"picked":"Heatsinks","floor":14},{"not_picked":["Meteor Strike","Buffer"],"picked":"Fission","floor":16},{"not_picked":["Darkness","Barrage"],"picked":"Rip and Tear","floor":18},{"not_picked":["Streamline","Sweeping Beam"],"picked":"Steam","floor":19}],"player_experience":523472,"relics_obtained":[{"floor":6,"key":"Letter Opener"},{"floor":8,"key":"Tiny Chest"},{"floor":9,"key":"Whetstone"},{"floor":11,"key":"Strawberry"}],"event_choices":[{"damage_healed":0,"gold_gain":0,"player_choice":"Upgraded","damage_taken":0,"max_hp_gain":0,"max_hp_loss":0,"event_name":"Upgrade Shrine","floor":3,"gold_loss":0,"cards_upgraded":["Zap"]},{"damage_healed":18,"gold_gain":0,"player_choice":"Healed","damage_taken":0,"max_hp_gain":0,"max_hp_loss":0,"event_name":"The Cleric","floor":10,"gold_loss":35},{"damage_healed":0,"gold_gain":0,"player_choice":"Trade","damage_taken":0,"relics_obtained":["NlothsMask"],"max_hp_gain":0,"max_hp_loss":0,"event_name":"FaceTrader","floor":12,"gold_loss":0},{"cards_removed":["Defend_B"],"damage_healed":0,"gold_gain":0,"player_choice":"Elegance","damage_taken":0,"max_hp_gain":0,"max_hp_loss":0,"event_name":"Back to Basics","floor":22,"gold_loss":0}],"is_beta":false,"boss_relics":[{"not_picked":["Runic Pyramid","Tiny House"],"picked":"Astrolabe"}],"items_purged_floors":[],"is_endless":false,"potions_floor_spawned":[1,5,8],"killed_by":"Gremlin Leader","ascension_level":13}