{"gold_per_floor":[110,0,11,29,29,56,56,88,88,117,133,133],"floor_reached":12,"playtime":755,"items_purged":["Doubt"],"score":118,"play_id":"3e85d175-8454-44e1-9f9a-41b2999c2c37","local_time":"20180814221433","is_ascension_mode":true,"campfire_choices":[{"floor":7,"key":"REST"}],"neow_cost":"NONE","seed_source_timestamp":7004347815257,"circlet_count":0,"master_deck":["Defend_G","Defend_G","Defend_G","Defend_G","Defend_G","Strike_G","Strike_G","Strike_G","Strike_G","Strike_G","Survivor+1","Neutralize","Clumsy","Decay","Blade Dance+1","Accuracy","Infinite Blades","Dagger Spray","Escape Plan","Catalyst","Accuracy+1"],"relics":["Calling Bell","Strawberry","Gremlin Horn","The Specimen","Frozen Egg 2","The Courier","Ninja Scroll","Blood Vial"],"potions_floor_usage":[6,6,12],"damage_taken":[{"damage":10,"enemies":"Cultist","floor":1,"turns":5},{"damage":4,"enemies":"Jaw Worm","floor":3,"turns":5},{"damage":0,"enemies":"2 Louse","floor":4,"turns":2},{"damage":9,"enemies":"3 Sentries","floor":6,"turns":6},{"damage":12,"enemies":"Lagavulin","floor":8,"turns":7},{"damage":32,"enemies":"Gremlin Nob","floor":10,"turns":5},{"damage":0,"enemies":"Exordium Wildlife","floor":11,"turns":2},{"damage":35,"enemies":"Lagavulin","floor":12,"turns":6}],"seed_played":"1106775771363566997","potions_obtained":[{"floor":3,"key":"Weak Potion"},{"floor":4,"key":"Swift Potion"},{"floor":11,"key":"Energy Potion"}],"is_trial":false,"path_per_floor":["M","$","M","M","?","E","R","E","T","E","M"],"character_chosen":"THE_SILENT","items_purchased":["Accuracy"],"campfire_rested":1,"item_purchase_floors":[2],"current_hp_per_floor":[67,67,63,63,48,39,62,50,50,18,20,0],"gold":133,"neow_bonus":"BOSS_RELIC","is_prod":false,"is_daily":false,"chose_seed":false,"campfire_upgraded":0,"win_rate":0,"timestamp":1534277673,"path_taken":["M","$","M","?","?","E","R","E","T","E","M","E"],"build_version":"2018-08-13v2","purchased_purges":1,"victory":false,"max_hp_per_floor":[77,77,77,77,77,77,77,77,77,77,77,77],"card_choices":[{"not_picked":["Predator","Well Laid Plans"],"picked":"Blade Dance","floor":1},{"not_picked":["Quick Slash","Blade Dance"],"picked":"Infinite Blades","floor":3},{"not_picked":["Distraction","Flying Knee"],"picked":"Dagger Spray","floor":4},{"not_picked":["Well Laid Plans","Heel Hook"],"picked":"Escape Plan","floor":6},{"not_picked":["Deadly Poison","Underhanded Strike"],"picked":"Catalyst","floor":8},{"not_picked":["Deflect","Dash"],"picked":"Accuracy+1","floor":10},{"not_picked":["Tactician","Bane","Crippling Poison"],"picked":"SKIP","floor":11}],"player_experience":405451,"relics_obtained":[{"floor":0,"key":"Strawberry"},{"floor":0,"key":"Gremlin Horn"},{"floor":0,"key":"The Specimen"},{"floor":6,"key":"Frozen Egg 2"},{"floor":8,"key":"The Courier"},{"floor":9,"key":"Ninja Scroll"},{"floor":10,"key":"Blood Vial"}],"event_choices":[{"event_name":"Shining Light","player_choice":"Entered Light","floor":5,"damage_taken":0}],"is_beta":true,"boss_relics":[],"items_purged_floors":[2],"is_endless":false,"potions_floor_spawned":[3,4,11],"killed_by":"Lagavulin","ascension_level":4}