{"gold_per_floor":[119,119,44,9,9,37,48,65,65,65,82,82,129,141,141,237,237,250,250,250,261,261,295,295,295,350,380,36,54,54,68,68,169,169,182,42,82,131,142,176,176,36,63,63,63,83,138,138],"floor_reached":48,"playtime":3367,"items_purged":["Regret","Pain","Strike_B","Strike_B"],"score":875,"play_id":"5b5f7e34-092b-46c6-8932-187094617b07","local_time":"20181102084851","is_ascension_mode":true,"campfire_choices":[{"data":"Fission","floor":12,"key":"SMITH"},{"data":"Ball Lightning","floor":15,"key":"SMITH"},{"data":"Jack Of All Trades","floor":30,"key":"SMITH"},{"data":"Compile Driver","floor":32,"key":"SMITH"},{"data":"Echo Form","floor":41,"key":"SMITH"},{"data":"Discovery","floor":44,"key":"SMITH"}],"neow_cost":"NONE","seed_source_timestamp":11124141552366,"circlet_count":0,"master_deck":["Defend_B","Defend_B","Defend_B","Defend_B","Zap+1","Dualcast","AscendersBane","Cold Snap+1","Ball Lightning+1","FTL","Fission+1","Ball Lightning+1","Cold Snap+1","Capacitor+1","Ball Lightning+1","Fusion","Chill","Panache","Jack Of All Trades+1","Compile Driver+1","Conserve Battery+1","Echo Form+1","Jack Of All Trades","Discovery+1","The Bomb"],"relics":["Cracked Core","NeowsBlessing","Singing Bowl","Sundial","Pantograph","Smiling Mask","Nuclear Battery","Bottled Tornado","WarpedTongs","MawBank","Busted Crown","Mango","Blood Vial","Bag of Marbles","Whetstone"],"potions_floor_usage":[16,33,33,33,46,47,47],"damage_taken":[{"damage":0,"enemies":"2 Louse","floor":1,"turns":1},{"damage":0,"enemies":"Gremlin Nob","floor":6,"turns":1},{"damage":0,"enemies":"Small Slimes","floor":7,"turns":1},{"damage":0,"enemies":"Cultist","floor":8,"turns":2},{"damage":32,"enemies":"Exordium Thugs","floor":11,"turns":4},{"damage":0,"enemies":"2 Fungi Beasts","floor":14,"turns":2},{"damage":18,"enemies":"Slime Boss","floor":16,"turns":8},{"damage":18,"enemies":"2 Thieves","floor":18,"turns":3},{"damage":8,"enemies":"Chosen","floor":21,"turns":4},{"damage":31,"enemies":"Slavers","floor":23,"turns":6},{"damage":13,"enemies":"Centurion and Healer","floor":27,"turns":6},{"damage":8,"enemies":"3 Cultists","floor":29,"turns":4},{"damage":8,"enemies":"Snecko","floor":31,"turns":3},{"damage":22,"enemies":"Champ","floor":33,"turns":9},{"damage":7,"enemies":"Orb Walker","floor":35,"turns":3},{"damage":21,"enemies":"3 Shapes","floor":37,"turns":4},{"damage":8,"enemies":"2 Orb Walkers","floor":38,"turns":4},{"damage":0,"enemies":"Maw","floor":39,"turns":5},{"damage":3,"enemies":"Giant Head","floor":40,"turns":7},{"damage":10,"enemies":"Writhing Mass","floor":46,"turns":5},{"damage":17,"enemies":"Nemesis","floor":47,"turns":5},{"damage":41,"enemies":"Spire Growth","floor":48,"turns":3}],"seed_played":"3348087559667197381","potions_obtained":[{"floor":7,"key":"Poison Potion"},{"floor":11,"key":"Dexterity Potion"},{"floor":16,"key":"Energy Potion"},{"floor":21,"key":"PowerPotion"},{"floor":31,"key":"SkillPotion"},{"floor":35,"key":"SteroidPotion"},{"floor":39,"key":"Swift Potion"},{"floor":46,"key":"Fire Potion"}],"is_trial":false,"path_per_floor":["M","?","$","?","?","E","M","M","T","?","M","R","T","M","R","B",null,"M","?","?","M","?","E","?","?","T","M","$","M","R","M","R","B",null,"M","$","M","?","M","E","R","$","T","R","?","M","E"],"character_chosen":"DEFECT","items_purchased":["Panache","Jack Of All Trades","Compile Driver","Jack Of All Trades","Discovery"],"campfire_rested":0,"item_purchase_floors":[28,28,28,36,42],"current_hp_per_floor":[68,68,68,75,75,75,75,75,75,60,28,28,28,28,28,35,65,47,47,47,39,85,56,56,56,56,45,45,39,39,31,31,34,77,72,72,53,61,63,62,62,62,62,62,56,50,37,0],"gold":138,"neow_bonus":"THREE_ENEMY_KILL","is_prod":false,"is_daily":false,"chose_seed":false,"campfire_upgraded":6,"win_rate":0,"timestamp":1541108931,"path_taken":["M","?","$","?","?","E","M","?","T","?","M","R","?","M","R","BOSS","M","?","?","?","?","E","?","?","T","M","$","M","R","M","R","BOSS","M","$","?","?","M","E","R","$","T","R","?","?","E","M"],"build_version":"2018-10-25v2","purchased_purges":4,"victory":false,"max_hp_per_floor":[75,75,75,75,75,75,75,75,75,75,75,75,75,75,75,75,75,75,75,75,75,85,87,87,87,87,89,89,91,91,91,91,91,91,93,93,95,111,113,115,115,115,115,115,119,121,123,123],"card_choices":[{"not_picked":["Scrape","Steam"],"picked":"Cold Snap","floor":1},{"not_picked":["Reinforced Body","Barrage"],"picked":"Ball Lightning","floor":6},{"not_picked":["Aggregate","Rebound"],"picked":"FTL","floor":7},{"not_picked":["Redo","Steam"],"picked":"Fission","floor":8},{"not_picked":["Aggregate","Recycle"],"picked":"Ball Lightning","floor":11},{"not_picked":["Go for the Eyes","Undo"],"picked":"Cold Snap","floor":14},{"not_picked":["Amplify","Multi-Cast"],"picked":"Rainbow","floor":16},{"not_picked":["Compile Driver+1","Skim+1"],"picked":"Capacitor+1","floor":18},{"not_picked":["Sweeping Beam+1","Gash"],"picked":"Ball Lightning+1","floor":21},{"not_picked":["Aggregate+1","Barrage","Steam"],"picked":"Singing Bowl","floor":23},{"not_picked":["Cold Snap","Double Energy","Stack"],"picked":"Singing Bowl","floor":27},{"not_picked":["Redo+1","Sunder+1","Self Repair"],"picked":"Singing Bowl","floor":29},{"not_picked":["Go for the Eyes","Fusion"],"picked":"Conserve Battery+1","floor":31},{"not_picked":["Reboot","Core Surge"],"picked":"Echo Form","floor":33},{"not_picked":["Leap+1"],"picked":"Singing Bowl","floor":35},{"not_picked":["Gash+1"],"picked":"Singing Bowl","floor":37},{"not_picked":["Rebound"],"picked":"Singing Bowl","floor":38},{"not_picked":["Creative AI"],"picked":"Singing Bowl","floor":39},{"not_picked":["Turbo+1"],"picked":"Singing Bowl","floor":40},{"not_picked":["Panacea"],"picked":"Singing Bowl","floor":45},{"not_picked":[],"picked":"The Bomb","floor":45},{"not_picked":["Enlightenment"],"picked":"Singing Bowl","floor":45},{"not_picked":["Stack"],"picked":"Singing Bowl","floor":46},{"not_picked":["Barrage"],"picked":"Singing Bowl","floor":47}],"player_experience":716607,"relics_obtained":[{"floor":6,"key":"Sundial"},{"floor":9,"key":"Pantograph"},{"floor":13,"key":"Smiling Mask"},{"floor":23,"key":"Bottled Tornado"},{"floor":26,"key":"MawBank"},{"floor":38,"key":"Mango"},{"floor":40,"key":"Blood Vial"},{"floor":43,"key":"Bag of Marbles"},{"floor":47,"key":"Whetstone"}],"event_choices":[{"damage_healed":0,"gold_gain":0,"player_choice":"Box","damage_taken":0,"relics_obtained":["Singing Bowl"],"max_hp_gain":0,"max_hp_loss":0,"event_name":"Big Fish","floor":2,"gold_loss":0,"cards_obtained":["Regret"]},{"damage_healed":18,"gold_gain":0,"player_choice":"Healed","damage_taken":0,"max_hp_gain":0,"max_hp_loss":0,"event_name":"The Cleric","floor":4,"gold_loss":35},{"damage_healed":0,"gold_gain":0,"player_choice":"Ignored","damage_taken":0,"max_hp_gain":0,"max_hp_loss":0,"event_name":"Liars Game","floor":5,"gold_loss":0},{"damage_healed":0,"gold_gain":0,"player_choice":"Entered Light","damage_taken":15,"max_hp_gain":0,"max_hp_loss":0,"event_name":"Shining Light","floor":10,"gold_loss":0,"cards_upgraded":["Zap","Cold Snap"]},{"damage_healed":0,"gold_gain":0,"player_choice":"Ignored","damage_taken":0,"max_hp_gain":0,"max_hp_loss":0,"event_name":"N\u0027loth","floor":19,"gold_loss":0},{"damage_healed":0,"gold_gain":0,"player_choice":"Ignored","damage_taken":0,"max_hp_gain":0,"max_hp_loss":0,"event_name":"Ghosts","floor":20,"gold_loss":0},{"cards_removed":["Rainbow"],"damage_healed":36,"gold_gain":0,"player_choice":"Offered Rare","damage_taken":0,"max_hp_gain":10,"max_hp_loss":0,"event_name":"Bonfire Elementals","floor":22,"gold_loss":0},{"damage_healed":0,"gold_gain":0,"player_choice":"Rummage","damage_taken":0,"relics_obtained":["WarpedTongs"],"max_hp_gain":0,"max_hp_loss":0,"event_name":"Accursed Blacksmith","floor":24,"gold_loss":0,"cards_obtained":["Pain"]},{"damage_healed":0,"gold_gain":0,"cards_transformed":["Strike_B","Strike_B"],"player_choice":"Became Test Subject","damage_taken":0,"max_hp_gain":0,"max_hp_loss":0,"event_name":"Drug Dealer","floor":25,"gold_loss":0,"cards_obtained":["Fusion","Chill"]},{"damage_healed":0,"gold_gain":0,"player_choice":"Fight","damage_taken":0,"max_hp_gain":0,"max_hp_loss":0,"event_name":"Mysterious Sphere","floor":38,"gold_loss":0},{"damage_healed":0,"gold_gain":0,"player_choice":"Memory 3","damage_taken":10,"max_hp_gain":0,"max_hp_loss":0,"event_name":"SensoryStone","floor":45,"gold_loss":0}],"is_beta":false,"boss_relics":[{"not_picked":["Black Star","Snecko Eye"],"picked":"Nuclear Battery"},{"not_picked":["Cursed Key","Astrolabe"],"picked":"Busted Crown"}],"items_purged_floors":[3,28,36,42],"is_endless":false,"potions_floor_spawned":[7,11,16,21,31,35,39,46],"killed_by":"Spire Growth","ascension_level":10}