{"gold_per_floor":[116,116,116,39,39,74,74,118,118,152,165,165,236,74,74,168,168,193,243,293,140,154,154,172,11,11,34,84,148,167,42,42,136,136,152,173,223,244,260,260,280,280],"floor_reached":42,"playtime":4148,"items_purged":["Strike_B","Strike_B","Writhe"],"score":1051,"play_id":"8531d001-ec4d-423c-8e54-29f6ece8b25e","local_time":"20181126145930","is_ascension_mode":true,"campfire_choices":[{"data":"Barrage","floor":7.0,"key":"SMITH"},{"data":"Consume","floor":15.0,"key":"SMITH"},{"data":"Reinforced Body","floor":23.0,"key":"SMITH"},{"floor":32,"key":"REST"},{"data":"Glacier","floor":40,"key":"SMITH"}],"neow_cost":"NONE","seed_source_timestamp":0,"circlet_count":0,"master_deck":["AscendersBane","Strike_B","Strike_B","Defend_B","Defend_B","Defend_B","Defend_B","Zap+1","Dualcast","Gash","Capacitor","Barrage+1","Coolheaded","Capacitor","Consume+1","Steam","Glacier+1","Cold Snap","Barrage","Conserve Battery","Echo Form","Reinforced Body+1","Compile Driver+1","Chill","Go for the Eyes","Compile Driver+1","Seek","FTL+1","Gash+1"],"special_seed":0,"relics":["Cracked Core","NeowsBlessing","Golden Idol","Blood Vial","Emotion Chip","Prayer Wheel","FossilizedHelix","SsserpentHead","Busted Crown","Darkstone Periapt","Ancient Tea Set","Happy Flower","Cursed Key"],"potions_floor_usage":[24,27,27,33],"damage_taken":[{"damage":0.0,"enemies":"Small Slimes","floor":1.0,"turns":1.0},{"damage":0.0,"enemies":"3 Sentries","floor":6.0,"turns":1.0},{"damage":0.0,"enemies":"Gremlin Nob","floor":8.0,"turns":1.0},{"damage":27.0,"enemies":"Lagavulin","floor":10.0,"turns":5.0},{"damage":0.0,"enemies":"2 Louse","floor":11.0,"turns":2.0},{"damage":0.0,"enemies":"Jaw Worm","floor":13.0,"turns":3.0},{"damage":0.0,"enemies":"Slime Boss","floor":16.0,"turns":9.0},{"damage":18.0,"enemies":"3 Byrds","floor":18.0,"turns":7.0},{"damage":5.0,"enemies":"Colosseum Slavers","floor":20.0,"turns":6.0},{"damage":12.0,"enemies":"Chosen","floor":22.0,"turns":6.0},{"damage":20,"enemies":"3 Cultists","floor":24,"turns":6},{"damage":12,"enemies":"Cultist and Chosen","floor":27,"turns":7},{"damage":0,"enemies":"Centurion and Healer","floor":29,"turns":6},{"damage":0,"enemies":"Snecko","floor":30,"turns":6},{"damage":0,"enemies":"Automaton","floor":33,"turns":14},{"damage":0,"enemies":"Orb Walker","floor":35,"turns":5},{"damage":0,"enemies":"3 Darklings","floor":36,"turns":6},{"damage":33,"enemies":"Jaw Worm Horde","floor":38,"turns":8},{"damage":0,"enemies":"Maw","floor":39,"turns":8},{"damage":7,"enemies":"Transient","floor":41,"turns":6},{"damage":58,"enemies":"Reptomancer","floor":42,"turns":2}],"seed_played":"2630082139291897931","potions_obtained":[{"floor":1.0,"key":"SteroidPotion"},{"floor":6.0,"key":"Dexterity Potion"},{"floor":16.0,"key":"Poison Potion"},{"floor":22.0,"key":"Fruit Juice"},{"floor":27,"key":"Fruit Juice"},{"floor":30,"key":"Strength Potion"},{"floor":35,"key":"GamblersBrew"},{"floor":39,"key":"Weak Potion"}],"is_trial":false,"path_per_floor":["M","?","?","$","?","E","R","E","T","E","M","?","M","$","R","B",null,"M","?","?","$","M","R","M","$","T","M","?","M","M","$","R","B",null,"M","M","?","M","M","R","M","E"],"character_chosen":"DEFECT","items_purchased":["Capacitor","Cold Snap","Barrage","Conserve Battery","SteroidPotion","Ancient Tea Set"],"campfire_rested":1,"item_purchase_floors":[4,14,14,14,21,25],"current_hp_per_floor":[64,64,69,69,69,69,69,69,69,42,44,44,46,46,46,48,64,48,54,51,51,41,41,23,23,23,23,23,25,27,27,52,54,77,79,81,81,50,52,52,47,0],"gold":280,"neow_bonus":"THREE_ENEMY_KILL","is_prod":false,"is_daily":false,"chose_seed":false,"campfire_upgraded":4,"win_rate":0,"timestamp":1543273170,"path_taken":["M","?","?","$","?","E","R","E","T","E","M","?","?","?","R","BOSS","M","?","?","$","M","R","M","$","T","M","?","?","M","$","R","BOSS","M","M","?","M","M","R","M","E"],"build_version":"2018-11-15","purchased_purges":3,"victory":false,"max_hp_per_floor":[71,71,76,76,69,69,69,69,69,69,69,69,69,69,69,69,69,69,75,75,75,75,75,75,75,75,85,85,85,85,85,85,85,85,85,85,85,85,85,85,85,85],"card_choices":[{"not_picked":["Reinforced Body","Lockon"],"picked":"Gash","floor":1.0},{"not_picked":["Go for the Eyes","Undo"],"picked":"Barrage","floor":6.0},{"not_picked":["Amplify","Stack"],"picked":"Coolheaded","floor":8.0},{"not_picked":["Turbo","Hello World"],"picked":"Capacitor","floor":10.0},{"not_picked":["Stack","Conserve Battery"],"picked":"Consume","floor":11.0},{"not_picked":["Rebound","Cold Snap","Leap"],"picked":"SKIP","floor":11.0},{"not_picked":["Turbo","Static Discharge"],"picked":"Steam","floor":13.0},{"not_picked":["Thunder Strike","Streamline"],"picked":"Glacier","floor":13.0},{"not_picked":["Creative AI","Hyperbeam"],"picked":"Echo Form","floor":16.0},{"not_picked":[],"picked":"Reinforced Body","floor":18.0},{"not_picked":["Redo"],"picked":"SKIP","floor":18.0},{"not_picked":["Sweeping Beam"],"picked":"SKIP","floor":22.0},{"not_picked":["Redo"],"picked":"SKIP","floor":22.0},{"not_picked":[],"picked":"Compile Driver+1","floor":24},{"not_picked":[],"picked":"Chill","floor":24},{"not_picked":[],"picked":"Go for the Eyes","floor":27},{"not_picked":["Hello World"],"picked":"SKIP","floor":27},{"not_picked":["Conserve Battery"],"picked":"SKIP","floor":29},{"not_picked":["Recycle+1"],"picked":"SKIP","floor":29},{"not_picked":["Go for the Eyes"],"picked":"SKIP","floor":30},{"not_picked":["Double Energy"],"picked":"SKIP","floor":30},{"not_picked":[],"picked":"Seek","floor":33},{"not_picked":["Doom and Gloom+1"],"picked":"SKIP","floor":35},{"not_picked":["Consume"],"picked":"SKIP","floor":35},{"not_picked":["Gash"],"picked":"SKIP","floor":36},{"not_picked":["Rebound"],"picked":"SKIP","floor":36},{"not_picked":["Rebound+1"],"picked":"SKIP","floor":38},{"not_picked":["Streamline"],"picked":"SKIP","floor":38},{"not_picked":[],"picked":"FTL+1","floor":39},{"not_picked":["Amplify"],"picked":"SKIP","floor":39},{"not_picked":[],"picked":"Gash+1","floor":41},{"not_picked":["BootSequence+1"],"picked":"SKIP","floor":41}],"player_experience":1370667,"relics_obtained":[{"floor":6.0,"key":"Blood Vial"},{"floor":8.0,"key":"Emotion Chip"},{"floor":9.0,"key":"Prayer Wheel"},{"floor":10.0,"key":"FossilizedHelix"},{"floor":26,"key":"Happy Flower"}],"event_choices":[{"damage_healed":0.0,"max_hp_gain":0.0,"max_hp_loss":0.0,"gold_gain":0.0,"event_name":"Living Wall","player_choice":"Grow","floor":2.0,"gold_loss":0.0,"damage_taken":0.0,"cards_upgraded":["Zap"]},{"damage_healed":0.0,"max_hp_gain":5.0,"max_hp_loss":0.0,"gold_gain":0.0,"event_name":"Big Fish","player_choice":"Donut","floor":3.0,"gold_loss":0.0,"damage_taken":0.0},{"damage_healed":0.0,"max_hp_gain":0.0,"max_hp_loss":7.0,"gold_gain":0.0,"event_name":"Golden Idol","player_choice":"Lose Max HP","floor":5.0,"gold_loss":0.0,"damage_taken":0.0,"relics_obtained":["Golden Idol"]},{"damage_healed":0.0,"max_hp_gain":0.0,"max_hp_loss":0.0,"gold_gain":0.0,"event_name":"FaceTrader","player_choice":"Trade","floor":12.0,"gold_loss":0.0,"damage_taken":0.0,"relics_obtained":["SsserpentHead"]},{"damage_healed":0.0,"max_hp_gain":0.0,"max_hp_loss":0.0,"gold_gain":0.0,"event_name":"The Mausoleum","player_choice":"Opened","floor":19.0,"gold_loss":0.0,"damage_taken":0.0,"relics_obtained":["Darkstone Periapt"],"cards_obtained":["Writhe"]},{"damage_healed":0.0,"max_hp_gain":0.0,"max_hp_loss":0.0,"gold_gain":0.0,"event_name":"Colosseum","player_choice":"Fight","floor":20.0,"gold_loss":0.0,"damage_taken":0.0},{"damage_healed":0.0,"max_hp_gain":0.0,"max_hp_loss":0.0,"gold_gain":0.0,"event_name":"Colosseum","player_choice":"Fled From Nobs","floor":20.0,"gold_loss":0.0,"damage_taken":0.0},{"damage_healed":0,"gold_gain":0,"player_choice":"Copied","damage_taken":0,"max_hp_gain":0,"max_hp_loss":0,"event_name":"Duplicator","floor":28,"gold_loss":0,"cards_obtained":["Compile Driver"]},{"damage_healed":0,"gold_gain":0,"player_choice":"0 cards matched","damage_taken":0,"max_hp_gain":0,"max_hp_loss":0,"event_name":"Match and Keep!","floor":37,"gold_loss":0,"cards_obtained":[]}],"is_beta":false,"boss_relics":[{"not_picked":["White Beast Statue","Runic Dome"],"picked":"Busted Crown"},{"not_picked":["Fusion Hammer","Philosopher\u0027s Stone"],"picked":"Cursed Key"}],"items_purged_floors":[14,21,31],"is_endless":false,"potions_floor_spawned":[1,6,8,16,22,27,30,35,39],"killed_by":"Reptomancer","ascension_level":17}