{"gold_per_floor":[110,127,139,214,226,252,252,285,285,301,301],"floor_reached":11,"playtime":756,"items_purged":[],"score":94,"play_id":"fa422b34-176a-42f0-9c4d-09dc78f3ac57","local_time":"20181223010201","is_ascension_mode":true,"campfire_choices":[{"floor":7,"key":"REST"}],"neow_cost":"NONE","seed_source_timestamp":363774494277141,"circlet_count":0,"master_deck":["Defend_G","Defend_G","Defend_G","Defend_G","Defend_G","Strike_G","Strike_G","Strike_G","Strike_G","Strike_G","Survivor","Neutralize","Deadly Poison","Heel Hook","Footwork","Accuracy","Noxious Fumes","Prepared","Terror"],"relics":["Ring of the Snake","Ancient Tea Set","Bronze Scales","Lantern","Orichalcum"],"potions_floor_usage":[5,11],"damage_taken":[{"damage":0,"enemies":"2 Louse","floor":1,"turns":4},{"damage":0,"enemies":"Small Slimes","floor":2,"turns":3},{"damage":0,"enemies":"Jaw Worm","floor":3,"turns":4},{"damage":4,"enemies":"Looter","floor":5,"turns":5},{"damage":31,"enemies":"3 Sentries","floor":6,"turns":13},{"damage":27,"enemies":"Gremlin Nob","floor":8,"turns":4},{"damage":9,"enemies":"Gremlin Gang","floor":10,"turns":4},{"damage":23,"enemies":"Exordium Thugs","floor":11,"turns":2}],"seed_played":"-7589140321731500356","potions_obtained":[{"floor":3,"key":"Regen Potion"},{"floor":5,"key":"FearPotion"},{"floor":8,"key":"PowerPotion"}],"is_trial":false,"path_per_floor":["M","M","M","?","M","E","R","E","T","M","M"],"character_chosen":"THE_SILENT","items_purchased":[],"campfire_rested":1,"item_purchase_floors":[],"current_hp_per_floor":[70,70,70,59,67,36,57,30,30,21,0],"gold":301,"neow_bonus":"RANDOM_COMMON_RELIC","is_prod":false,"is_daily":false,"chose_seed":false,"campfire_upgraded":0,"win_rate":0,"timestamp":1545544921,"path_taken":["M","M","M","?","M","E","R","E","T","M","M"],"build_version":"2018-12-20","purchased_purges":0,"victory":false,"max_hp_per_floor":[70,70,70,70,70,70,70,70,70,70,70],"card_choices":[{"not_picked":["Outmaneuver","Distraction"],"picked":"Deadly Poison","floor":1},{"not_picked":["Acrobatics","Expertise"],"picked":"Heel Hook","floor":2},{"not_picked":["Cloak And Dagger","Deadly Poison"],"picked":"Footwork","floor":3},{"not_picked":["Crippling Poison","Outmaneuver"],"picked":"Accuracy","floor":5},{"not_picked":["Terror","Outmaneuver"],"picked":"Noxious Fumes","floor":6},{"not_picked":["Eviscerate","Slice"],"picked":"Prepared","floor":8},{"not_picked":["Flying Knee","Outmaneuver"],"picked":"Terror","floor":10}],"player_experience":237830,"relics_obtained":[{"floor":6,"key":"Bronze Scales"},{"floor":8,"key":"Lantern"},{"floor":9,"key":"Orichalcum"}],"event_choices":[{"damage_healed":0,"gold_gain":75,"player_choice":"Gather Gold","damage_taken":11,"max_hp_gain":0,"max_hp_loss":0,"event_name":"World of Goop","floor":4,"gold_loss":0}],"is_beta":false,"boss_relics":[],"items_purged_floors":[],"is_endless":false,"potions_floor_spawned":[3,5,8],"killed_by":"Exordium Thugs","ascension_level":2}