{"gold_per_floor":[116,41,191,191,210,241,257,282,282,282,582,147,180,190,190,190],"floor_reached":16,"playtime":1473,"items_purged":["Strike_B"],"score":257,"play_id":"979f687a-18f6-45a1-91f5-3858543ae009","local_time":"20190206122639","is_ascension_mode":true,"campfire_choices":[{"floor":10.0,"key":"REST"},{"floor":15.0,"key":"REST"}],"neow_cost":"NONE","seed_source_timestamp":172210836707820,"circlet_count":0,"master_deck":["AscendersBane","Strike_B","Strike_B","Defend_B","Defend_B","Defend_B","Defend_B","Zap","Dualcast","Cold Snap","Self Repair","Beam Cell","Genetic Algorithm","Aggregate","Capacitor","Coolheaded","Ball Lightning","All For One"],"special_seed":0,"relics":["Cracked Core","NeowsBlessing","Unceasing Top","Mummified Hand","Calipers","Old Coin","PreservedInsect","Blue Candle"],"potions_floor_usage":[16,16],"damage_taken":[{"damage":0.0,"enemies":"Jaw Worm","floor":1.0,"turns":1.0},{"damage":0.0,"enemies":"2 Louse","floor":5.0,"turns":1.0},{"damage":0.0,"enemies":"3 Sentries","floor":6.0,"turns":1.0},{"damage":17.0,"enemies":"Small Slimes","floor":7.0,"turns":4.0},{"damage":39.0,"enemies":"Gremlin Nob","floor":8.0,"turns":5.0},{"damage":5.0,"enemies":"Lagavulin","floor":13.0,"turns":6.0},{"damage":5.0,"enemies":"3 Louse","floor":14.0,"turns":3.0},{"damage":40,"enemies":"The Guardian","floor":16,"turns":13}],"seed_played":"1480439404708002782","potions_obtained":[{"floor":8.0,"key":"EssenceOfSteel"},{"floor":13.0,"key":"Ancient Potion"},{"floor":14.0,"key":"Fruit Juice"}],"is_trial":false,"path_per_floor":["M","?","?","?","M","E","M","E","T","R","?","$","E","M","R","B"],"character_chosen":"DEFECT","items_purchased":["PreservedInsect","Capacitor","Coolheaded","FocusPotion"],"campfire_rested":2,"item_purchase_floors":[12,12,12,12],"current_hp_per_floor":[64,64,64,64,64,64,54,22,22,43,17,17,19,21,42,7],"gold":190,"neow_bonus":"THREE_ENEMY_KILL","is_prod":false,"is_daily":false,"chose_seed":false,"campfire_upgraded":0,"win_rate":0,"timestamp":1549481199,"path_taken":["M","?","?","?","M","E","?","E","T","R","?","$","E","M","R","BOSS"],"build_version":"2019-01-23","purchased_purges":1,"victory":false,"max_hp_per_floor":[71,71,71,71,71,71,71,71,71,71,71,71,71,71,71,76],"card_choices":[{"not_picked":["Go for the Eyes","Scrape"],"picked":"Cold Snap","floor":1.0},{"not_picked":["Gash","Consume"],"picked":"Self Repair","floor":5.0},{"not_picked":["Hologram","Darkness"],"picked":"Beam Cell","floor":6.0},{"not_picked":["Doom and Gloom","Blizzard"],"picked":"Genetic Algorithm","floor":7.0},{"not_picked":["Auto Shields","Force Field"],"picked":"Aggregate","floor":8.0},{"not_picked":["Rebound","Chaos"],"picked":"Ball Lightning","floor":13.0},{"not_picked":["Coolheaded","Ball Lightning"],"picked":"All For One","floor":14.0}],"player_experience":767585,"relics_obtained":[{"floor":6.0,"key":"Unceasing Top"},{"floor":8.0,"key":"Mummified Hand"},{"floor":9.0,"key":"Calipers"},{"floor":13.0,"key":"Blue Candle"}],"event_choices":[{"cards_removed":["Strike_B"],"damage_healed":0.0,"max_hp_gain":0.0,"max_hp_loss":0.0,"gold_gain":0.0,"event_name":"The Cleric","player_choice":"Card Removal","floor":2.0,"gold_loss":75.0,"damage_taken":0.0},{"damage_healed":0.0,"max_hp_gain":0.0,"max_hp_loss":0.0,"gold_gain":150.0,"event_name":"Liars Game","player_choice":"AGREE","floor":3.0,"gold_loss":0.0,"damage_taken":0.0,"cards_obtained":["Doubt"]},{"cards_removed":["Doubt"],"damage_healed":0.0,"max_hp_gain":0.0,"max_hp_loss":0.0,"gold_gain":0.0,"event_name":"Fountain of Cleansing","player_choice":"Removed Curses","floor":4.0,"gold_loss":0.0,"damage_taken":0.0},{"damage_healed":0.0,"max_hp_gain":0.0,"max_hp_loss":0.0,"gold_gain":0.0,"event_name":"Scrap Ooze","player_choice":"Success","floor":11.0,"gold_loss":0.0,"damage_taken":26.0,"relics_obtained":["Old Coin"]}],"is_beta":false,"boss_relics":[],"items_purged_floors":[12],"is_endless":false,"potions_floor_spawned":[8,13,14],"killed_by":"The Guardian","ascension_level":16}