{"gold_per_floor":[14,14,27,43,43,77,77,117,195,195,239,239,273,291,291,415,415,436,186,204,6,20,56,56,56,83,83,0,0,18,18],"floor_reached":31,"playtime":1554,"items_purged":["Strike_B","Strike_B"],"score":295,"play_id":"dfa3285b-a8c9-4ac1-bd71-2656f29bf637","local_time":"20190107212747","is_ascension_mode":true,"campfire_choices":[{"floor":7,"key":"REST"},{"floor":10,"key":"REST"},{"floor":12,"key":"REST"},{"floor":15,"key":"REST"},{"floor":24,"key":"REST"},{"data":"Tempest","floor":27,"key":"SMITH"}],"neow_cost":"NO_GOLD","seed_source_timestamp":36887194934481,"circlet_count":0,"master_deck":["Strike_B","Defend_B","Defend_B","Defend_B","Defend_B","Zap","Dualcast","Loop+1","Tempest+1","Ball Lightning","Thunder Strike","Cold Snap","Machine Learning","Ball Lightning+1","Loop+1","Conserve Battery","Undo","Redo+1"],"relics":["Cracked Core","Gambling Chip","Golden Idol","WingedGreaves","Smiling Mask","Darkstone Periapt","Mummified Hand","Unceasing Top","Inserter","DollysMirror","Chemical X","Ginger","Bag of Preparation","Blue Candle"],"potions_floor_usage":[13,16,16,22,23],"damage_taken":[{"damage":2,"enemies":"Small Slimes","floor":1,"turns":3},{"damage":1,"enemies":"Jaw Worm","floor":3,"turns":4},{"damage":1,"enemies":"Cultist","floor":4,"turns":3},{"damage":34,"enemies":"Lagavulin","floor":6,"turns":6},{"damage":30,"enemies":"3 Sentries","floor":8,"turns":6},{"damage":16,"enemies":"Gremlin Nob","floor":11,"turns":3},{"damage":21,"enemies":"Lagavulin","floor":13,"turns":5},{"damage":16,"enemies":"Exordium Wildlife","floor":14,"turns":4},{"damage":14,"enemies":"Hexaghost","floor":16,"turns":8},{"damage":17,"enemies":"Shell Parasite","floor":18,"turns":5},{"damage":3,"enemies":"Chosen","floor":20,"turns":3},{"damage":0,"enemies":"Snecko","floor":22,"turns":3},{"damage":48,"enemies":"Slavers","floor":23,"turns":4},{"damage":27,"enemies":"3 Cultists","floor":30,"turns":4},{"damage":9,"enemies":"Sentry and Sphere","floor":31,"turns":2}],"seed_played":"6581475942522734388","potions_obtained":[{"floor":4,"key":"GamblersBrew"},{"floor":13,"key":"LiquidBronze"},{"floor":14,"key":"PowerPotion"},{"floor":16,"key":"Block Potion"},{"floor":20,"key":"LiquidBronze"},{"floor":22,"key":"PowerPotion"}],"is_trial":false,"path_per_floor":["M","?","M","M","?","E","R","E","T","R","E","R","E","M","R","B",null,"M","$","M","$","M","E","R","?","T","R","$","T","M","M"],"character_chosen":"DEFECT","items_purchased":["DollysMirror","Chemical X","Undo"],"campfire_rested":5,"item_purchase_floors":[19,21,28],"current_hp_per_floor":[73,55,54,53,53,19,41,11,11,33,17,39,18,2,24,10,75,58,58,55,55,55,7,29,29,29,29,29,29,2,0],"gold":18,"neow_bonus":"ONE_RARE_RELIC","is_prod":false,"is_daily":false,"chose_seed":false,"campfire_upgraded":1,"win_rate":0,"timestamp":1546856867,"path_taken":["M","?","M","M","?","E","R","E","T","R","E","R","E","M","R","BOSS","M","$","M","$","M","E","R","?","T","R","?","?","M","M"],"build_version":"2018-11-15","purchased_purges":2,"victory":false,"max_hp_per_floor":[75,75,75,75,75,75,75,75,75,75,75,75,75,75,75,75,75,75,75,75,75,75,75,75,75,75,75,75,75,75,75],"card_choices":[{"not_picked":["Rebound","Recycle"],"picked":"Loop","floor":1},{"not_picked":["Gash","Barrage"],"picked":"Tempest","floor":3},{"not_picked":["Steam","Turbo","Genetic Algorithm"],"picked":"SKIP","floor":4},{"not_picked":["Hologram","Steam"],"picked":"Ball Lightning","floor":6},{"not_picked":["Undo","Leap"],"picked":"Thunder Strike","floor":8},{"not_picked":["Coolheaded","Reinforced Body","Darkness"],"picked":"SKIP","floor":11},{"not_picked":["Fusion","Aggregate","Coolheaded"],"picked":"SKIP","floor":13},{"not_picked":["Go for the Eyes","Chaos"],"picked":"Cold Snap","floor":14},{"not_picked":["Rainbow","Hyperbeam"],"picked":"Machine Learning","floor":16},{"not_picked":["Skim","Glacier"],"picked":"Ball Lightning+1","floor":18},{"not_picked":["Chaos","Genetic Algorithm+1","Beam Cell"],"picked":"SKIP","floor":20},{"not_picked":["Steam+1","Aggregate","Fusion"],"picked":"SKIP","floor":22},{"not_picked":["Streamline+1","Barrage"],"picked":"Conserve Battery","floor":23},{"not_picked":["Rip and Tear","Turbo"],"picked":"Redo+1","floor":30}],"player_experience":1027475,"relics_obtained":[{"floor":6,"key":"WingedGreaves"},{"floor":8,"key":"Smiling Mask"},{"floor":9,"key":"Darkstone Periapt"},{"floor":11,"key":"Mummified Hand"},{"floor":13,"key":"Unceasing Top"},{"floor":23,"key":"Ginger"},{"floor":26,"key":"Bag of Preparation"},{"floor":29,"key":"Blue Candle"}],"event_choices":[{"damage_healed":0,"gold_gain":0,"player_choice":"Take Damage","damage_taken":18,"relics_obtained":["Golden Idol"],"max_hp_gain":0,"max_hp_loss":0,"event_name":"Golden Idol","floor":2,"gold_loss":0},{"damage_healed":0,"gold_gain":0,"player_choice":"Grow","damage_taken":0,"max_hp_gain":0,"max_hp_loss":0,"event_name":"Living Wall","floor":5,"gold_loss":0,"cards_upgraded":["Loop"]},{"cards_removed":["Strike_B"],"damage_healed":0,"gold_gain":0,"player_choice":"Purged","damage_taken":0,"max_hp_gain":0,"max_hp_loss":0,"event_name":"Purifier","floor":25,"gold_loss":0}],"is_beta":true,"boss_relics":[{"not_picked":["Runic Pyramid","Orrery"],"picked":"Inserter"}],"items_purged_floors":[19,28],"is_endless":false,"potions_floor_spawned":[4,13,14,16,20,22],"killed_by":"Sentry and Sphere","ascension_level":1}