{"gold_per_floor":[113,24,41,60,74,109,109,140,140,140,140,140,152,172,172,277,277,291,291,301,351,365,365],"floor_reached":23,"playtime":1377,"items_purged":[],"score":203,"play_id":"552bf826-5b70-4f97-9923-d34f2bcc1455","local_time":"20181123222523","is_ascension_mode":false,"campfire_choices":[{"floor":7,"key":"REST"},{"floor":10,"key":"REST"},{"floor":12,"key":"REST"},{"floor":15,"key":"REST"}],"neow_cost":"NONE","seed_source_timestamp":176938191205072,"circlet_count":0,"master_deck":["Defend_G","Defend_G","Defend_G","Defend_G","Defend_G","Strike_G","Strike_G","Strike_G","Strike_G","Strike_G","Survivor","Neutralize","Riddle With Holes","Caltrops","Dodge and Roll","Quick Slash","Outmaneuver","Outmaneuver","Tactician","Underhanded Strike","Dagger Throw","Sucker Punch","Venomology","Backflip","Pain","Dodge and Roll","Quick Slash"],"relics":["Busted Crown","Vajra","Mercury Hourglass","Ornamental Fan","Darkstone Periapt","Fusion Hammer","WarpedTongs"],"potions_floor_usage":[8,16,18,20,22,22,23],"damage_taken":[{"damage":0,"enemies":"2 Louse","floor":1,"turns":3},{"damage":4,"enemies":"Cultist","floor":3,"turns":4},{"damage":0,"enemies":"Small Slimes","floor":4,"turns":3},{"damage":8,"enemies":"Blue Slaver","floor":5,"turns":4},{"damage":35,"enemies":"Lagavulin","floor":6,"turns":8},{"damage":29,"enemies":"Gremlin Nob","floor":8,"turns":5},{"damage":4,"enemies":"Lots of Slimes","floor":13,"turns":3},{"damage":2,"enemies":"Exordium Thugs","floor":14,"turns":3},{"damage":23,"enemies":"Hexaghost","floor":16,"turns":9},{"damage":17,"enemies":"Shell Parasite","floor":18,"turns":5},{"damage":2,"enemies":"2 Thieves","floor":20,"turns":4},{"damage":12,"enemies":"Cultist and Chosen","floor":22,"turns":6},{"damage":46,"enemies":"Gremlin Leader","floor":23,"turns":4}],"seed_played":"1713824590958017593","potions_obtained":[{"floor":1,"key":"Explosive Potion"},{"floor":4,"key":"Energy Potion"},{"floor":6,"key":"Ancient Potion"},{"floor":13,"key":"GamblersBrew"},{"floor":16,"key":"GamblersBrew"},{"floor":20,"key":"Fire Potion"},{"floor":22,"key":"SteroidPotion"}],"is_trial":false,"path_per_floor":["M","$","M","M","M","E","R","E","T","R","?","R","M","M","R","B",null,"M","?","M","?","M","E"],"character_chosen":"THE_SILENT","items_purchased":["Caltrops","Dodge and Roll"],"campfire_rested":4,"item_purchase_floors":[2,2],"current_hp_per_floor":[70,70,66,66,58,23,44,15,15,36,11,32,28,26,47,24,70,53,59,57,57,45,0],"gold":365,"neow_bonus":"BOSS_RELIC","is_prod":false,"is_daily":false,"chose_seed":false,"campfire_upgraded":0,"win_rate":0.0,"timestamp":1543029923,"path_taken":["M","$","M","M","M","E","R","E","T","R","?","R","M","M","R","BOSS","M","?","?","?","M","E"],"build_version":"2018-11-15","purchased_purges":0,"victory":false,"max_hp_per_floor":[70,70,70,70,70,70,70,70,70,70,70,70,70,70,70,70,70,70,76,76,76,76,76],"card_choices":[{"not_picked":[],"picked":"Riddle With Holes","floor":1},{"not_picked":[],"picked":"Quick Slash","floor":3},{"not_picked":[],"picked":"Outmaneuver","floor":4},{"not_picked":[],"picked":"Outmaneuver","floor":5},{"not_picked":[],"picked":"Tactician","floor":6},{"not_picked":[],"picked":"Underhanded Strike","floor":8},{"not_picked":[],"picked":"Dagger Throw","floor":13},{"not_picked":[],"picked":"Sucker Punch","floor":14},{"not_picked":[],"picked":"Venomology","floor":16},{"not_picked":[],"picked":"Backflip","floor":18},{"not_picked":[],"picked":"Dodge and Roll","floor":20},{"not_picked":[],"picked":"Quick Slash","floor":22}],"player_experience":64272,"relics_obtained":[{"floor":6,"key":"Vajra"},{"floor":8,"key":"Mercury Hourglass"},{"floor":9,"key":"Ornamental Fan"}],"event_choices":[{"damage_healed":0,"gold_gain":0,"player_choice":"Success","damage_taken":25,"relics_obtained":["Darkstone Periapt"],"max_hp_gain":0,"max_hp_loss":0,"event_name":"Scrap Ooze","floor":11,"gold_loss":0},{"damage_healed":0,"gold_gain":0,"player_choice":"Rummage","damage_taken":0,"relics_obtained":["WarpedTongs"],"max_hp_gain":0,"max_hp_loss":0,"event_name":"Accursed Blacksmith","floor":19,"gold_loss":0,"cards_obtained":["Pain"]},{"damage_healed":0,"gold_gain":100,"player_choice":"Bet on Murderer","damage_taken":0,"max_hp_gain":0,"max_hp_loss":0,"event_name":"The Joust","floor":21,"gold_loss":50}],"is_beta":false,"boss_relics":[{"not_picked":["Sozu","WristBlade"],"picked":"Fusion Hammer"}],"items_purged_floors":[],"is_endless":false,"potions_floor_spawned":[1,4,6,13,16,20,22],"killed_by":"Gremlin Leader","ascension_level":0}