{"gold_per_floor":[115,115,265,277,202,235,255,56,56,86,86,96,96,115,115,187,187,207,38,38,38,38],"floor_reached":22,"playtime":813,"items_purged":["Doubt"],"score":384,"play_id":"57d7f60a-c163-4f07-885e-bd60f6eeccda","local_time":"20190107112943","is_ascension_mode":true,"campfire_choices":[{"floor":11,"key":"REST"},{"data":"Buffer","floor":13,"key":"SMITH"},{"floor":15,"key":"REST"}],"neow_cost":"TEN_PERCENT_HP_LOSS","seed_source_timestamp":6791783016918,"circlet_count":0,"master_deck":["AscendersBane","Strike_B","Strike_B","Strike_B","Defend_B","Defend_B","Defend_B","Defend_B","Zap","Dualcast","Fusion","Doom and Gloom","Creative AI","Buffer+1","Turbo","FTL","Streamline","Conserve Battery","Fission","Force Field","Creative AI","Writhe","Darkness"],"relics":["Cracked Core","Ice Cream","Shuriken","Bag of Preparation","Happy Flower","Philosopher\u0027s Stone","Vajra"],"potions_floor_usage":[10,16],"damage_taken":[{"damage":7,"enemies":"Jaw Worm","floor":1,"turns":3},{"damage":1,"enemies":"Cultist","floor":4,"turns":4},{"damage":20,"enemies":"Lagavulin","floor":6,"turns":6},{"damage":5,"enemies":"Small Slimes","floor":7,"turns":3},{"damage":36,"enemies":"Gremlin Nob","floor":10,"turns":4},{"damage":4,"enemies":"Red Slaver","floor":12,"turns":3},{"damage":0,"enemies":"Large Slime","floor":14,"turns":4},{"damage":36,"enemies":"The Guardian","floor":16,"turns":10},{"damage":24,"enemies":"Spheric Guardian","floor":18,"turns":6},{"damage":26,"enemies":"3 Byrds","floor":22,"turns":1}],"seed_played":"-3784615267875947191","potions_obtained":[{"floor":4,"key":"FairyPotion"},{"floor":6,"key":"SteroidPotion"},{"floor":7,"key":"FocusPotion"},{"floor":12,"key":"SkillPotion"}],"is_trial":false,"path_per_floor":["M","$","?","M","$","E","M","$","T","E","R","M","R","M","R","B",null,"M","$","?","?","M"],"character_chosen":"DEFECT","items_purchased":["Buffer","Turbo","Creative AI"],"campfire_rested":2,"item_purchase_floors":[8,8,19],"current_hp_per_floor":[57,57,57,56,56,36,31,31,31,6,25,21,21,21,40,4,49,25,25,25,25,0],"gold":38,"neow_bonus":"ONE_RARE_RELIC","is_prod":false,"is_daily":false,"chose_seed":false,"campfire_upgraded":1,"win_rate":0,"timestamp":1546820983,"path_taken":["M","$","?","M","?","E","M","$","T","E","R","?","R","M","R","BOSS","M","$","?","?","M"],"build_version":"2018-11-15","purchased_purges":1,"victory":false,"max_hp_per_floor":[64,64,64,64,64,64,64,64,64,64,64,64,64,64,64,64,64,64,64,64,64,64],"card_choices":[{"not_picked":["Streamline","Rip and Tear"],"picked":"Fusion","floor":1},{"not_picked":["Coolheaded","Leap"],"picked":"Doom and Gloom","floor":4},{"not_picked":["Blizzard","Melter"],"picked":"Creative AI","floor":6},{"not_picked":["Beam Cell","Steam","Genetic Algorithm"],"picked":"SKIP","floor":7},{"not_picked":["Stack","Go for the Eyes"],"picked":"FTL","floor":10},{"not_picked":["Sweeping Beam","Barrage"],"picked":"Streamline","floor":12},{"not_picked":["Stack","Ball Lightning"],"picked":"Conserve Battery","floor":14},{"not_picked":["Seek","Machine Learning"],"picked":"Fission","floor":16},{"not_picked":["Steam","Stack"],"picked":"Force Field","floor":18}],"player_experience":1010837,"relics_obtained":[{"floor":6,"key":"Shuriken"},{"floor":9,"key":"Bag of Preparation"},{"floor":10,"key":"Happy Flower"}],"event_choices":[{"damage_healed":0,"gold_gain":150,"player_choice":"AGREE","damage_taken":0,"max_hp_gain":0,"max_hp_loss":0,"event_name":"Liars Game","floor":3,"gold_loss":0,"cards_obtained":["Doubt"]},{"damage_healed":0,"gold_gain":0,"player_choice":"Opened","damage_taken":0,"relics_obtained":["Vajra"],"max_hp_gain":0,"max_hp_loss":0,"event_name":"The Mausoleum","floor":20,"gold_loss":0,"cards_obtained":["Writhe"]},{"damage_healed":0,"gold_gain":0,"cards_transformed":["Strike_B"],"player_choice":"Transformed","damage_taken":0,"max_hp_gain":0,"max_hp_loss":0,"event_name":"Transmorgrifier","floor":21,"gold_loss":0,"cards_obtained":["Darkness"]}],"is_beta":true,"boss_relics":[{"not_picked":["White Beast Statue","Coffee Dripper"],"picked":"Philosopher\u0027s Stone"}],"items_purged_floors":[5],"is_endless":false,"potions_floor_spawned":[4,6,7,12],"killed_by":"3 Byrds","ascension_level":20}