{"gold_per_floor":[115,115,115,129,141,171,171,182,182,57,117,132,149,163,163,265,265,276,292,309,78,91,91,103,103,103,122,140,153,10,29,29,124,124,142,142,161,175,194,194,206,217,286,300,300,300,43,43,43,43],"floor_reached":51,"playtime":2116,"items_purged":["Strike_B","Defend_B"],"score":753,"play_id":"aca29013-417e-4929-b866-a88b0eb16209","local_time":"20190109234200","is_ascension_mode":true,"campfire_choices":[{"data":"Beam Cell","floor":7,"key":"SMITH"},{"floor":15,"key":"REST"},{"data":"Dualcast","floor":23,"key":"SMITH"},{"floor":32,"key":"REST"},{"floor":40,"key":"REST"},{"floor":46,"key":"REST"},{"data":"Defragment","floor":49,"key":"SMITH"}],"neow_cost":"NONE","seed_source_timestamp":1461986664653,"circlet_count":0,"master_deck":["Strike_B","Defend_B","Defend_B","Zap+1","Dualcast+1","Go for the Eyes+1","Conserve Battery","Ball Lightning","Beam Cell+1","Scrape","Beam Cell","Scrape","Conserve Battery","Defragment+1","FTL","Core Surge","Echo Form","Go for the Eyes","Steam+1","Biased Cognition","Steam+1","Beam Cell+1","Leap","Seek","All For One"],"relics":["Cracked Core","NeowsBlessing","Bag of Marbles","Bag of Preparation","Kunai","Busted Crown","Ancient Tea Set","Blue Candle","Regal Pillow","Empty Cage","Gremlin Horn","Letter Opener"],"potions_floor_usage":[6,14,14,22,31,33,33,41,50,50,50],"damage_taken":[{"damage":0,"enemies":"Small Slimes","floor":1,"turns":1},{"damage":0,"enemies":"2 Louse","floor":4,"turns":1},{"damage":0,"enemies":"Cultist","floor":5,"turns":1},{"damage":28,"enemies":"3 Sentries","floor":6,"turns":6},{"damage":2,"enemies":"Red Slaver","floor":8,"turns":2},{"damage":20,"enemies":"Gremlin Nob","floor":11,"turns":4},{"damage":0,"enemies":"Looter","floor":12,"turns":2},{"damage":0,"enemies":"Large Slime","floor":13,"turns":3},{"damage":0,"enemies":"Gremlin Gang","floor":14,"turns":3},{"damage":18,"enemies":"Slime Boss","floor":16,"turns":9},{"damage":0,"enemies":"3 Byrds","floor":18,"turns":4},{"damage":1,"enemies":"Chosen","floor":19,"turns":2},{"damage":0,"enemies":"Snecko","floor":20,"turns":3},{"damage":13,"enemies":"Snake Plant","floor":22,"turns":4},{"damage":0,"enemies":"Cultist and Chosen","floor":24,"turns":4},{"damage":11,"enemies":"3 Cultists","floor":27,"turns":5},{"damage":6,"enemies":"Chosen and Byrds","floor":28,"turns":3},{"damage":2,"enemies":"Cultist and Chosen","floor":29,"turns":4},{"damage":5,"enemies":"Snecko","floor":31,"turns":4},{"damage":33,"enemies":"Champ","floor":33,"turns":9},{"damage":23,"enemies":"3 Darklings","floor":35,"turns":5},{"damage":1,"enemies":"Orb Walker","floor":37,"turns":3},{"damage":42,"enemies":"4 Shapes","floor":38,"turns":8},{"damage":7,"enemies":"Spire Growth","floor":39,"turns":5},{"damage":10,"enemies":"Sphere and 2 Shapes","floor":41,"turns":5},{"damage":0,"enemies":"Maw","floor":42,"turns":7},{"damage":3,"enemies":"Spire Growth","floor":44,"turns":4},{"damage":7,"enemies":"Donu and Deca","floor":50,"turns":7}],"seed_played":"1263416501953834971","potions_obtained":[{"floor":4,"key":"LiquidBronze"},{"floor":8,"key":"LiquidBronze"},{"floor":11,"key":"SkillPotion"},{"floor":13,"key":"Energy Potion"},{"floor":16,"key":"SneckoOil"},{"floor":18,"key":"Ancient Potion"},{"floor":20,"key":"Swift Potion"},{"floor":22,"key":"Fruit Juice"},{"floor":29,"key":"Poison Potion"},{"floor":33,"key":"FocusPotion"},{"floor":37,"key":"Strength Potion"},{"floor":38,"key":"FearPotion"},{"floor":39,"key":"SkillPotion"},{"floor":44,"key":"LiquidBronze"}],"is_trial":false,"path_per_floor":["M","?","?","M","M","E","R","M","T","$","?","M","M","M","R","B",null,"M","M","M","$","M","R","M","?","T","M","M","M","$","M","R","B",null,"M","?","M","M","M","R","M","M","T","M","T","R","$","?","R","B",null],"character_chosen":"DEFECT","items_purchased":["Beam Cell","Ancient Tea Set","Echo Form","Regal Pillow","All For One"],"campfire_rested":4,"item_purchase_floors":[10,21,21,30,47],"current_hp_per_floor":[75,75,75,75,75,47,47,45,45,45,25,25,25,25,47,29,75,75,74,74,74,66,66,66,66,66,55,49,47,47,42,80,47,80,57,57,56,14,7,46,36,36,36,33,33,72,72,72,72,65],"gold":43,"neow_bonus":"THREE_ENEMY_KILL","is_prod":false,"is_daily":false,"chose_seed":false,"campfire_upgraded":3,"win_rate":0,"timestamp":1547073720,"path_taken":["M","?","?","M","M","E","R","?","T","?","?","M","M","M","R","BOSS","M","M","M","$","M","R","M","?","T","M","?","M","$","M","R","BOSS","M","?","M","M","M","R","M","M","T","M","?","R","$","?","R","BOSS"],"build_version":"2019-01-08","purchased_purges":2,"victory":true,"max_hp_per_floor":[75,75,75,75,75,75,75,75,75,75,75,75,75,75,75,75,75,75,75,75,75,80,80,80,80,80,80,80,80,80,80,80,80,80,80,80,80,80,80,80,80,80,80,80,80,80,80,76,76,76],"card_choices":[{"not_picked":["Turbo","Stack"],"picked":"Go for the Eyes","floor":1},{"not_picked":["Leap","Skim"],"picked":"Conserve Battery","floor":4},{"not_picked":["Darkness","Consume"],"picked":"Ball Lightning","floor":5},{"not_picked":["Darkness","Glacier"],"picked":"Beam Cell","floor":6},{"not_picked":["Gash","Fusion"],"picked":"Scrape","floor":8},{"not_picked":["Conserve Battery","Genetic Algorithm"],"picked":"Scrape","floor":11},{"not_picked":["Redo","Rip and Tear"],"picked":"Conserve Battery","floor":12},{"not_picked":["Stack","Sweeping Beam"],"picked":"Defragment","floor":13},{"not_picked":["Coolheaded","Cold Snap"],"picked":"FTL","floor":14},{"not_picked":["Reboot","Machine Learning"],"picked":"Core Surge","floor":16},{"not_picked":["Chaos"],"picked":"SKIP","floor":18},{"not_picked":["Streamline"],"picked":"SKIP","floor":19},{"not_picked":["Streamline"],"picked":"SKIP","floor":20},{"not_picked":["Tempest"],"picked":"SKIP","floor":22},{"not_picked":["Rebound"],"picked":"SKIP","floor":24},{"not_picked":[],"picked":"Turbo+1","floor":27},{"not_picked":["Beam Cell"],"picked":"SKIP","floor":28},{"not_picked":[],"picked":"Go for the Eyes","floor":29},{"not_picked":[],"picked":"Steam+1","floor":31},{"not_picked":[],"picked":"Biased Cognition","floor":33},{"not_picked":[],"picked":"Steam+1","floor":35},{"not_picked":[],"picked":"Beam Cell+1","floor":37},{"not_picked":["Undo+1"],"picked":"SKIP","floor":38},{"not_picked":[],"picked":"Leap","floor":39},{"not_picked":["Sweeping Beam+1"],"picked":"SKIP","floor":41},{"not_picked":[],"picked":"Seek","floor":42},{"not_picked":["Stack+1"],"picked":"SKIP","floor":44}],"player_experience":170927,"relics_obtained":[{"floor":6,"key":"Bag of Marbles"},{"floor":9,"key":"Bag of Preparation"},{"floor":26,"key":"Blue Candle"},{"floor":43,"key":"Gremlin Horn"},{"floor":45,"key":"Letter Opener"}],"event_choices":[{"damage_healed":0,"gold_gain":0,"player_choice":"Grow","damage_taken":0,"max_hp_gain":0,"max_hp_loss":0,"event_name":"Living Wall","floor":2,"gold_loss":0,"cards_upgraded":["Zap"]},{"damage_healed":0,"gold_gain":0,"player_choice":"Forge","damage_taken":0,"max_hp_gain":0,"max_hp_loss":0,"event_name":"Accursed Blacksmith","floor":3,"gold_loss":0,"cards_upgraded":["Go for the Eyes"]},{"damage_healed":0,"gold_gain":0,"player_choice":"Searched \u00272\u0027 times","damage_taken":0,"relics_obtained":["Kunai"],"max_hp_gain":0,"max_hp_loss":0,"event_name":"Dead Adventurer","floor":11,"gold_loss":0},{"cards_removed":["Defend_B"],"damage_healed":0,"gold_gain":0,"player_choice":"Offered Basic","damage_taken":0,"max_hp_gain":0,"max_hp_loss":0,"event_name":"Bonfire Elementals","floor":25,"gold_loss":0},{"cards_removed":["Turbo"],"damage_healed":0,"gold_gain":0,"player_choice":"Removed Skill","damage_taken":0,"max_hp_gain":0,"max_hp_loss":0,"event_name":"Falling","floor":36,"gold_loss":0},{"damage_healed":0,"gold_gain":0,"player_choice":"Max HP","damage_taken":0,"max_hp_gain":0,"max_hp_loss":4,"event_name":"Winding Halls","floor":48,"gold_loss":0}],"is_beta":true,"boss_relics":[{"not_picked":["Calling Bell","White Beast Statue"],"picked":"Busted Crown"},{"not_picked":["Eternal Feather","Coffee Dripper"],"picked":"Empty Cage"}],"items_purged_floors":[10,47],"is_endless":false,"potions_floor_spawned":[4,8,11,13,16,18,20,22,29,33,37,38,39,44],"ascension_level":3}