{"gold_per_floor":[364,243,243,256,256,256,143,168,168,193,209,209],"floor_reached":12,"playtime":1236,"items_purged":["Doubt"],"score":138,"play_id":"1656139e-b938-44ca-a85b-b9bd93c6e97b","local_time":"20181215091749","is_ascension_mode":true,"campfire_choices":[{"data":"Zap","floor":6,"key":"SMITH"}],"neow_cost":"CURSE","seed_source_timestamp":35793636067895,"circlet_count":0,"master_deck":["AscendersBane","Strike_B","Strike_B","Strike_B","Defend_B","Defend_B","Defend_B","Defend_B","Zap+1","Dualcast","Coolheaded","Cold Snap","Loop","Defragment","Regret","White Noise","Leap"],"relics":["Cracked Core","Matryoshka","Ancient Tea Set","Anchor","Omamori","Dream Catcher","Gremlin Horn"],"potions_floor_usage":[10],"damage_taken":[{"damage":12,"enemies":"Jaw Worm","floor":1,"turns":3},{"damage":1,"enemies":"Cultist","floor":4,"turns":4},{"damage":22,"enemies":"Lagavulin","floor":8,"turns":8},{"damage":32,"enemies":"3 Sentries","floor":10,"turns":9},{"damage":0,"enemies":"2 Louse","floor":11,"turns":2},{"damage":1,"enemies":"Gremlin Gang","floor":12,"turns":1}],"seed_played":"-1115662729404361003","potions_obtained":[{"floor":8,"key":"EssenceOfSteel"},{"floor":11,"key":"Block Potion"}],"is_trial":false,"path_per_floor":["M","$","?","M","?","R","?","E","T","E","M","M"],"character_chosen":"DEFECT","items_purchased":["Cold Snap"],"campfire_rested":0,"item_purchase_floors":[2],"current_hp_per_floor":[56,56,56,55,55,55,55,33,33,1,1,0],"gold":209,"neow_bonus":"TWO_FIFTY_GOLD","is_prod":false,"is_daily":false,"chose_seed":false,"campfire_upgraded":1,"win_rate":0,"timestamp":1544890669,"path_taken":["M","$","?","?","?","R","?","E","T","E","M","?"],"build_version":"2018-12-13","purchased_purges":1,"victory":false,"max_hp_per_floor":[75,75,75,75,75,75,75,75,75,75,75,75],"card_choices":[{"not_picked":["Steam Power","Beam Cell"],"picked":"Coolheaded","floor":1},{"not_picked":["Beam Cell","Hologram"],"picked":"Defragment","floor":4},{"not_picked":["Coolheaded","Melter"],"picked":"White Noise","floor":8},{"not_picked":["Stack","Redo","Coolheaded"],"picked":"SKIP","floor":10},{"not_picked":["Static Discharge","Gash"],"picked":"Leap","floor":11}],"player_experience":701084,"relics_obtained":[{"floor":8,"key":"Anchor"},{"floor":9,"key":"Omamori"},{"floor":9,"key":"Dream Catcher"},{"floor":10,"key":"Gremlin Horn"}],"event_choices":[{"damage_healed":0,"gold_gain":0,"cards_transformed":["Strike_B"],"player_choice":"Transformed","damage_taken":0,"max_hp_gain":0,"max_hp_loss":0,"event_name":"Transmorgrifier","floor":3,"gold_loss":0,"cards_obtained":["Loop"]},{"damage_healed":0,"gold_gain":0,"player_choice":"Box","damage_taken":0,"relics_obtained":["Matryoshka"],"max_hp_gain":0,"max_hp_loss":0,"event_name":"Big Fish","floor":5,"gold_loss":0,"cards_obtained":["Regret"]},{"damage_healed":0,"gold_gain":0,"player_choice":"Paid Gold","damage_taken":0,"relics_obtained":["Ancient Tea Set"],"max_hp_gain":0,"max_hp_loss":0,"event_name":"WeMeetAgain","floor":7,"gold_loss":113}],"is_beta":false,"boss_relics":[],"items_purged_floors":[2],"is_endless":false,"potions_floor_spawned":[8,11],"killed_by":"Gremlin Gang","ascension_level":12}