{"gold_per_floor":[118,135,148,298,298,298,66,66,96,111,123,123,123,155,155,155],"floor_reached":16,"playtime":394,"items_purged":["Doubt"],"score":200,"play_id":"1df547d3-ee67-4398-8efb-1368bd2489e6","local_time":"20190126141936","is_ascension_mode":true,"campfire_choices":[{"floor":6,"key":"DIG"},{"floor":8,"key":"DIG"},{"floor":13,"key":"DIG"},{"floor":15,"key":"DIG"}],"neow_cost":"NONE","seed_source_timestamp":271277661155362,"circlet_count":0,"master_deck":["AscendersBane","Strike_R","Strike_R","Strike_R","Strike_R","Strike_R","Defend_R","Defend_R","Defend_R","Defend_R","Bash+1","Corruption","Clothesline","Shrug It Off","Feed","Fiend Fire","Body Slam","Infernal Blade"],"relics":["Burning Blood","Shovel","Ancient Tea Set","Frozen Egg 2","Tiny Chest","Pear","Matryoshka","Omamori","PreservedInsect"],"potions_floor_usage":[2,14,14,16],"damage_taken":[{"damage":12,"enemies":"2 Louse","floor":1,"turns":3},{"damage":0,"enemies":"Jaw Worm","floor":2,"turns":4},{"damage":6,"enemies":"Small Slimes","floor":3,"turns":5},{"damage":11,"enemies":"Looter","floor":10,"turns":3},{"damage":8,"enemies":"Blue Slaver","floor":11,"turns":2},{"damage":22,"enemies":"3 Sentries","floor":14,"turns":7},{"damage":47,"enemies":"The Guardian","floor":16,"turns":10}],"seed_played":"-7085656064898281687","potions_obtained":[{"floor":1,"key":"Block Potion"},{"floor":10,"key":"SteroidPotion"},{"floor":11,"key":"SneckoOil"},{"floor":14,"key":"Explosive Potion"}],"is_trial":false,"path_per_floor":["M","M","M","?","T","R","$","R","T","M","M","?","R","E","R","B"],"character_chosen":"IRONCLAD","items_purchased":["Feed"],"campfire_rested":0,"item_purchase_floors":[7],"current_hp_per_floor":[62,68,68,68,68,68,68,68,68,63,61,60,60,47,47,0],"gold":155,"neow_bonus":"UPGRADE_CARD","is_prod":false,"is_daily":false,"chose_seed":false,"campfire_upgraded":0,"win_rate":0,"timestamp":1548537576,"path_taken":["M","M","M","?","?","R","?","R","T","M","M","?","R","E","R","BOSS"],"build_version":"2019-01-23","purchased_purges":1,"victory":false,"max_hp_per_floor":[75,75,75,75,75,75,75,75,75,75,75,85,85,88,88,88],"card_choices":[{"not_picked":["True Grit","Perfected Strike"],"picked":"Corruption","floor":1},{"not_picked":["Rupture","Flex"],"picked":"Clothesline","floor":2},{"not_picked":["Iron Wave","Twin Strike"],"picked":"Shrug It Off","floor":3},{"not_picked":["Body Slam","Twin Strike"],"picked":"Fiend Fire","floor":10},{"not_picked":["Perfected Strike","Power Through"],"picked":"Body Slam","floor":11},{"not_picked":["Sword Boomerang","Fire Breathing+1"],"picked":"Infernal Blade","floor":14}],"player_experience":746540,"relics_obtained":[{"floor":5,"key":"Shovel"},{"floor":6,"key":"Ancient Tea Set"},{"floor":8,"key":"Frozen Egg 2"},{"floor":9,"key":"Tiny Chest"},{"floor":13,"key":"Matryoshka"},{"floor":14,"key":"Omamori"},{"floor":15,"key":"PreservedInsect"}],"event_choices":[{"damage_healed":0,"gold_gain":150,"player_choice":"AGREE","damage_taken":0,"max_hp_gain":0,"max_hp_loss":0,"event_name":"Liars Game","floor":4,"gold_loss":0,"cards_obtained":["Doubt"]},{"damage_healed":0,"gold_gain":0,"player_choice":"Success","damage_taken":11,"relics_obtained":["Pear"],"max_hp_gain":0,"max_hp_loss":0,"event_name":"Scrap Ooze","floor":12,"gold_loss":0}],"is_beta":false,"boss_relics":[],"items_purged_floors":[7],"is_endless":false,"potions_floor_spawned":[1,10,11,14],"killed_by":"The Guardian","ascension_level":20}