{"gold_per_floor":[113,127,142,158,169,169,121,121],"floor_reached":8,"playtime":689,"items_purged":[],"score":98,"play_id":"7879c935-9189-449c-967b-7504c33537a1","local_time":"20190122094156","is_ascension_mode":true,"campfire_choices":[{"data":"Neutralize","floor":6,"key":"SMITH"}],"neow_cost":"NONE","seed_source_timestamp":494726308274310,"circlet_count":0,"master_deck":["AscendersBane","Defend_G","Defend_G","Defend_G","Defend_G","Defend_G","Strike_G","Strike_G","Strike_G","Strike_G","Strike_G","Survivor","Neutralize+1","Backstab","Dagger Throw","Cloak And Dagger","Infinite Blades","Dodge and Roll"],"relics":["Ring of the Snake"],"potions_floor_usage":[],"damage_taken":[{"damage":1,"enemies":"2 Louse","floor":1,"turns":4},{"damage":3,"enemies":"Small Slimes","floor":2,"turns":3},{"damage":0,"enemies":"Cultist","floor":3,"turns":4},{"damage":6,"enemies":"2 Fungi Beasts","floor":4,"turns":4},{"damage":4,"enemies":"Red Slaver","floor":5,"turns":3},{"damage":52,"enemies":"Lagavulin","floor":8,"turns":8}],"seed_played":"-808409596857492510","potions_obtained":[{"floor":4,"key":"Ancient Potion"}],"is_trial":false,"path_per_floor":["M","M","M","M","M","R","?","E"],"character_chosen":"THE_SILENT","items_purchased":[],"campfire_rested":0,"item_purchase_floors":[],"current_hp_per_floor":[58,55,55,49,45,45,45,0],"gold":121,"neow_bonus":"THREE_CARDS","is_prod":false,"is_daily":false,"chose_seed":false,"campfire_upgraded":1,"win_rate":0,"timestamp":1548178916,"path_taken":["M","M","M","M","M","R","?","E"],"build_version":"2019-01-17v2","purchased_purges":0,"victory":false,"max_hp_per_floor":[66,66,66,66,66,66,66,66],"card_choices":[{"not_picked":["Backflip","Prepared"],"picked":"Backstab","floor":0},{"not_picked":["Cloak And Dagger","Quick Slash"],"picked":"Dagger Throw","floor":1},{"not_picked":["Prepared","Deflect"],"picked":"Cloak And Dagger","floor":2},{"not_picked":["Outmaneuver","Deflect","Blade Dance"],"picked":"SKIP","floor":3},{"not_picked":["Endless Agony","Terror"],"picked":"Infinite Blades","floor":4},{"not_picked":["Endless Agony","Expertise"],"picked":"Dodge and Roll","floor":5}],"player_experience":1711177,"relics_obtained":[],"event_choices":[{"damage_healed":0,"gold_gain":0,"player_choice":"Left Gold","damage_taken":0,"max_hp_gain":0,"max_hp_loss":0,"event_name":"World of Goop","floor":7,"gold_loss":48}],"is_beta":false,"boss_relics":[],"items_purged_floors":[],"is_endless":false,"potions_floor_spawned":[4],"killed_by":"Lagavulin","ascension_level":19}