{"gold_per_floor":[116,133,145,158,170,195,213,226,279,279,58,58,102,67,67,67],"floor_reached":16,"playtime":792,"items_purged":["Strike_G"],"score":177,"play_id":"e4c1767d-1116-4bbd-b300-2d8b3c835e66","local_time":"20190119131830","is_ascension_mode":true,"campfire_choices":[{"floor":10,"key":"REST"},{"data":"Noxious Fumes","floor":15,"key":"SMITH"}],"neow_cost":"NONE","seed_source_timestamp":501479065807533,"circlet_count":0,"master_deck":["AscendersBane","Defend_G","Defend_G","Defend_G+1","Defend_G","Defend_G","Strike_G","Strike_G","Strike_G","Survivor","Neutralize","Dagger Spray","Noxious Fumes+1","Tactician+1","Backstab","PiercingWail","Bane","Blur","Dagger Spray","Venomology"],"relics":["Ring of the Snake","Omamori","Anchor","War Paint","Golden Idol","Bottled Flame"],"potions_floor_usage":[6,8,16,16],"damage_taken":[{"damage":1,"enemies":"Cultist","floor":1,"turns":5},{"damage":0,"enemies":"Small Slimes","floor":2,"turns":4},{"damage":2,"enemies":"Jaw Worm","floor":3,"turns":4},{"damage":14,"enemies":"Exordium Thugs","floor":4,"turns":5},{"damage":12,"enemies":"Lots of Slimes","floor":5,"turns":3},{"damage":30,"enemies":"Lagavulin","floor":6,"turns":9},{"damage":3,"enemies":"Blue Slaver","floor":7,"turns":4},{"damage":0,"enemies":"Exordium Thugs","floor":8,"turns":3},{"damage":11,"enemies":"3 Sentries","floor":13,"turns":7},{"damage":28,"enemies":"Slime Boss","floor":16,"turns":11}],"seed_played":"-480774077080093621","potions_obtained":[{"floor":1,"key":"Energy Potion"},{"floor":2,"key":"EssenceOfSteel"},{"floor":7,"key":"AttackPotion"}],"is_trial":false,"path_per_floor":["M","M","M","M","M","E","M","M","T","R","$","?","E","?","R","B"],"character_chosen":"THE_SILENT","items_purchased":["War Paint"],"campfire_rested":1,"item_purchase_floors":[11],"current_hp_per_floor":[62,62,60,46,34,4,1,1,1,22,22,22,11,28,28,0],"gold":67,"neow_bonus":"TRANSFORM_CARD","is_prod":false,"is_daily":false,"chose_seed":false,"campfire_upgraded":1,"win_rate":0,"timestamp":1547925510,"path_taken":["M","M","?","M","M","E","M","M","T","R","$","?","E","?","R","BOSS"],"build_version":"2019-01-17v2","purchased_purges":1,"victory":false,"max_hp_per_floor":[70,70,70,70,70,70,70,70,70,70,70,70,70,70,70,70],"card_choices":[{"not_picked":["Concentrate","Dagger Throw"],"picked":"Noxious Fumes","floor":1},{"not_picked":["Infinite Blades","Expertise"],"picked":"Tactician","floor":2},{"not_picked":["Accuracy","Cloak And Dagger"],"picked":"Backstab","floor":3},{"not_picked":["Skewer","Deadly Poison"],"picked":"PiercingWail","floor":4},{"not_picked":["Dagger Spray","Acrobatics"],"picked":"Bane","floor":5},{"not_picked":["Crippling Poison","Choke"],"picked":"Blur","floor":6},{"not_picked":["Acrobatics","Dagger Throw"],"picked":"Dagger Spray","floor":7},{"not_picked":["Masterful Stab","Cloak And Dagger","Deadly Poison"],"picked":"SKIP","floor":8},{"not_picked":["Accuracy","Slice"],"picked":"Venomology","floor":13}],"player_experience":464392,"relics_obtained":[{"floor":6,"key":"Omamori"},{"floor":9,"key":"Anchor"},{"floor":13,"key":"Bottled Flame"}],"event_choices":[{"damage_healed":0,"gold_gain":0,"player_choice":"Take Wound","damage_taken":0,"relics_obtained":["Golden Idol"],"max_hp_gain":0,"max_hp_loss":0,"event_name":"Golden Idol","floor":12,"gold_loss":0,"cards_obtained":["Injury"]},{"damage_healed":17,"gold_gain":0,"player_choice":"Healed","damage_taken":0,"max_hp_gain":0,"max_hp_loss":0,"event_name":"The Cleric","floor":14,"gold_loss":35}],"is_beta":false,"boss_relics":[],"items_purged_floors":[11],"is_endless":false,"potions_floor_spawned":[1,2,3,7],"killed_by":"Slime Boss","ascension_level":11}