{"path_per_floor":["M","M","?","M","M","E","M","R","T","M","M","M","M","M","R","B",null,"M","M","M","M","?","R","M","M","T","R","M","$","?","M","R","B",null,"M","M","M","$","M","R","M","R","T","M","R","$","?","M","R","B"],"character_chosen":"THE_SILENT","items_purchased":["Pear","Bag of Preparation","Strawberry"],"gold_per_floor":[114,129,129,144,159,189,204,204,204,219,234,249,264,279,279,379,379,394,409,424,439,439,439,454,469,469,469,484,84,84,99,99,199,199,214,229,244,244,259,259,274,274,274,289,289,139,139,154,154,154],"floor_reached":51,"campfire_rested":1,"playtime":2115,"item_purchase_floors":[29,29,46],"current_hp_per_floor":[59,59,59,59,36,22,22,58,58,53,53,46,45,59,59,45,84,84,67,67,65,42,42,27,8,8,8,14,24,24,18,18,30,52,52,51,49,49,52,52,52,52,52,34,34,41,41,43,43,58],"items_purged":[],"gold":154,"score":790,"play_id":"b9e9fe85-05d8-4c4b-baf2-d7262f422ca3","local_time":"20180618003643","daily_mods":["Insanity","Binary","Vintage"],"is_prod":false,"is_daily":true,"chose_seed":false,"is_ascension_mode":false,"campfire_upgraded":8,"win_rate":0,"timestamp":1529246203,"campfire_choices":[{"floor":8,"key":"REST"},{"data":"A Thousand Cuts","floor":15,"key":"SMITH"},{"data":"A Thousand Cuts","floor":23,"key":"SMITH"},{"data":"Tools of the Trade","floor":27,"key":"SMITH"},{"data":"Footwork","floor":32,"key":"SMITH"},{"data":"Backstab","floor":40,"key":"SMITH"},{"data":"Backstab","floor":42,"key":"SMITH"},{"data":"Tactician","floor":45,"key":"SMITH"},{"data":"Noxious Fumes","floor":49,"key":"SMITH"}],"path_taken":["M","M","?","M","M","E","M","R","T","M","M","?","M","M","R","BOSS","M","M","M","M","?","R","M","M","T","R","M","$","?","M","R","BOSS","M","M","M","$","M","R","M","R","T","M","R","$","?","M","R","BOSS"],"build_version":"2018-06-14v2","seed_source_timestamp":0,"purchased_purges":0,"victory":true,"master_deck":["A Thousand Cuts+1","Distraction+1","Reflex","Backstab+1","Reflex","Sucker Punch","Terror","Blade Dance","Footwork+1","Endless Agony","Deflect","Expertise","Bouncing Flask","Heel Hook","PiercingWail","Infinite Blades","Eviscerate","Tools of the Trade+1","Poisoned Stab","Bullet Time","Strike_G","Slice","Noxious Fumes+1","Crippling Poison","Backstab+1","Tactician+1","Quick Slash+1","Underhanded Strike","All Out Attack","Wraith Form v2","Die Die Die","A Thousand Cuts+1","Underhanded Strike","Defend_G","Outmaneuver","Heel Hook","Burst","Catalyst","Infinite Blades","Endless Agony","Storm of Steel+1","Reflex","Slice","Phantasmal Killer+1","Catalyst","Blade Dance","Survivor","Leg Sweep","Flechettes","Deflect","Outmaneuver","Unload+1","Ghostly","Ghostly","Ghostly","Ghostly","Ghostly","Tactician"],"max_hp_per_floor":[70,70,70,70,70,70,70,70,70,70,70,70,70,84,84,84,84,84,84,84,84,42,42,42,42,42,42,42,52,52,52,52,52,52,52,52,52,52,52,52,52,52,52,52,52,59,59,59,59,59],"special_seed":17699,"relics":["Ring of the Snake","Tingsha","Regal Pillow","Vajra","Oddly Smooth Stone","Question Card","War Paint","Art of War","Singing Bowl","Potion Belt","Darkstone Periapt","Ancient Tea Set","Mango","Blue Candle","Coffee Dripper","Bag of Marbles","Whetstone","Letter Opener","Bird Faced Urn","Juzu Bracelet","Anchor","Kunai","Tough Bandages","Pear","Bag of Preparation","Ornamental Fan","Blood Vial","White Beast Statue","Meat on the Bone","Omamori","Mummified Hand","Centennial Puzzle","Dodecahedron","Sundial","Happy Flower","Strawberry","Bottled Flame"],"card_choices":[{"not_picked":["Bullet Time"],"picked":"Outmaneuver","floor":6},{"not_picked":["Glass Knife","Venomology"],"picked":"Unload","floor":16},{"not_picked":["Night Terror","Bullet Time"],"picked":"Tactician","floor":33}],"player_experience":354488,"potions_floor_usage":[28,33],"damage_taken":[{"damage":11,"enemies":"Jaw Worm","floor":1,"turns":2},{"damage":0,"enemies":"Small Slimes","floor":2,"turns":2},{"damage":0,"enemies":"Cultist","floor":4,"turns":2},{"damage":23,"enemies":"Gremlin Gang","floor":5,"turns":3},{"damage":14,"enemies":"Gremlin Nob","floor":6,"turns":3},{"damage":0,"enemies":"3 Louse","floor":7,"turns":1},{"damage":5,"enemies":"Exordium Thugs","floor":10,"turns":3},{"damage":0,"enemies":"Looter","floor":11,"turns":1},{"damage":7,"enemies":"3 Louse","floor":12,"turns":2},{"damage":1,"enemies":"Blue Slaver","floor":13,"turns":2},{"damage":0,"enemies":"Red Slaver","floor":14,"turns":1},{"damage":14,"enemies":"Slime Boss","floor":16,"turns":5},{"damage":0,"enemies":"Spheric Guardian","floor":18,"turns":3},{"damage":17,"enemies":"2 Thieves","floor":19,"turns":2},{"damage":0,"enemies":"Snecko","floor":20,"turns":3},{"damage":2,"enemies":"3 Cultists","floor":21,"turns":4},{"damage":17,"enemies":"Sentry and Sphere","floor":24,"turns":5},{"damage":21,"enemies":"Snake Plant","floor":25,"turns":3},{"damage":2,"enemies":"Chosen and Byrds","floor":28,"turns":5},{"damage":8,"enemies":"Snecko","floor":31,"turns":3},{"damage":2,"enemies":"Automaton","floor":33,"turns":8},{"damage":2,"enemies":"3 Darklings","floor":35,"turns":4},{"damage":1,"enemies":"Orb Walker","floor":36,"turns":3},{"damage":3,"enemies":"Sphere and 2 Shapes","floor":37,"turns":4},{"damage":3,"enemies":"3 Darklings","floor":39,"turns":3},{"damage":0,"enemies":"4 Shapes","floor":41,"turns":3},{"damage":28,"enemies":"Sphere and 2 Shapes","floor":44,"turns":5},{"damage":0,"enemies":"3 Darklings","floor":48,"turns":2},{"damage":3,"enemies":"Time Eater","floor":50,"turns":10}],"relics_obtained":[{"floor":1,"key":"Tingsha"},{"floor":2,"key":"Regal Pillow"},{"floor":4,"key":"Vajra"},{"floor":5,"key":"Oddly Smooth Stone"},{"floor":6,"key":"Question Card"},{"floor":7,"key":"War Paint"},{"floor":9,"key":"Art of War"},{"floor":10,"key":"Singing Bowl"},{"floor":11,"key":"Potion Belt"},{"floor":12,"key":"Darkstone Periapt"},{"floor":13,"key":"Ancient Tea Set"},{"floor":14,"key":"Mango"},{"floor":16,"key":"Blue Candle"},{"floor":18,"key":"Bag of Marbles"},{"floor":19,"key":"Whetstone"},{"floor":20,"key":"Letter Opener"},{"floor":21,"key":"Bird Faced Urn"},{"floor":24,"key":"Juzu Bracelet"},{"floor":25,"key":"Anchor"},{"floor":26,"key":"Kunai"},{"floor":28,"key":"Tough Bandages"},{"floor":31,"key":"Ornamental Fan"},{"floor":33,"key":"Blood Vial"},{"floor":35,"key":"Meat on the Bone"},{"floor":36,"key":"Omamori"},{"floor":37,"key":"Mummified Hand"},{"floor":39,"key":"Centennial Puzzle"},{"floor":41,"key":"Dodecahedron"},{"floor":43,"key":"Sundial"},{"floor":44,"key":"Happy Flower"},{"floor":48,"key":"Bottled Flame"}],"event_choices":[{"event_name":"Living Wall","player_choice":"Grow","floor":3,"damage_taken":0},{"event_name":"Ghosts","player_choice":"Became a Ghost","floor":22,"damage_taken":0},{"event_name":"Beggar","player_choice":"Ignored","floor":30,"damage_taken":0},{"event_name":"Mysterious Sphere","player_choice":"Ignore","floor":47,"damage_taken":0}],"boss_relics":[{"not_picked":["Lizard Tail","Snecko Eye"],"picked":"Coffee Dripper"},{"not_picked":["Philosopher\u0027s Stone","Velvet Choker"],"picked":"White Beast Statue"}],"items_purged_floors":[],"is_endless":false,"potions_floor_spawned":[1,2,4,11,13,16,20,21,25,35,36,37,39,41,44,48],"seed_played":"250506482378582835","ascension_level":0,"potions_obtained":[{"floor":1,"key":"GhostInAJar"},{"floor":2,"key":"Swift Potion"},{"floor":4,"key":"SteroidPotion"},{"floor":11,"key":"Swift Potion"},{"floor":13,"key":"SpeedPotion"},{"floor":16,"key":"Explosive Potion"},{"floor":35,"key":"Ancient Potion"},{"floor":36,"key":"FearPotion"}],"is_trial":false}