{"gold_per_floor":[110,110,90,101,113,143,143,34,34,134,151,151,179,189,189,293,293,304,62,62,161,174,174,209,209,285,297,297,310,342,354,354,459,459,472,487,504,504,504,504,303,303,303,23,23,53,53,71,71,71,71,71,5,31,31],"floor_reached":55,"playtime":1933,"items_purged":["Strike_B","Strike_B","Dualcast"],"score":728,"play_id":"fd54f785-6bd8-4d71-a70c-edd705da8b04","local_time":"20190202222303","is_ascension_mode":true,"campfire_choices":[{"data":"Zap","floor":7,"key":"SMITH"},{"data":"Tempest","floor":12,"key":"SMITH"},{"data":"Capacitor","floor":15,"key":"SMITH"},{"data":"Defragment","floor":23,"key":"SMITH"},{"floor":25,"key":"REST"},{"data":"Fission","floor":28,"key":"SMITH"},{"floor":32,"key":"REST"},{"data":"Echo Form","floor":40,"key":"SMITH"},{"floor":42,"key":"RECALL"},{"floor":47,"key":"REST"},{"data":"Static Discharge","floor":49,"key":"SMITH"},{"data":"Defragment","floor":52,"key":"SMITH"}],"neow_cost":"TEN_PERCENT_HP_LOSS","seed_source_timestamp":418657996326149,"circlet_count":0,"master_deck":["Defend_B+1","Defend_B+1","Defend_B","Defend_B+1","Zap+1","Ball Lightning","Tempest+1","Capacitor+1","Flash of Steel","Ball Lightning","Ball Lightning","Biased Cognition","Cold Snap+1","Defragment+1","BootSequence+1","Darkness+1","Fission+1","Chaos+1","Darkness+1","Cold Snap+1","Echo Form+1","Bandage Up","Violence+1","Static Discharge+1","Loop","Defragment+1","Dark Shackles","Chill+1"],"relics":["Cracked Core","The Courier","Pantograph","Blood Vial","Inserter","Vajra","Dream Catcher","Shuriken","Meat on the Bone","Busted Crown","War Paint","Ancient Tea Set","Du-Vu Doll"],"potions_floor_usage":[16,24,33,46,50,55],"damage_taken":[{"damage":10,"enemies":"Small Slimes","floor":1,"turns":3},{"damage":0,"enemies":"Cultist","floor":4,"turns":3},{"damage":0,"enemies":"2 Louse","floor":5,"turns":2},{"damage":22,"enemies":"Gremlin Nob","floor":6,"turns":4},{"damage":0,"enemies":"Red Slaver","floor":11,"turns":3},{"damage":15,"enemies":"Lagavulin","floor":13,"turns":5},{"damage":7,"enemies":"3 Louse","floor":14,"turns":3},{"damage":16,"enemies":"Hexaghost","floor":16,"turns":7},{"damage":26,"enemies":"Shell Parasite","floor":18,"turns":5},{"damage":30,"enemies":"2 Thieves","floor":22,"turns":3},{"damage":31,"enemies":"Slavers","floor":24,"turns":4},{"damage":3,"enemies":"Centurion and Healer","floor":27,"turns":3},{"damage":0,"enemies":"Cultist and Chosen","floor":29,"turns":3},{"damage":9,"enemies":"Gremlin Leader","floor":30,"turns":5},{"damage":7,"enemies":"Shelled Parasite and Fungi","floor":31,"turns":4},{"damage":43,"enemies":"Automaton","floor":33,"turns":7},{"damage":0,"enemies":"Orb Walker","floor":35,"turns":3},{"damage":9,"enemies":"3 Shapes","floor":36,"turns":3},{"damage":8,"enemies":"3 Darklings","floor":37,"turns":4},{"damage":36,"enemies":"Reptomancer","floor":46,"turns":5},{"damage":34,"enemies":"4 Shapes","floor":48,"turns":5},{"damage":64,"enemies":"Time Eater","floor":50,"turns":8},{"damage":30,"enemies":"Shield and Spear","floor":54,"turns":4},{"damage":69,"enemies":"The Heart","floor":55,"turns":5}],"seed_played":"479667544346342853","potions_obtained":[{"floor":3,"key":"Ancient Potion"},{"floor":4,"key":"SpeedPotion"},{"floor":6,"key":"Fire Potion"},{"floor":14,"key":"AttackPotion"},{"floor":16,"key":"EssenceOfSteel"},{"floor":24,"key":"AttackPotion"},{"floor":37,"key":"Ancient Potion"},{"floor":54,"key":"GamblersBrew"}],"is_trial":false,"path_per_floor":["M","?","?","M","M","E","R","$","T","?","M","R","E","M","R","B",null,"M","$","?","?","M","R","E","R","T","M","R","M","E","M","R","B",null,"M","M","M","?","?","R","$","R","T","$","?","E","R","M","R","B",null,"R","$","E","B"],"character_chosen":"DEFECT","items_purchased":["Flash of Steel","Ball Lightning","Defragment","Vajra","Static Discharge","Loop","Defragment","War Paint","Dark Shackles"],"campfire_rested":3,"item_purchase_floors":[8,8,19,19,41,41,44,44,53],"current_hp_per_floor":[58,44,44,44,44,22,22,22,22,22,22,22,7,2,2,13,68,42,42,64,64,36,36,7,27,27,26,26,28,21,38,58,47,68,68,68,68,65,55,55,55,55,55,55,55,37,56,40,40,17,65,65,65,35,0],"gold":31,"neow_bonus":"REMOVE_TWO","is_prod":false,"is_daily":false,"chose_seed":false,"campfire_upgraded":8,"win_rate":0,"timestamp":1549106583,"path_taken":["M","?","?","M","?","E","R","$","T","?","?","R","E","M","R","BOSS","M","$","?","?","M","R","E","R","T","?","R","M","E","M","R","BOSS","M","M","M","?","?","R","$","R","T","$","?","E","R","M","R","BOSS","R","$","E","BOSS"],"build_version":"2019-01-23","purchased_purges":3,"victory":false,"max_hp_per_floor":[68,68,68,68,68,68,68,68,68,68,68,68,68,68,68,68,68,68,68,68,68,68,68,68,68,68,68,68,68,68,68,68,68,68,68,68,68,65,65,65,65,65,65,65,65,65,65,65,65,65,65,65,65,65,65],"card_choices":[{"not_picked":["Tempest","Loop"],"picked":"Ball Lightning","floor":1},{"not_picked":["Scrape","Streamline","Recycle"],"picked":"SKIP","floor":4},{"not_picked":["Sweeping Beam","BootSequence"],"picked":"Tempest","floor":5},{"not_picked":["Leap","Sweeping Beam"],"picked":"Capacitor","floor":6},{"not_picked":["Melter","Stack","Leap"],"picked":"SKIP","floor":11},{"not_picked":["Scrape","Compile Driver","Blizzard"],"picked":"SKIP","floor":13},{"not_picked":["Compile Driver","Conserve Battery"],"picked":"Ball Lightning","floor":14},{"not_picked":["Multi-Cast","Meteor Strike"],"picked":"Biased Cognition","floor":16},{"not_picked":["Melter","Beam Cell"],"picked":"Cold Snap+1","floor":18},{"not_picked":["Streamline+1","Rebound"],"picked":"BootSequence+1","floor":22},{"not_picked":["Ball Lightning","Sunder"],"picked":"Darkness+1","floor":24},{"not_picked":["Rebound","Beam Cell"],"picked":"Fission","floor":25},{"not_picked":["Turbo","Leap","Conserve Battery"],"picked":"SKIP","floor":27},{"not_picked":["Steam+1","Cold Snap"],"picked":"Self Repair+1","floor":29},{"not_picked":["Ball Lightning","Rip and Tear"],"picked":"Chaos+1","floor":30},{"not_picked":["Steam","Rip and Tear"],"picked":"Darkness+1","floor":31},{"not_picked":["Amplify","Rebound+1"],"picked":"Cold Snap+1","floor":32},{"not_picked":["Seek","Hyperbeam"],"picked":"Echo Form","floor":33},{"not_picked":["Double Energy"],"picked":"SKIP","floor":35},{"not_picked":["Sunder"],"picked":"SKIP","floor":36},{"not_picked":["Genetic Algorithm+1"],"picked":"SKIP","floor":37},{"not_picked":[],"picked":"Bandage Up","floor":39},{"not_picked":[],"picked":"Violence","floor":39},{"not_picked":["Melter"],"picked":"SKIP","floor":46},{"not_picked":["Barrage"],"picked":"SKIP","floor":48},{"not_picked":[],"picked":"Chill+1","floor":54}],"player_experience":1221931,"relics_obtained":[{"floor":6,"key":"The Courier"},{"floor":9,"key":"Pantograph"},{"floor":13,"key":"Blood Vial"},{"floor":24,"key":"Dream Catcher"},{"floor":26,"key":"Shuriken"},{"floor":30,"key":"Meat on the Bone"},{"floor":46,"key":"Ancient Tea Set"},{"floor":54,"key":"Du-Vu Doll"}],"event_choices":[{"damage_healed":0,"gold_gain":0,"player_choice":"Entered Light","damage_taken":14,"max_hp_gain":0,"max_hp_loss":0,"event_name":"Shining Light","floor":2,"gold_loss":0,"cards_upgraded":["Defend_B","Defend_B"]},{"damage_healed":0,"gold_gain":0,"player_choice":"Bought 1 Potion","damage_taken":0,"max_hp_gain":0,"max_hp_loss":0,"event_name":"The Woman in Blue","floor":3,"gold_loss":0},{"damage_healed":0,"gold_gain":100,"player_choice":"Pray","damage_taken":0,"max_hp_gain":0,"max_hp_loss":0,"event_name":"Golden Shrine","floor":10,"gold_loss":0},{"damage_healed":22,"gold_gain":0,"player_choice":"Heal","damage_taken":0,"max_hp_gain":0,"max_hp_loss":0,"event_name":"The Library","floor":20,"gold_loss":0},{"damage_healed":0,"gold_gain":99,"player_choice":"Stole From Cult","damage_taken":0,"max_hp_gain":0,"max_hp_loss":0,"event_name":"Nest","floor":21,"gold_loss":0},{"damage_healed":0,"gold_gain":0,"player_choice":"Max HP","damage_taken":0,"max_hp_gain":0,"max_hp_loss":3,"event_name":"Winding Halls","floor":38,"gold_loss":0},{"damage_healed":0,"gold_gain":0,"player_choice":"Memory 3","damage_taken":10,"max_hp_gain":0,"max_hp_loss":0,"event_name":"SensoryStone","floor":39,"gold_loss":0},{"cards_removed":["Self Repair"],"damage_healed":0,"gold_gain":0,"player_choice":"Removed Power","damage_taken":0,"max_hp_gain":0,"max_hp_loss":0,"event_name":"Falling","floor":45,"gold_loss":0}],"is_beta":true,"boss_relics":[{"not_picked":["Orrery","Sozu"],"picked":"Inserter"},{"not_picked":["Velvet Choker","Fusion Hammer"],"picked":"Busted Crown"}],"items_purged_floors":[19,41,44],"is_endless":false,"potions_floor_spawned":[4,6,14,16,24,29,37,54],"killed_by":"The Heart","ascension_level":1}