{"gold_per_floor":[365,377,377,392,403,438,438,464,488,500,247,247,128,138,138,241,241,261,261,277,295,0,0,0],"floor_reached":24,"playtime":1267,"items_purged":["Strike_R","Strike_R"],"score":247,"play_id":"b63e4fa5-bc8d-4d27-aa21-98fd255fca29","local_time":"20190129205026","is_ascension_mode":true,"campfire_choices":[{"data":"True Grit","floor":7,"key":"SMITH"},{"data":"Bash","floor":10,"key":"SMITH"},{"floor":15,"key":"REST"},{"floor":23,"key":"REST"}],"neow_cost":"TEN_PERCENT_HP_LOSS","seed_source_timestamp":1648861348106380,"circlet_count":0,"master_deck":["Strike_R","Strike_R","Defend_R","Defend_R","Defend_R","Defend_R","Bash+1","Thunderclap","Flame Barrier+1","Iron Wave","True Grit+1","Anger","Iron Wave","Impervious","Metallicize","Double Tap","Shrug It Off","Spot Weakness","True Grit+1"],"relics":["Burning Blood","Regal Pillow","Smiling Mask","MawBank","Mark of Pain","Lantern"],"potions_floor_usage":[5,6,8],"damage_taken":[{"damage":4,"enemies":"Small Slimes","floor":1,"turns":4},{"damage":5,"enemies":"Cultist","floor":2,"turns":4},{"damage":1,"enemies":"2 Louse","floor":4,"turns":2},{"damage":5,"enemies":"Lots of Slimes","floor":5,"turns":1},{"damage":46,"enemies":"Lagavulin","floor":6,"turns":8},{"damage":20,"enemies":"Gremlin Nob","floor":8,"turns":4},{"damage":0,"enemies":"3 Louse","floor":14,"turns":3},{"damage":28,"enemies":"The Guardian","floor":16,"turns":17},{"damage":16,"enemies":"Shell Parasite","floor":18,"turns":12},{"damage":19,"enemies":"Spheric Guardian","floor":20,"turns":8},{"damage":6,"enemies":"Snake Plant","floor":21,"turns":5},{"damage":89,"enemies":"Gremlin Leader","floor":24,"turns":8}],"seed_played":"-6179936169572350825","potions_obtained":[{"floor":2,"key":"Explosive Potion"},{"floor":5,"key":"Block Potion"},{"floor":6,"key":"Explosive Potion"},{"floor":14,"key":"FearPotion"},{"floor":18,"key":"SpeedPotion"}],"is_trial":false,"path_per_floor":["M","M","?","M","M","E","R","E","T","R","$","?","$","M","R","B",null,"M","?","M","M","?","R","E"],"character_chosen":"IRONCLAD","items_purchased":["Iron Wave","Impervious","Metallicize"],"campfire_rested":2,"item_purchase_floors":[11,11,13],"current_hp_per_floor":[72,72,72,72,72,32,32,18,18,18,18,18,18,24,60,38,72,62,62,49,49,49,72,0],"gold":0,"neow_bonus":"TWO_FIFTY_GOLD","is_prod":false,"is_daily":false,"chose_seed":false,"campfire_upgraded":2,"win_rate":0,"timestamp":1548762626,"path_taken":["M","M","?","M","?","E","R","E","T","R","$","?","$","?","R","BOSS","M","?","M","?","?","R","E"],"build_version":"2019-01-23","purchased_purges":2,"victory":false,"max_hp_per_floor":[72,72,72,72,72,72,72,72,72,72,72,72,72,72,72,72,72,72,72,72,72,72,72,72],"card_choices":[{"not_picked":["Uppercut","Shrug It Off"],"picked":"Thunderclap","floor":1},{"not_picked":["Heavy Blade","True Grit"],"picked":"Flame Barrier","floor":2},{"not_picked":["Thunderclap","Flex"],"picked":"Iron Wave","floor":4},{"not_picked":["Twin Strike","Fire Breathing"],"picked":"True Grit","floor":5},{"not_picked":["Brutality","Intimidate"],"picked":"Anger","floor":6},{"not_picked":["True Grit","Warcry","Fire Breathing"],"picked":"SKIP","floor":8},{"not_picked":["Sever Soul","Flex","Corruption"],"picked":"SKIP","floor":14},{"not_picked":["Limit Break","Feed"],"picked":"Double Tap","floor":16},{"not_picked":["Dual Wield","Carnage"],"picked":"Shrug It Off","floor":18},{"not_picked":["Power Through+1","Flex+1"],"picked":"Spot Weakness","floor":20},{"not_picked":["Rampage","Headbutt"],"picked":"True Grit+1","floor":21}],"player_experience":730806,"relics_obtained":[{"floor":6,"key":"Regal Pillow"},{"floor":8,"key":"Smiling Mask"},{"floor":9,"key":"MawBank"}],"event_choices":[{"cards_removed":["Strike_R"],"damage_healed":0,"gold_gain":0,"player_choice":"Card Removal","damage_taken":0,"max_hp_gain":0,"max_hp_loss":0,"event_name":"Wheel of Change","floor":3,"gold_loss":0},{"damage_healed":0,"gold_gain":0,"player_choice":"Forge","damage_taken":0,"max_hp_gain":0,"max_hp_loss":0,"event_name":"Accursed Blacksmith","floor":12,"gold_loss":0,"cards_upgraded":["Flame Barrier"]},{"damage_healed":0,"gold_gain":0,"player_choice":"Gave Potion","damage_taken":0,"relics_obtained":["Lantern"],"max_hp_gain":0,"max_hp_loss":0,"event_name":"WeMeetAgain","floor":19,"gold_loss":0},{"damage_healed":0,"gold_gain":0,"player_choice":"Paid Fearfully","damage_taken":0,"max_hp_gain":0,"max_hp_loss":0,"event_name":"Masked Bandits","floor":22,"gold_loss":295}],"is_beta":false,"boss_relics":[{"not_picked":["White Beast Statue","Velvet Choker"],"picked":"Mark of Pain"}],"items_purged_floors":[11,13],"is_endless":false,"potions_floor_spawned":[2,5,6,14,18],"killed_by":"Gremlin Leader","ascension_level":4}