{"gold_per_floor":[118,118,129,147,157,184,184,214,237,237,237,253,280,245,245,349,349,360,379,379],"floor_reached":20,"playtime":896,"items_purged":[],"score":262,"play_id":"cc0d0f46-9954-4869-8c9f-2382485886ff","local_time":"20181230094254","is_ascension_mode":true,"campfire_choices":[{"data":"Machine Learning","floor":7,"key":"SMITH"},{"floor":10,"key":"REST"},{"floor":15,"key":"REST"}],"neow_cost":"NONE","seed_source_timestamp":789310806112299,"circlet_count":0,"master_deck":["Strike_B","Defend_B+1","Defend_B","Defend_B","Defend_B","Zap+1","Dualcast","Leap+1","Ball Lightning","Conserve Battery","Consume","Machine Learning+1","Storm","Cold Snap","Genetic Algorithm","Electrodynamics","Turbo+1","Beam Cell+1","Darkness+1","Force Field+1","Force Field+1"],"relics":["Cracked Core","NeowsBlessing","Bottled Flame","Boot","Art of War","War Paint","Astrolabe"],"potions_floor_usage":[12,13,13,19,20],"damage_taken":[{"damage":0,"enemies":"Small Slimes","floor":1,"turns":1},{"damage":0,"enemies":"Cultist","floor":3,"turns":1},{"damage":0,"enemies":"2 Louse","floor":4,"turns":1},{"damage":12,"enemies":"Lots of Slimes","floor":5,"turns":4},{"damage":19,"enemies":"3 Sentries","floor":6,"turns":6},{"damage":28,"enemies":"Gremlin Nob","floor":8,"turns":4},{"damage":17,"enemies":"Exordium Wildlife","floor":12,"turns":4},{"damage":5,"enemies":"3 Sentries","floor":13,"turns":6},{"damage":44,"enemies":"Hexaghost","floor":16,"turns":13},{"damage":16,"enemies":"Spheric Guardian","floor":18,"turns":4},{"damage":22,"enemies":"2 Thieves","floor":19,"turns":4},{"damage":21,"enemies":"Centurion and Healer","floor":20,"turns":1}],"seed_played":"-5791882836386701371","potions_obtained":[{"floor":4,"key":"GamblersBrew"},{"floor":5,"key":"Dexterity Potion"},{"floor":12,"key":"Explosive Potion"},{"floor":13,"key":"Poison Potion"},{"floor":16,"key":"Block Potion"},{"floor":18,"key":"AttackPotion"}],"is_trial":false,"path_per_floor":["M","?","M","M","M","E","R","E","T","R","?","M","E","?","R","B",null,"M","M","M"],"character_chosen":"DEFECT","items_purchased":[],"campfire_rested":2,"item_purchase_floors":[],"current_hp_per_floor":[68,68,68,68,56,37,37,9,9,31,31,14,9,27,49,5,58,42,20,0],"gold":379,"neow_bonus":"THREE_ENEMY_KILL","is_prod":false,"is_daily":false,"chose_seed":false,"campfire_upgraded":1,"win_rate":0,"timestamp":1546184574,"path_taken":["M","?","?","M","M","E","R","E","T","R","?","M","E","?","R","BOSS","M","M","M"],"build_version":"2018-12-20","purchased_purges":0,"victory":false,"max_hp_per_floor":[75,75,75,75,75,75,75,75,75,75,75,75,75,75,75,75,75,75,75,75],"card_choices":[{"not_picked":["Turbo","Chaos"],"picked":"Leap","floor":1},{"not_picked":["Cold Snap","Steam"],"picked":"Ball Lightning","floor":3},{"not_picked":["Reinforced Body","White Noise"],"picked":"Conserve Battery","floor":4},{"not_picked":["Hologram","Redo"],"picked":"Consume","floor":5},{"not_picked":["Static Discharge","Redo"],"picked":"Machine Learning","floor":6},{"not_picked":["Redo","Conserve Battery"],"picked":"Storm","floor":8},{"not_picked":["Steam Power","Redo"],"picked":"Cold Snap","floor":12},{"not_picked":["Compile Driver","Auto Shields"],"picked":"Genetic Algorithm","floor":13},{"not_picked":["Seek","Hyperbeam"],"picked":"Electrodynamics","floor":16},{"not_picked":["Sunder","Turbo"],"picked":"Force Field+1","floor":18},{"not_picked":["Go for the Eyes","Redo+1"],"picked":"Force Field+1","floor":19}],"player_experience":348238,"relics_obtained":[{"floor":6,"key":"Bottled Flame"},{"floor":8,"key":"Boot"},{"floor":9,"key":"Art of War"},{"floor":13,"key":"War Paint"}],"event_choices":[{"damage_healed":0,"gold_gain":0,"player_choice":"Forge","damage_taken":0,"max_hp_gain":0,"max_hp_loss":0,"event_name":"Accursed Blacksmith","floor":2,"gold_loss":0,"cards_upgraded":["Zap"]},{"damage_healed":0,"gold_gain":0,"player_choice":"Searched \u00271\u0027 times","damage_taken":0,"max_hp_gain":0,"max_hp_loss":0,"event_name":"Dead Adventurer","floor":11,"gold_loss":0},{"damage_healed":18,"gold_gain":0,"player_choice":"Healed","damage_taken":0,"max_hp_gain":0,"max_hp_loss":0,"event_name":"The Cleric","floor":14,"gold_loss":35}],"is_beta":false,"boss_relics":[{"not_picked":["Runic Pyramid","Pandora\u0027s Box"],"picked":"Astrolabe"}],"items_purged_floors":[],"is_endless":false,"potions_floor_spawned":[4,5,12,13,16,18],"killed_by":"Centurion and Healer","ascension_level":7}