{"gold_per_floor":[114,125,26,40,57,57,74,74,74,104,116,116,142,142,142,142],"floor_reached":16,"playtime":1210,"items_purged":["Normality"],"score":168,"play_id":"d4f429e8-0a1d-4929-a23a-04c5d4cf36a7","local_time":"20181101115942","is_ascension_mode":true,"campfire_choices":[{"data":"Chaos","floor":6,"key":"SMITH"},{"data":"Zap","floor":8,"key":"SMITH"},{"data":"Recycle","floor":12,"key":"SMITH"},{"floor":15,"key":"REST"}],"neow_cost":"CURSE","seed_source_timestamp":182586512032011,"circlet_count":0,"master_deck":["Strike_B","Strike_B","Strike_B","Defend_B","Defend_B","Defend_B","Defend_B","Zap+1","Dualcast","AscendersBane","Cold Snap","Loop","Beam Cell","Cold Snap","Chaos+1","Coolheaded","Recycle+1","Ball Lightning","Glacier"],"relics":["Cracked Core","Singing Bowl","Matryoshka","Question Card"],"potions_floor_usage":[10,13,16],"damage_taken":[{"damage":5,"enemies":"Cultist","floor":1,"turns":4},{"damage":5,"enemies":"Jaw Worm","floor":2,"turns":3},{"damage":0,"enemies":"Small Slimes","floor":4,"turns":3},{"damage":8,"enemies":"2 Fungi Beasts","floor":5,"turns":3},{"damage":26,"enemies":"Gremlin Gang","floor":7,"turns":5},{"damage":12,"enemies":"3 Sentries","floor":10,"turns":7},{"damage":4,"enemies":"3 Louse","floor":11,"turns":5},{"damage":15,"enemies":"Gremlin Nob","floor":13,"turns":5},{"damage":34,"enemies":"Hexaghost","floor":16,"turns":10}],"seed_played":"-1712672965444269862","potions_obtained":[{"floor":1,"key":"Weak Potion"},{"floor":10,"key":"SpeedPotion"},{"floor":11,"key":"GamblersBrew"},{"floor":13,"key":"SkillPotion"}],"is_trial":false,"path_per_floor":["M","M","$","M","M","R","M","R","T","E","M","R","E","?","R"],"character_chosen":"DEFECT","items_purchased":["Beam Cell"],"campfire_rested":1,"item_purchase_floors":[3],"current_hp_per_floor":[77,72,72,72,64,64,38,38,38,26,22,22,7,7,33,0],"gold":142,"neow_bonus":"TWENTY_PERCENT_HP_BONUS","is_prod":false,"is_daily":false,"chose_seed":false,"campfire_upgraded":3,"win_rate":0,"timestamp":1541033982,"path_taken":["M","?","$","M","M","R","M","R","T","E","M","R","E","?","R","BOSS"],"build_version":"2018-10-25v2","purchased_purges":1,"victory":false,"max_hp_per_floor":[89,89,89,89,89,89,89,89,89,89,89,89,89,89,89,89],"card_choices":[{"not_picked":["Steam Power","Turbo"],"picked":"Cold Snap","floor":1},{"not_picked":["Hello World","Double Energy"],"picked":"Loop","floor":2},{"not_picked":["Glacier","Rebound"],"picked":"Cold Snap","floor":4},{"not_picked":["Gash","Beam Cell"],"picked":"Chaos","floor":5},{"not_picked":["Gash","Redo"],"picked":"Coolheaded","floor":7},{"not_picked":["Compile Driver","Genetic Algorithm"],"picked":"Recycle","floor":10},{"not_picked":["Hello World","Turbo"],"picked":"Ball Lightning","floor":11},{"not_picked":["Turbo","Beam Cell"],"picked":"Glacier","floor":13}],"player_experience":702600,"relics_obtained":[{"floor":9,"key":"Singing Bowl"},{"floor":10,"key":"Matryoshka"},{"floor":13,"key":"Question Card"}],"event_choices":[{"cards_removed":["Strike_B"],"damage_healed":0,"gold_gain":0,"player_choice":"Forget","damage_taken":0,"max_hp_gain":0,"max_hp_loss":0,"event_name":"Living Wall","floor":14,"gold_loss":0}],"is_beta":false,"boss_relics":[],"items_purged_floors":[3],"is_endless":false,"potions_floor_spawned":[1,10,11,13],"killed_by":"Hexaghost","ascension_level":10}