{"gold_per_floor":[110,110,110,110,23,48,61,80,103,138,158,73,91,121,121,121],"floor_reached":16,"playtime":419,"items_purged":[],"score":290,"play_id":"5f1f1e44-e7fd-491d-971a-347822bf48ed","local_time":"20190206153912","is_ascension_mode":true,"campfire_choices":[{"data":"Metallicize","floor":15,"key":"SMITH"}],"neow_cost":"NONE","seed_source_timestamp":596854504426845,"circlet_count":0,"master_deck":["AscendersBane","Strike_R","Strike_R","Strike_R","Strike_R","Defend_R","Defend_R","Defend_R","Defend_R","Bash","Cleave","Whirlwind","Immolate","Shrug It Off","True Grit","Metallicize+1","Metallicize"],"special_seed":0,"relics":["Burning Blood","NeowsBlessing","PreservedInsect","Ancient Tea Set","Meat on the Bone","Unceasing Top"],"potions_floor_usage":[13],"damage_taken":[{"damage":0.0,"enemies":"2 Louse","floor":1.0,"turns":1.0},{"damage":0.0,"enemies":"Lagavulin","floor":6.0,"turns":1.0},{"damage":0.0,"enemies":"Small Slimes","floor":7.0,"turns":1.0},{"damage":14.0,"enemies":"Jaw Worm","floor":8.0,"turns":4.0},{"damage":8.0,"enemies":"Gremlin Nob","floor":10.0,"turns":3.0},{"damage":0,"enemies":"Lots of Slimes","floor":11,"turns":1},{"damage":0,"enemies":"Gremlin Gang","floor":13,"turns":1},{"damage":45,"enemies":"Lagavulin","floor":14,"turns":9},{"damage":56,"enemies":"Hexaghost","floor":16,"turns":9}],"seed_played":"-7566083028419254653","potions_obtained":[{"floor":7.0,"key":"Fire Potion"},{"floor":11,"key":"Explosive Potion"}],"is_trial":false,"path_per_floor":["M","?","?","?","$","E","M","M","T","E","M","$","M","E","R","B"],"character_chosen":"IRONCLAD","items_purchased":["Whirlwind","Metallicize"],"campfire_rested":0,"item_purchase_floors":[5,12],"current_hp_per_floor":[74,67,67,72,72,78,80,72,72,70,76,76,80,53,53,0],"gold":121,"neow_bonus":"THREE_ENEMY_KILL","is_prod":false,"is_daily":false,"chose_seed":false,"campfire_upgraded":1,"win_rate":0,"timestamp":1549496352,"path_taken":["M","?","?","?","?","E","M","M","T","E","M","$","M","E","R","BOSS"],"build_version":"2019-01-23","purchased_purges":0,"victory":false,"max_hp_per_floor":[75,75,75,80,80,80,80,80,80,80,80,80,80,80,80,80],"card_choices":[{"not_picked":["Heavy Blade","Second Wind"],"picked":"Cleave","floor":1.0},{"not_picked":["Metallicize","Spot Weakness"],"picked":"Immolate","floor":6.0},{"not_picked":["Armaments","Heavy Blade"],"picked":"Shrug It Off","floor":7.0},{"not_picked":["Blood for Blood","Iron Wave","Heavy Blade"],"picked":"SKIP","floor":8.0},{"not_picked":["Flame Barrier","Feel No Pain"],"picked":"True Grit","floor":10.0},{"not_picked":["Twin Strike","Wild Strike","Body Slam"],"picked":"SKIP","floor":11},{"not_picked":["Iron Wave","Perfected Strike","Sever Soul"],"picked":"SKIP","floor":13},{"not_picked":["Blood for Blood","Corruption"],"picked":"Metallicize","floor":14}],"player_experience":1832654,"relics_obtained":[{"floor":6.0,"key":"PreservedInsect"},{"floor":9.0,"key":"Ancient Tea Set"},{"floor":10.0,"key":"Meat on the Bone"},{"floor":14,"key":"Unceasing Top"}],"event_choices":[{"cards_removed":["Strike_R"],"damage_healed":0.0,"max_hp_gain":0.0,"max_hp_loss":0.0,"gold_gain":0.0,"event_name":"Golden Wing","player_choice":"Card Removal","floor":2.0,"gold_loss":0.0,"damage_taken":7.0},{"damage_healed":0.0,"max_hp_gain":0.0,"max_hp_loss":0.0,"gold_gain":0.0,"event_name":"The Cleric","player_choice":"Leave","floor":3.0,"gold_loss":0.0,"damage_taken":0.0},{"damage_healed":0.0,"max_hp_gain":5.0,"max_hp_loss":0.0,"gold_gain":0.0,"event_name":"Big Fish","player_choice":"Donut","floor":4.0,"gold_loss":0.0,"damage_taken":0.0}],"is_beta":false,"boss_relics":[],"items_purged_floors":[],"is_endless":false,"potions_floor_spawned":[7,11],"killed_by":"Hexaghost","ascension_level":20}