{"gold_per_floor":[116,131,81,81,81,81,81,160,160,194,212,212,231,255,255,383,383,404,171,171,22,22,65,65,78,123,123,161,179,204,229,229,229],"floor_reached":33,"playtime":996,"items_purged":["Strike_B"],"score":399,"play_id":"aebe9223-20d2-4217-89db-7c227a121a6b","local_time":"20190105145450","is_ascension_mode":true,"campfire_choices":[{"data":"Zap","floor":6,"key":"SMITH"},{"data":"Storm","floor":12,"key":"SMITH"},{"floor":15,"key":"REST"},{"floor":24,"key":"REST"},{"data":"Fission","floor":27,"key":"SMITH"},{"floor":32,"key":"REST"}],"neow_cost":"NONE","seed_source_timestamp":1326327864360008,"circlet_count":0,"master_deck":["Strike_B","Defend_B","Defend_B","Defend_B+1","Zap+1","Dualcast+1","Ball Lightning","Sunder+1","Storm","Storm+1","White Noise","Rebound","Electrodynamics","Hologram+1","Machine Learning","Fission+1","Storm","Conserve Battery","Gash+1","Seek","Buffer","Turbo"],"relics":["Cracked Core","Golden Idol","Pantograph","Symbiotic Virus","Lizard Tail","Nloth\u0027s Gift","Bag of Preparation","Omamori","Strawberry"],"potions_floor_usage":[10,16,16,23,28,28,33],"damage_taken":[{"damage":1,"enemies":"Cultist","floor":1,"turns":3},{"damage":0,"enemies":"Small Slimes","floor":2,"turns":3},{"damage":12,"enemies":"Gremlin Nob","floor":10,"turns":3},{"damage":2,"enemies":"2 Louse","floor":11,"turns":2},{"damage":11,"enemies":"Looter","floor":13,"turns":2},{"damage":6,"enemies":"Exordium Thugs","floor":14,"turns":3},{"damage":33,"enemies":"Hexaghost","floor":16,"turns":6},{"damage":22,"enemies":"2 Thieves","floor":18,"turns":2},{"damage":17,"enemies":"Book of Stabbing","floor":23,"turns":3},{"damage":12,"enemies":"Shell Parasite","floor":25,"turns":3},{"damage":29,"enemies":"Slavers","floor":28,"turns":3},{"damage":32,"enemies":"Snecko","floor":29,"turns":4},{"damage":16,"enemies":"Snake Plant","floor":30,"turns":2},{"damage":0,"enemies":"3 Cultists","floor":31,"turns":3},{"damage":56,"enemies":"Champ","floor":33,"turns":5}],"seed_played":"-7487992759098324593","potions_obtained":[{"floor":1,"key":"SkillPotion"},{"floor":2,"key":"LiquidBronze"},{"floor":10,"key":"FocusPotion"},{"floor":14,"key":"Fire Potion"},{"floor":16,"key":"GamblersBrew"},{"floor":23,"key":"Explosive Potion"},{"floor":29,"key":"LiquidBronze"},{"floor":31,"key":"Explosive Potion"}],"is_trial":false,"path_per_floor":["M","M","?","?","?","R","?","T","T","E","M","R","M","M","R","B",null,"M","$","?","$","?","E","R","M","T","R","E","M","M","M","R","B"],"character_chosen":"DEFECT","items_purchased":["Machine Learning","Fission","Storm"],"campfire_rested":3,"item_purchase_floors":[19,21,21],"current_hp_per_floor":[67,67,67,67,52,52,34,34,34,22,20,20,9,3,25,17,61,39,39,39,39,39,22,44,32,32,32,10,19,3,3,27,0],"gold":229,"neow_bonus":"REMOVE_CARD","is_prod":false,"is_daily":false,"chose_seed":false,"campfire_upgraded":3,"win_rate":0,"timestamp":1546721690,"path_taken":["M","?","?","?","?","R","?","?","T","E","?","R","M","M","R","BOSS","M","$","?","$","?","E","R","M","T","R","E","?","M","M","R","BOSS"],"build_version":"2019-01-03v4","purchased_purges":1,"victory":false,"max_hp_per_floor":[75,75,75,75,75,75,75,75,75,75,75,75,75,75,75,75,75,75,75,75,75,75,75,75,75,75,75,82,82,82,82,82,82],"card_choices":[{"not_picked":["Hello World","Coolheaded"],"picked":"Ball Lightning","floor":1},{"not_picked":["Conserve Battery","White Noise"],"picked":"Sunder","floor":2},{"not_picked":["Beam Cell","Hello World"],"picked":"Storm","floor":10},{"not_picked":["Redo","Leap"],"picked":"Storm","floor":11},{"not_picked":["Steam","Beam Cell"],"picked":"White Noise","floor":13},{"not_picked":["Chaos","Stack"],"picked":"Rebound","floor":14},{"not_picked":["Machine Learning","Seek"],"picked":"Electrodynamics","floor":16},{"not_picked":["Ball Lightning","Steam Power+1"],"picked":"Hologram+1","floor":18},{"not_picked":["Beam Cell","Stack"],"picked":"Conserve Battery","floor":23},{"not_picked":["Steam","Sweeping Beam"],"picked":"Gash+1","floor":25},{"not_picked":["Barrage","Rip and Tear"],"picked":"Seek","floor":28},{"not_picked":["Ball Lightning","Rebound","Redo"],"picked":"SKIP","floor":29},{"not_picked":["Fusion","Consume"],"picked":"Buffer","floor":30},{"not_picked":["Sweeping Beam+1","Streamline"],"picked":"Turbo","floor":31}],"player_experience":382772,"relics_obtained":[{"floor":8,"key":"Pantograph"},{"floor":9,"key":"Symbiotic Virus"},{"floor":10,"key":"Ornamental Fan"},{"floor":23,"key":"Bag of Preparation"},{"floor":26,"key":"Omamori"},{"floor":28,"key":"Strawberry"}],"event_choices":[{"cards_removed":["Strike_B"],"damage_healed":0,"gold_gain":0,"player_choice":"Card Removal","damage_taken":0,"max_hp_gain":0,"max_hp_loss":0,"event_name":"The Cleric","floor":3,"gold_loss":50},{"damage_healed":0,"gold_gain":0,"player_choice":"Grow","damage_taken":0,"max_hp_gain":0,"max_hp_loss":0,"event_name":"Living Wall","floor":4,"gold_loss":0,"cards_upgraded":["Sunder"]},{"damage_healed":0,"gold_gain":0,"player_choice":"Entered Light","damage_taken":15,"max_hp_gain":0,"max_hp_loss":0,"event_name":"Shining Light","floor":5,"gold_loss":0,"cards_upgraded":["Dualcast","Defend_B"]},{"damage_healed":0,"gold_gain":0,"player_choice":"Take Damage","damage_taken":18,"relics_obtained":["Golden Idol"],"max_hp_gain":0,"max_hp_loss":0,"event_name":"Golden Idol","floor":7,"gold_loss":0},{"damage_healed":0,"gold_gain":0,"player_choice":"Traded Relic","damage_taken":0,"relics_obtained":["Nloth\u0027s Gift"],"max_hp_gain":0,"max_hp_loss":0,"event_name":"N\u0027loth","floor":20,"relics_lost":["Ornamental Fan"],"gold_loss":0},{"cards_removed":["Defend_B"],"damage_healed":0,"gold_gain":0,"player_choice":"Purged","damage_taken":0,"max_hp_gain":0,"max_hp_loss":0,"event_name":"Purifier","floor":22,"gold_loss":0}],"is_beta":false,"boss_relics":[{"not_picked":["FrozenCore","Empty Cage"],"picked":"Lizard Tail"}],"items_purged_floors":[19],"is_endless":false,"potions_floor_spawned":[1,2,10,14,16,23,29,31],"killed_by":"Champ","ascension_level":8}