{"gold_per_floor":[117,267,192,206,131,162,179,179,179,211,224,224,224,224,224,224],"floor_reached":16,"playtime":432,"items_purged":["Strike_B"],"score":266,"play_id":"81232801-6430-4c69-a6b9-bd5b5d936ca5","local_time":"20190106181746","is_ascension_mode":true,"campfire_choices":[{"data":"Buffer","floor":8,"key":"SMITH"},{"data":"Zap","floor":12,"key":"SMITH"},{"floor":15,"key":"REST"}],"neow_cost":"NONE","seed_source_timestamp":59122916162015,"circlet_count":0,"master_deck":["AscendersBane","Strike_B+1","Strike_B+1","Defend_B","Defend_B","Defend_B","Defend_B","Zap+1","Dualcast","Cold Snap","Buffer+1","Gash","Echo Form","Conserve Battery"],"relics":["Cracked Core","NeowsBlessing","Kunai","Symbiotic Virus","Darkstone Periapt"],"potions_floor_usage":[16,16],"damage_taken":[{"damage":0,"enemies":"Jaw Worm","floor":1,"turns":1},{"damage":0,"enemies":"Small Slimes","floor":4,"turns":1},{"damage":0,"enemies":"Lagavulin","floor":6,"turns":1},{"damage":8,"enemies":"2 Louse","floor":7,"turns":3},{"damage":14,"enemies":"Gremlin Nob","floor":10,"turns":4},{"damage":8,"enemies":"Blue Slaver","floor":11,"turns":3},{"damage":27,"enemies":"Hexaghost","floor":16,"turns":9}],"seed_played":"-5410782786295568391","potions_obtained":[{"floor":4,"key":"Energy Potion"},{"floor":6,"key":"Dexterity Potion"}],"is_trial":false,"path_per_floor":["M","?","?","M","$","E","M","R","T","E","M","R","?","?","R","B"],"character_chosen":"DEFECT","items_purchased":[],"campfire_rested":1,"item_purchase_floors":[],"current_hp_per_floor":[64,64,64,64,64,64,56,56,56,42,34,34,13,6,27,0],"gold":224,"neow_bonus":"THREE_ENEMY_KILL","is_prod":false,"is_daily":false,"chose_seed":false,"campfire_upgraded":2,"win_rate":0,"timestamp":1546759066,"path_taken":["M","?","?","M","$","E","M","R","T","E","M","R","?","?","R","BOSS"],"build_version":"2018-11-15","purchased_purges":1,"victory":false,"max_hp_per_floor":[71,71,71,71,71,71,71,71,71,71,71,71,71,71,71,71],"card_choices":[{"not_picked":["Reinforced Body","Hologram"],"picked":"Cold Snap","floor":1},{"not_picked":["Stack","Redo","Gash"],"picked":"SKIP","floor":4},{"not_picked":["Aggregate","Double Energy"],"picked":"Buffer","floor":6},{"not_picked":["Aggregate","Tempest"],"picked":"Gash","floor":7},{"not_picked":["Ball Lightning","Biased Cognition"],"picked":"Echo Form","floor":10},{"not_picked":["Capacitor","Chaos"],"picked":"Conserve Battery","floor":11}],"player_experience":991767,"relics_obtained":[{"floor":6,"key":"Kunai"},{"floor":9,"key":"Symbiotic Virus"},{"floor":10,"key":"Darkstone Periapt"}],"event_choices":[{"damage_healed":0,"gold_gain":150,"player_choice":"AGREE","damage_taken":0,"max_hp_gain":0,"max_hp_loss":0,"event_name":"Liars Game","floor":2,"gold_loss":0,"cards_obtained":["Doubt"]},{"cards_removed":["Doubt"],"damage_healed":0,"gold_gain":0,"player_choice":"Card Removal","damage_taken":0,"max_hp_gain":0,"max_hp_loss":0,"event_name":"The Cleric","floor":3,"gold_loss":75},{"damage_healed":0,"gold_gain":0,"player_choice":"Entered Light","damage_taken":21,"max_hp_gain":0,"max_hp_loss":0,"event_name":"Shining Light","floor":13,"gold_loss":0,"cards_upgraded":["Strike_B","Strike_B"]},{"cards_removed":["Strike_B"],"damage_healed":0,"gold_gain":0,"player_choice":"Card Removal","damage_taken":7,"max_hp_gain":0,"max_hp_loss":0,"event_name":"Golden Wing","floor":14,"gold_loss":0}],"is_beta":true,"boss_relics":[],"items_purged_floors":[5],"is_endless":false,"potions_floor_spawned":[4,6,11],"killed_by":"Hexaghost","ascension_level":20}