{"path_per_floor":["M","?","?","M","M","E","R","E","T","M","M","$","E","M","R","B",null,"M","?","?","?","$","E","?","E","T","$","M","M","M","M","R","B",null,"M","M","$","M","?","R","E","M","T","?","M","?","M","M","R","B"],"character_chosen":"IRONCLAD","items_purchased":["Gambling Chip","Limit Break","Inflame","Girya","Limit Break","Inflame","Heavy Blade","Inflame","Heavy Blade","Dramatic Entrance"],"gold_per_floor":[114,114,189,204,219,249,249,579,654,669,684,384,414,429,429,529,529,544,544,544,744,236,266,266,296,296,37,52,67,82,97,97,197,197,197,212,40,55,0,0,30,45,70,70,85,85,85,85,85,85],"floor_reached":51,"campfire_rested":2,"playtime":1107,"current_hp_per_floor":[74,80,69,58,55,55,80,62,62,48,48,48,45,45,70,43,86,62,68,74,74,74,74,74,66,72,72,72,72,72,71,71,57,135,134,130,130,119,119,119,119,119,125,125,123,105,105,105,105,111],"items_purged":[],"gold":85,"score":1106,"play_id":"abb04eed-1b5c-4854-884e-27d278ae8c05","local_time":"20180318032946","daily_mods":["Allstar","Cursed Run","Hoarder"],"is_prod":false,"is_daily":true,"is_ascension_mode":false,"campfire_upgraded":0,"timestamp":1521307786,"path_taken":["M","?","?","M","M","E","R","E","T","M","M","$","E","M","R","BOSS","M","?","?","?","?","E","?","E","T","$","M","M","M","M","R","BOSS","M","M","$","M","?","R","E","?","T","?","M","?","M","?","R","BOSS"],"build_version":"2018-03-15v2","purchased_purges":0,"victory":true,"master_deck":["Strike_R","Strike_R","Strike_R","Strike_R","Strike_R","Defend_R","Defend_R","Defend_R","Defend_R","Bash","Bandage Up","Bandage Up","Bandage Up","Secret Weapon","Secret Weapon","Secret Weapon","Thunderclap","Thunderclap","Thunderclap","Regret","Regret","Regret","Headbutt","Headbutt","Headbutt+1","Thunderclap","Thunderclap","Thunderclap","Cleave","Cleave","Cleave","Heavy Blade","Heavy Blade","Heavy Blade","Bludgeon","Bludgeon","Bludgeon","Iron Wave","Iron Wave","Iron Wave","Iron Wave","Iron Wave","Iron Wave","Burning Pact","Burning Pact","Burning Pact","Barricade","Barricade","Barricade","Spot Weakness","Spot Weakness","Spot Weakness","Writhe","Writhe","Regret","Regret","Regret","Limit Break","Limit Break","Limit Break+1","Inflame","Inflame","Inflame","Flame Barrier","Flame Barrier","Perfected Strike","Perfected Strike","Perfected Strike","Pain","Pain","Pain","Limit Break","Limit Break","Limit Break","Inflame","Inflame","Inflame","Heavy Blade","Heavy Blade","Heavy Blade","Spot Weakness","Spot Weakness+1","Spot Weakness","Sword Boomerang+1","Sword Boomerang","Sword Boomerang","Sword Boomerang+1","Sword Boomerang","Sword Boomerang","Perfected Strike","Perfected Strike","Perfected Strike","Pain","Pain","Pain","Demon Form","Demon Form","Demon Form","Writhe","Writhe","Writhe","Parasite","Parasite","Parasite","Decay","Decay","Decay","Heavy Blade+1","Heavy Blade","Heavy Blade+1","Inflame","Inflame","Inflame","Heavy Blade","Heavy Blade","Heavy Blade","Dramatic Entrance","Dramatic Entrance","Dramatic Entrance","Inflame+1","Inflame","Inflame","Inflame+1","Inflame","Inflame","Perfected Strike","Perfected Strike","Perfected Strike","Writhe","Writhe","Writhe","Second Wind+1","Second Wind","Second Wind","Madness","Madness","Madness","Madness","Madness","Madness","Metallicize+1","Metallicize","Metallicize","Cleave+1","Cleave","Cleave","Decay","Decay","Decay"],"max_hp_per_floor":[80,86,86,86,86,86,86,86,86,86,86,86,86,86,86,86,86,86,92,98,98,98,98,98,105,111,111,111,111,111,111,111,117,135,135,135,135,135,135,135,135,135,141,141,141,141,141,141,141,147],"relics":["Cursed Key","Darkstone Periapt","Du-Vu Doll","Omamori","Ancient Tea Set","Old Coin","Meat on the Bone","Gambling Chip","Bottled Lightning","Mark of Pain","Anchor","Girya","Shovel","Strawberry","Mummified Hand","Red Skull","Calling Bell","Bag of Preparation","War Paint","Kunai","Red Mask","Dream Catcher","Regal Pillow","Whetstone","Bottled Flame"],"card_choices":[{"not_picked":["Havoc","Bloodletting"],"picked":"Thunderclap"},{"not_picked":["Seeing Red","Anger"],"picked":"Headbutt"},{"not_picked":["Pommel Strike","Fire Breathing"],"picked":"Thunderclap"},{"not_picked":["Sever Soul","Anger"],"picked":"Cleave"},{"not_picked":["Bloodletting","Flex"],"picked":"Heavy Blade"},{"not_picked":["Havoc","Body Slam"],"picked":"Bludgeon"},{"not_picked":["Thunderclap","Twin Strike"],"picked":"Iron Wave"},{"not_picked":["Sword Boomerang","Corruption"],"picked":"Iron Wave"},{"not_picked":["Clash","Clothesline"],"picked":"Burning Pact"},{"not_picked":["Juggernaut","Impervious"],"picked":"Barricade"},{"not_picked":["Cleave","Clothesline"],"picked":"Spot Weakness"},{"not_picked":["Headbutt","Body Slam"],"picked":"Flame Barrier"},{"not_picked":["True Grit","Shrug It Off"],"picked":"Spot Weakness"},{"not_picked":["Rupture","Wild Strike"],"picked":"Sword Boomerang"},{"not_picked":["Dark Embrace","Havoc"],"picked":"Sword Boomerang"},{"not_picked":["Corruption","Searing Blow"],"picked":"Perfected Strike"},{"not_picked":["Barricade","Immolate"],"picked":"Demon Form"},{"not_picked":["Metallicize","Clothesline"],"picked":"Heavy Blade"},{"not_picked":["Evolve","Clothesline"],"picked":"Inflame"},{"not_picked":["Warcry","Armaments"],"picked":"Inflame"},{"not_picked":["Shockwave","Clash"],"picked":"Perfected Strike"},{"not_picked":["Body Slam","Entrench"],"picked":"Second Wind"},{"not_picked":["Feel No Pain","Ghostly Armor"],"picked":"Metallicize"},{"not_picked":["Warcry","Sentinel"],"picked":"Cleave"}],"player_experience":263804,"potions_floor_usage":[13,16],"damage_taken":[{"damage":6,"enemies":"2 Louse","floor":1,"turns":2},{"damage":11,"enemies":"Jaw Worm","floor":4,"turns":2},{"damage":7,"enemies":"Small Slimes","floor":5,"turns":2},{"damage":0,"enemies":"Gremlin Nob","floor":6,"turns":2},{"damage":18,"enemies":"Lagavulin","floor":8,"turns":3},{"damage":14,"enemies":"2 Fungi Beasts","floor":10,"turns":2},{"damage":0,"enemies":"Large Slime","floor":11,"turns":2},{"damage":3,"enemies":"3 Sentries","floor":13,"turns":3},{"damage":0,"enemies":"Exordium Wildlife","floor":14,"turns":1},{"damage":47,"enemies":"The Guardian","floor":16,"turns":7},{"damage":24,"enemies":"Shell Parasite","floor":18,"turns":4},{"damage":0,"enemies":"Gremlin Leader","floor":23,"turns":2},{"damage":15,"enemies":"Slavers","floor":25,"turns":2},{"damage":0,"enemies":"Spheric Guardian","floor":28,"turns":1},{"damage":0,"enemies":"Snake Plant","floor":29,"turns":1},{"damage":0,"enemies":"Chosen and Byrds","floor":30,"turns":1},{"damage":1,"enemies":"Cultist and Chosen","floor":31,"turns":2},{"damage":40,"enemies":"Collector","floor":33,"turns":5},{"damage":1,"enemies":"Orb Walker","floor":35,"turns":1},{"damage":4,"enemies":"3 Shapes","floor":36,"turns":1},{"damage":11,"enemies":"Maw","floor":38,"turns":2},{"damage":0,"enemies":"Giant Head","floor":41,"turns":1},{"damage":0,"enemies":"4 Shapes","floor":42,"turns":1},{"damage":2,"enemies":"3 Darklings","floor":45,"turns":1},{"damage":0,"enemies":"Sphere and 2 Shapes","floor":47,"turns":1},{"damage":0,"enemies":"4 Shapes","floor":48,"turns":1},{"damage":0,"enemies":"Time Eater","floor":50,"turns":1}],"event_choices":[{"event_name":"Big Fish","player_choice":"Box","floor":2,"damage_taken":0},{"event_name":"World of Goop","player_choice":"Gather Gold","floor":3,"damage_taken":0},{"event_name":"The Mausoleum","player_choice":"Yes","floor":19,"damage_taken":0},{"event_name":"Transmorgrifier","player_choice":"Transform","floor":20,"damage_taken":0},{"event_name":"The Joust","player_choice":"Bet on Owner","floor":21,"damage_taken":0},{"event_name":"The Library","player_choice":"Read","floor":24,"damage_taken":0},{"event_name":"Tomb of Lord Red Mask","player_choice":"Paid","floor":39,"damage_taken":0},{"event_name":"Winding Halls","player_choice":"Embrace Madness","floor":46,"damage_taken":0}],"boss_relics":[{"not_picked":["Velvet Choker","Runic Dome"],"picked":"Mark of Pain"},{"not_picked":["Tiny House","Black Star"],"picked":"Calling Bell"}],"potions_floor_spawned":[4,6,8,11,16,28,29,33,36,38,42,48],"seed_played":"8809221095910533381","ascension_level":0,"is_trial":false}