{"gold_per_floor":[114,64,64,81,91,120,132,163,163,95,111,128,128,144,144,144],"floor_reached":16,"playtime":1134,"items_purged":[],"score":148,"play_id":"619ec13e-89c2-4e00-93ea-686df0a5ec7f","local_time":"20190207120155","is_ascension_mode":true,"campfire_choices":[{"floor":13,"key":"REST"},{"floor":15,"key":"REST"}],"neow_cost":"NONE","seed_source_timestamp":0,"circlet_count":0,"master_deck":["Defend_G","Defend_G","Defend_G","Defend_G","Strike_G+1","Strike_G","Strike_G","Strike_G+1","Survivor","Neutralize","Backflip","Cloak And Dagger","Leg Sweep","Blur","PiercingWail","Adrenaline","Footwork","Well Laid Plans","Dagger Throw","Heel Hook"],"special_seed":0,"relics":["Ring of the Snake","Whetstone","Pear","Question Card","Matryoshka"],"potions_floor_usage":[16,16],"damage_taken":[{"damage":0.0,"enemies":"Cultist","floor":1.0,"turns":5.0},{"damage":4.0,"enemies":"Small Slimes","floor":4.0,"turns":3.0},{"damage":1.0,"enemies":"2 Louse","floor":5.0,"turns":3.0},{"damage":43.0,"enemies":"Gremlin Nob","floor":6.0,"turns":6.0},{"damage":0.0,"enemies":"Lots of Slimes","floor":7.0,"turns":1.0},{"damage":11,"enemies":"3 Sentries","floor":8,"turns":17},{"damage":0,"enemies":"Large Slime","floor":11,"turns":12},{"damage":0,"enemies":"2 Fungi Beasts","floor":12,"turns":5},{"damage":4,"enemies":"3 Louse","floor":14,"turns":3},{"damage":62,"enemies":"Hexaghost","floor":16,"turns":16}],"seed_played":"-6338476957479059474","potions_obtained":[{"floor":5.0,"key":"Explosive Potion"},{"floor":8,"key":"FearPotion"},{"floor":14,"key":"SneckoOil"}],"is_trial":false,"path_per_floor":["M","?","?","M","M","E","M","E","T","$","M","M","R","M","R","B"],"character_chosen":"THE_SILENT","items_purchased":["Footwork"],"campfire_rested":2,"item_purchase_floors":[10],"current_hp_per_floor":[63,63,63,59,58,25,25,14,14,14,14,14,38,34,58,0],"gold":144,"neow_bonus":"RANDOM_COMMON_RELIC","is_prod":false,"is_daily":false,"chose_seed":false,"campfire_upgraded":0,"win_rate":0,"timestamp":1549501315,"path_taken":["M","?","?","M","M","E","?","E","T","$","M","?","R","M","R","BOSS"],"build_version":"2019-01-23","purchased_purges":0,"victory":false,"max_hp_per_floor":[70,70,70,70,70,80,80,80,80,80,80,80,80,80,80,80],"card_choices":[{"not_picked":["Poisoned Stab","Quick Slash"],"picked":"Backflip","floor":1.0},{"not_picked":["Heel Hook","Bane"],"picked":"Cloak And Dagger","floor":4.0},{"not_picked":["Backflip","Flying Knee"],"picked":"Leg Sweep","floor":5.0},{"not_picked":["Prepared","Reflex"],"picked":"Blur","floor":6.0},{"not_picked":["Quick Slash","Bane"],"picked":"PiercingWail","floor":7.0},{"not_picked":["Masterful Stab","Dagger Throw"],"picked":"Adrenaline","floor":8},{"not_picked":["Acrobatics","PiercingWail","Backflip"],"picked":"Well Laid Plans","floor":11},{"not_picked":["Poisoned Stab","Backflip","Cloak And Dagger"],"picked":"Dagger Throw","floor":12},{"not_picked":["Masterful Stab","Blur","Blade Dance"],"picked":"Heel Hook","floor":14}],"player_experience":287840,"relics_obtained":[{"floor":6.0,"key":"Pear"},{"floor":8,"key":"Question Card"},{"floor":9,"key":"Matryoshka"}],"event_choices":[{"cards_removed":["Strike_G"],"damage_healed":0.0,"max_hp_gain":0.0,"max_hp_loss":0.0,"gold_gain":0.0,"event_name":"The Cleric","player_choice":"Card Removal","floor":2.0,"gold_loss":50.0,"damage_taken":0.0},{"cards_removed":["Defend_G"],"damage_healed":0.0,"max_hp_gain":0.0,"max_hp_loss":0.0,"gold_gain":0.0,"event_name":"Purifier","player_choice":"Purged","floor":3.0,"gold_loss":0.0,"damage_taken":0.0}],"is_beta":false,"boss_relics":[],"items_purged_floors":[],"is_endless":false,"potions_floor_spawned":[5,8,14],"killed_by":"Hexaghost","ascension_level":6}