{"gold_per_floor":[111,111,111,61,80,80,98,125,149,161,173,185,225,252,264,376,388,412,424,134,145,162,174,208,208,208,208,208,208,208,158,158,260,260,278,278,278,278,297,323,341,341,367,385,6,6,34,34,34,34],"floor_reached":50,"playtime":4693,"items_purged":["Writhe","Strike_B","Defend_B"],"score":524,"play_id":"fc95e1d6-5ab6-4fb6-9d3d-10cfe1550419","local_time":"20180803180952","is_ascension_mode":false,"campfire_choices":[{"data":"Dualcast","floor":6,"key":"SMITH"},{"data":"Conserve Battery","floor":10,"key":"SMITH"},{"data":"Electrodynamics","floor":15,"key":"SMITH"},{"floor":25,"key":"REST"},{"data":"Echo Form","floor":27,"key":"SMITH"},{"data":"Chill","floor":29,"key":"SMITH"},{"floor":32,"key":"REST"},{"data":"Machine Learning","floor":42,"key":"SMITH"},{"data":"Writhe","floor":49,"key":"PURGE"}],"neow_cost":"NONE","seed_source_timestamp":68622512248573,"circlet_count":0,"master_deck":["Defend_B+1","Defend_B+1","Zap+1","Dualcast+1","Ball Lightning","Conserve Battery+1","Ball Lightning","Electrodynamics+1","Echo Form+1","Capacitor","Beam Cell","Panache","Chill+1","FTL","Tempest+1","Leap","Machine Learning+1","Rebound+1","Conserve Battery","Transmutation","Panache","Blind","Fusion+1","Echo Form","Conserve Battery","Redo+1","Defragment","Coolheaded","Hologram","Force Field+1"],"relics":["Cracked Core","DataDisk","Vajra","MawBank","Cables","War Paint","Runic Pyramid","Smiling Mask","Bag of Preparation","Bag of Marbles","Lantern","Black Star","StoneCalendar","Du-Vu Doll","Centennial Puzzle","Strawberry","Peace Pipe","Ginger"],"potions_floor_usage":[21,24,24,24],"damage_taken":[{"damage":3,"enemies":"Jaw Worm","floor":1,"turns":3},{"damage":0,"enemies":"2 Louse","floor":5,"turns":2},{"damage":0,"enemies":"Cultist","floor":7,"turns":2},{"damage":7,"enemies":"Lagavulin","floor":8,"turns":4},{"damage":5,"enemies":"Gremlin Nob","floor":13,"turns":3},{"damage":0,"enemies":"Exordium Thugs","floor":14,"turns":1},{"damage":11,"enemies":"The Guardian","floor":16,"turns":6},{"damage":9,"enemies":"2 Thieves","floor":18,"turns":3},{"damage":9,"enemies":"3 Byrds","floor":21,"turns":3},{"damage":16,"enemies":"Snecko","floor":22,"turns":5},{"damage":10,"enemies":"Chosen and Byrds","floor":23,"turns":3},{"damage":32,"enemies":"Slavers","floor":24,"turns":2},{"damage":2,"enemies":"Automaton","floor":33,"turns":5},{"damage":2,"enemies":"Orb Walker","floor":35,"turns":2},{"damage":11,"enemies":"3 Darklings","floor":39,"turns":3},{"damage":18,"enemies":"Giant Head","floor":40,"turns":7},{"damage":3,"enemies":"Maw","floor":41,"turns":5},{"damage":0,"enemies":"Flame Bruiser 2 Orb","floor":44,"turns":4},{"damage":37,"enemies":"2 Orb Walkers","floor":47,"turns":5},{"damage":40,"enemies":"Time Eater","floor":50,"turns":10}],"seed_played":"5984737517719146914","potions_obtained":[{"floor":1,"key":"Strength Potion"},{"floor":8,"key":"Energy Potion"},{"floor":14,"key":"Regen Potion"},{"floor":18,"key":"Explosive Potion"},{"floor":22,"key":"Dexterity Potion"},{"floor":24,"key":"FearPotion"},{"floor":39,"key":"SteroidPotion"}],"is_trial":false,"path_per_floor":["M","?","?","?","M","R","M","E","T","R","$","?","E","M","R","B",null,"M","?","$","M","M","M","E","R","T","R","?","R","?","$","R","B",null,"M","?","?","?","M","E","M","R","T","M","$","?","E","$","R"],"character_chosen":"DEFECT","items_purchased":["Beam Cell","Panache","Defragment","Strawberry","Coolheaded","Hologram"],"campfire_rested":2,"item_purchase_floors":[20,20,45,45,45,45],"current_hp_per_floor":[72,65,65,65,65,65,65,58,58,58,58,55,50,50,50,39,75,66,66,66,66,50,40,8,30,30,30,30,30,30,30,52,50,75,73,73,73,63,52,34,31,31,31,31,38,59,22,22,22,0],"gold":34,"neow_bonus":"UPGRADE_CARD","is_prod":false,"is_daily":false,"chose_seed":false,"campfire_upgraded":6,"win_rate":0,"timestamp":1533283792,"path_taken":["M","?","?","?","M","R","M","E","T","R","?","?","E","M","R","BOSS","M","?","$","M","M","?","E","R","T","R","?","R","?","$","R","BOSS","M","?","?","?","M","E","M","R","T","M","$","?","E","?","R","BOSS"],"build_version":"2018-08-02","purchased_purges":3,"victory":false,"max_hp_per_floor":[75,75,75,75,75,75,75,75,75,75,75,75,75,75,75,75,75,75,75,75,75,75,75,75,75,75,75,75,75,75,75,75,75,75,75,75,75,75,75,75,75,75,75,75,82,82,82,82,82,82],"card_choices":[{"not_picked":["Reprogram","Glacier"],"picked":"Ball Lightning","floor":1},{"not_picked":["Barrage","Lockon","Compile Driver"],"picked":"SKIP","floor":5},{"not_picked":["Steam","Barrage"],"picked":"Conserve Battery","floor":7},{"not_picked":["Beam Cell","Gash"],"picked":"Ball Lightning","floor":8},{"not_picked":["Storm","FTL"],"picked":"Electrodynamics","floor":13},{"not_picked":["Static Discharge","Reinforced Body","Gash"],"picked":"SKIP","floor":14},{"not_picked":["Seek","Electrodynamics"],"picked":"Echo Form","floor":16},{"not_picked":["Redo+1","Leap"],"picked":"Capacitor","floor":18},{"not_picked":["Conserve Battery","Scrape"],"picked":"Chill","floor":21},{"not_picked":["Stack","Tempest"],"picked":"FTL","floor":22},{"not_picked":["Glacier","Redo+1"],"picked":"Tempest+1","floor":23},{"not_picked":["Amplify","Ball Lightning"],"picked":"Leap","floor":24},{"not_picked":["Electrodynamics","Multi-Cast"],"picked":"Machine Learning","floor":33},{"not_picked":["Redo","Stack+1"],"picked":"Rebound+1","floor":35},{"not_picked":["Dramatic Entrance","Bandage Up"],"picked":"Transmutation","floor":38},{"not_picked":["Blind","Deep Breath"],"picked":"Panache","floor":38},{"not_picked":["Secret Weapon","Dark Shackles"],"picked":"Blind","floor":38},{"not_picked":["Skim+1","Hologram"],"picked":"Fusion+1","floor":39},{"not_picked":["Hologram","Blizzard+1"],"picked":"Echo Form","floor":40},{"not_picked":["Rip and Tear+1","Stack+1"],"picked":"Conserve Battery","floor":41},{"not_picked":["Genetic Algorithm+1","Turbo+1"],"picked":"Redo+1","floor":44},{"not_picked":["Barrage","Rebound"],"picked":"Force Field+1","floor":47}],"player_experience":614661,"relics_obtained":[{"floor":8,"key":"Vajra"},{"floor":9,"key":"MawBank"},{"floor":13,"key":"War Paint"},{"floor":24,"key":"Bag of Preparation"},{"floor":26,"key":"Bag of Marbles"},{"floor":40,"key":"StoneCalendar"},{"floor":40,"key":"Du-Vu Doll"},{"floor":43,"key":"Centennial Puzzle"},{"floor":47,"key":"Peace Pipe"},{"floor":47,"key":"Ginger"}],"event_choices":[{"event_name":"Golden Wing","player_choice":"Card Removal","floor":2,"damage_taken":0},{"event_name":"WeMeetAgain","player_choice":"Potion","floor":3,"damage_taken":0},{"event_name":"The Cleric","player_choice":"Card Removal","floor":4,"damage_taken":0},{"event_name":"Scrap Ooze","player_choice":"success","floor":12,"damage_taken":3},{"event_name":"The Mausoleum","player_choice":"Yes","floor":19,"damage_taken":0},{"event_name":"Back to Basics","player_choice":"Elegance","floor":28,"damage_taken":0},{"event_name":"Wheel of Change","player_choice":"Relic","floor":30,"damage_taken":0},{"event_name":"Tomb of Lord Red Mask","player_choice":"Ignored","floor":36,"damage_taken":0},{"event_name":"Transmorgrifier","player_choice":"Transform","floor":37,"damage_taken":0},{"event_name":"SensoryStone","player_choice":"Memory 3","floor":38,"damage_taken":0},{"event_name":"Winding Halls","player_choice":"Writhe","floor":46,"damage_taken":0}],"is_beta":false,"boss_relics":[{"not_picked":["Calling Bell","Snecko Eye"],"picked":"Runic Pyramid"},{"not_picked":["Nuclear Battery","Philosopher\u0027s Stone"],"picked":"Black Star"}],"items_purged_floors":[20,31,45],"is_endless":false,"potions_floor_spawned":[1,8,14,18,22,24,39],"killed_by":"Time Eater","ascension_level":0}