{"gold_per_floor":[119,129,142,152,165,165,180,180,180,212,212,212,212,212,212,301,301,315,240,240,120],"floor_reached":21,"playtime":757,"items_purged":[],"score":349,"play_id":"37c554a5-51b2-4e1d-8f94-616dd47dc2c2","local_time":"20190126023347","is_ascension_mode":true,"campfire_choices":[{"data":"Neutralize","floor":6,"key":"SMITH"},{"floor":8,"key":"REST"},{"data":"Tactician","floor":13,"key":"SMITH"},{"data":"Phantasmal Killer","floor":15,"key":"SMITH"}],"neow_cost":"NONE","seed_source_timestamp":18057650798566,"circlet_count":0,"master_deck":["AscendersBane","Defend_G","Defend_G","Defend_G","Defend_G","Defend_G","Strike_G","Strike_G","Strike_G","Strike_G","Survivor","Neutralize+1","Phantasmal Killer+1","Quick Slash","Infinite Blades","Tactician+1","Dash","Leg Sweep","Acrobatics","Acrobatics","Storm of Steel","Accuracy+1"],"relics":["Ring of the Snake","Paper Crane","Ancient Tea Set","Golden Idol","Singing Bowl","Philosopher\u0027s Stone"],"potions_floor_usage":[16,16],"damage_taken":[{"damage":14,"enemies":"Jaw Worm","floor":1,"turns":6},{"damage":7,"enemies":"2 Louse","floor":2,"turns":4},{"damage":3,"enemies":"Small Slimes","floor":3,"turns":4},{"damage":10,"enemies":"Looter","floor":4,"turns":5},{"damage":4,"enemies":"2 Fungi Beasts","floor":5,"turns":4},{"damage":4,"enemies":"3 Louse","floor":7,"turns":5},{"damage":6,"enemies":"Lagavulin","floor":10,"turns":8},{"damage":1,"enemies":"Hexaghost","floor":16,"turns":11},{"damage":32,"enemies":"Spheric Guardian","floor":18,"turns":7},{"damage":23,"enemies":"2 Thieves","floor":21,"turns":3}],"seed_played":"-3987918377696038659","potions_obtained":[{"floor":1,"key":"Dexterity Potion"},{"floor":2,"key":"SpeedPotion"},{"floor":7,"key":"LiquidBronze"}],"is_trial":false,"path_per_floor":["M","M","M","M","M","R","M","R","T","E","?","?","R","?","R","B",null,"M","?","?","M"],"character_chosen":"THE_SILENT","items_purchased":[],"campfire_rested":1,"item_purchase_floors":[],"current_hp_per_floor":[45,38,35,25,21,21,17,36,36,30,30,30,30,19,19,18,54,22,22,22,0],"gold":120,"neow_bonus":"ONE_RANDOM_RARE_CARD","is_prod":false,"is_daily":false,"chose_seed":false,"campfire_upgraded":3,"win_rate":0,"timestamp":1548498827,"path_taken":["M","M","M","M","M","R","M","R","T","E","?","?","R","?","R","BOSS","M","?","?","M"],"build_version":"2019-01-23","purchased_purges":0,"victory":false,"max_hp_per_floor":[66,66,66,66,66,66,66,66,66,66,66,66,66,66,66,66,66,66,66,66,66],"card_choices":[{"not_picked":["Crippling Poison","PiercingWail"],"picked":"Quick Slash","floor":1},{"not_picked":["Skewer","Dodge and Roll"],"picked":"Infinite Blades","floor":2},{"not_picked":["Deflect","Flechettes"],"picked":"Tactician","floor":3},{"not_picked":["Poisoned Stab","Flying Knee"],"picked":"Dash","floor":4},{"not_picked":["Deadly Poison","Deflect"],"picked":"Leg Sweep","floor":5},{"not_picked":["Dagger Spray","Quick Slash"],"picked":"Acrobatics","floor":7},{"not_picked":["Accuracy","Dagger Spray"],"picked":"Acrobatics","floor":10},{"not_picked":["Glass Knife","Malaise"],"picked":"Storm of Steel","floor":16},{"not_picked":["All Out Attack","Blur+1"],"picked":"Accuracy+1","floor":18}],"player_experience":989397,"relics_obtained":[{"floor":9,"key":"Paper Crane"},{"floor":10,"key":"Ancient Tea Set"}],"event_choices":[{"damage_healed":0,"gold_gain":0,"player_choice":"Take Wound","damage_taken":0,"relics_obtained":["Golden Idol"],"max_hp_gain":0,"max_hp_loss":0,"event_name":"Golden Idol","floor":11,"gold_loss":0,"cards_obtained":["Injury"]},{"cards_removed":["Injury"],"damage_healed":0,"gold_gain":0,"player_choice":"Forget","damage_taken":0,"max_hp_gain":0,"max_hp_loss":0,"event_name":"Living Wall","floor":12,"gold_loss":0},{"damage_healed":0,"gold_gain":0,"player_choice":"Success","damage_taken":11,"relics_obtained":["Singing Bowl"],"max_hp_gain":0,"max_hp_loss":0,"event_name":"Scrap Ooze","floor":14,"gold_loss":0},{"cards_removed":["Strike_G"],"damage_healed":0,"gold_gain":0,"player_choice":"Gave Gold","damage_taken":0,"max_hp_gain":0,"max_hp_loss":0,"event_name":"Beggar","floor":19,"gold_loss":75},{"damage_healed":0,"gold_gain":0,"player_choice":"Ignored","damage_taken":0,"max_hp_gain":0,"max_hp_loss":0,"event_name":"Vampires","floor":20,"gold_loss":0}],"is_beta":true,"boss_relics":[{"not_picked":["Empty Cage","Coffee Dripper"],"picked":"Philosopher\u0027s Stone"}],"items_purged_floors":[],"is_endless":false,"potions_floor_spawned":[1,2,7,10],"killed_by":"2 Thieves","ascension_level":19}