{"gold_per_floor":[109,109,28,28,44,44,63,63,63,63,88,100,112,19,19,93,93,108,108,128,128,128,128,70,70,70,103,18,33,0,0,0,74,74,84,84,134,146,71,71,71,0,26,26,45,56,56],"floor_reached":47,"playtime":1669,"items_purged":["Defend_B"],"score":858,"play_id":"11e54ef0-1357-4454-811d-42cbeb1e4fca","local_time":"20180922234827","is_ascension_mode":true,"campfire_choices":[{"data":"Defragment","floor":6,"key":"SMITH"},{"data":"Zap","floor":10,"key":"SMITH"},{"floor":15,"key":"REST"},{"data":"Chaos","floor":23,"key":"SMITH"},{"data":"Defragment","floor":25,"key":"SMITH"},{"data":"Dualcast","floor":32,"key":"SMITH"},{"data":"Discovery","floor":40,"key":"SMITH"},{"data":"Creative AI","floor":44,"key":"SMITH"}],"neow_cost":"","seed_source_timestamp":78399794712547,"circlet_count":0,"master_deck":["Defend_B","Defend_B","Zap+1","Dualcast+1","AscendersBane","Defragment+1","Ball Lightning","Coolheaded","Glacier","Steam","BootSequence","Chaos+1","FTL","All For One","Defragment+1","Conserve Battery","Core Surge","Creative AI+1","Force Field","Discovery+1","Conserve Battery"],"relics":["Cracked Core","Calipers","Pear","Bag of Marbles","Empty Cage","Enchiridion","Mercury Hourglass","Incense Burner","Bag of Preparation","Inserter","Red Mask","Potion Belt"],"potions_floor_usage":[11,13,16,33],"damage_taken":[{"damage":11,"enemies":"2 Louse","floor":1,"turns":2},{"damage":0,"enemies":"Cultist","floor":5,"turns":3},{"damage":2,"enemies":"Jaw Worm","floor":7,"turns":3},{"damage":13,"enemies":"Gremlin Nob","floor":11,"turns":4},{"damage":14,"enemies":"Exordium Thugs","floor":12,"turns":6},{"damage":0,"enemies":"2 Fungi Beasts","floor":13,"turns":2},{"damage":10,"enemies":"Slime Boss","floor":16,"turns":10},{"damage":0,"enemies":"Shell Parasite","floor":18,"turns":5},{"damage":2,"enemies":"2 Thieves","floor":20,"turns":4},{"damage":0,"enemies":"Book of Stabbing","floor":27,"turns":5},{"damage":0,"enemies":"Sentry and Sphere","floor":29,"turns":4},{"damage":9,"enemies":"Champ","floor":33,"turns":18},{"damage":0,"enemies":"Orb Walker","floor":35,"turns":4},{"damage":8,"enemies":"3 Shapes","floor":38,"turns":4},{"damage":32,"enemies":"3 Darklings","floor":45,"turns":5},{"damage":0,"enemies":"Sphere and 2 Shapes","floor":46,"turns":3},{"damage":31,"enemies":"Spire Growth","floor":47,"turns":3}],"seed_played":"1425144846889606409","potions_obtained":[{"floor":7,"key":"FocusPotion"},{"floor":12,"key":"Explosive Potion"},{"floor":13,"key":"Explosive Potion"},{"floor":29,"key":"FearPotion"},{"floor":45,"key":"Poison Potion"}],"is_trial":false,"path_per_floor":["M","?","$","T","M","R","M","?","T","R","E","M","M","$","R","B",null,"M","?","M","?","?","R","$","R","T","E","?","M","?","$","R","B",null,"M","?","?","M","$","R","?","?","T","R","M","M"],"character_chosen":"DEFECT","items_purchased":["Ball Lightning","Coolheaded","FTL","Conserve Battery"],"campfire_rested":1,"item_purchase_floors":[3,3,14,24],"current_hp_per_floor":[53,43,43,43,43,43,41,41,51,51,38,24,24,24,48,38,70,70,49,47,47,47,47,47,47,47,47,47,47,47,47,47,38,70,70,60,60,52,52,52,52,52,52,52,20,20,0],"gold":56,"neow_bonus":"","is_prod":false,"is_daily":false,"chose_seed":false,"campfire_upgraded":7,"win_rate":0,"timestamp":1537685307,"path_taken":["M","?","$","?","M","R","M","?","T","R","E","M","M","$","R","BOSS","M","?","M","?","?","R","$","R","T","E","?","?","?","$","R","BOSS","M","?","?","?","$","R","?","?","T","R","M","M","M"],"build_version":"2018-09-20","purchased_purges":1,"victory":false,"max_hp_per_floor":[71,71,71,71,71,71,71,71,81,81,81,81,81,81,81,81,81,81,81,81,81,81,81,81,81,81,81,81,81,81,81,81,81,81,81,81,81,81,81,81,81,81,81,81,81,81,81],"card_choices":[{"not_picked":["Leap","Hologram"],"picked":"Defragment","floor":1},{"not_picked":["Barrage","Lockon","Rip and Tear"],"picked":"SKIP","floor":5},{"not_picked":["Blizzard","Steam"],"picked":"Glacier","floor":7},{"not_picked":["Defragment","Gash"],"picked":"BootSequence","floor":11},{"not_picked":["Gash","Redo","Turbo"],"picked":"SKIP","floor":12},{"not_picked":["Beam Cell","Stack"],"picked":"Chaos","floor":13},{"not_picked":["Core Surge","Fission"],"picked":"All For One","floor":16},{"not_picked":["Cold Snap","Rebound","Turbo"],"picked":"SKIP","floor":18},{"not_picked":["Cold Snap","FTL"],"picked":"Defragment","floor":20},{"not_picked":["Lockon+1","Turbo"],"picked":"Core Surge","floor":27},{"not_picked":["Scrape+1","Skim"],"picked":"Darkness+1","floor":29},{"not_picked":["Amplify","Electrodynamics"],"picked":"Creative AI","floor":33},{"not_picked":["Sweeping Beam","Reprogram+1"],"picked":"Force Field","floor":35},{"not_picked":["Panache","Finesse"],"picked":"Discovery","floor":36},{"not_picked":["Cold Snap","Gash"],"picked":"Conserve Battery","floor":38},{"not_picked":["Hologram","Rebound","Steam"],"picked":"SKIP","floor":45},{"not_picked":["Double Energy","Fusion","Steam"],"picked":"SKIP","floor":46}],"player_experience":817883,"relics_obtained":[{"floor":4,"key":"Calipers"},{"floor":9,"key":"Pear"},{"floor":11,"key":"Bag of Marbles"},{"floor":19,"key":"Enchiridion"},{"floor":26,"key":"Mercury Hourglass"},{"floor":27,"key":"Incense Burner"},{"floor":43,"key":"Potion Belt"}],"event_choices":[{"event_name":"Wheel of Change","player_choice":"Damage","floor":2,"damage_taken":0},{"event_name":"Living Wall","player_choice":"Change","floor":8,"damage_taken":0},{"event_name":"Cursed Tome","player_choice":"Obtained Book","floor":19,"damage_taken":0},{"event_name":"Purifier","player_choice":"One Purge","floor":21,"damage_taken":0},{"event_name":"Back to Basics","player_choice":"Elegance","floor":22,"damage_taken":0},{"event_name":"Addict","player_choice":"Obtained Relic","floor":28,"damage_taken":0},{"event_name":"Masked Bandits","player_choice":"Paid Fearfully","floor":30,"damage_taken":0},{"event_name":"SensoryStone","player_choice":"Memory 3","floor":36,"damage_taken":0},{"event_name":"Golden Shrine","player_choice":"Pray","floor":37,"damage_taken":0},{"event_name":"Falling","player_choice":"Removed Skill","floor":41,"damage_taken":0},{"event_name":"Tomb of Lord Red Mask","player_choice":"Paid","floor":42,"damage_taken":0}],"is_beta":true,"boss_relics":[{"not_picked":["Ectoplasm","Calling Bell"],"picked":"Empty Cage"},{"not_picked":["Eternal Feather","Busted Crown"],"picked":"Inserter"}],"items_purged_floors":[39],"is_endless":false,"potions_floor_spawned":[7,12,13,29,45],"killed_by":"Spire Growth","ascension_level":17}