{"gold_per_floor":[112,112,112,112,112,112,129,159,185,196,216,247,258,285,285,356,356,374,103,118,118],"floor_reached":21,"playtime":2346,"items_purged":[],"score":437,"play_id":"9537a360-0b05-4fbb-87f6-4dfe02889ffe","local_time":"20190129093342","is_ascension_mode":true,"campfire_choices":[{"data":"Deadly Poison","floor":6.0,"key":"SMITH"},{"data":"Catalyst","floor":15,"key":"SMITH"}],"neow_cost":"NONE","seed_source_timestamp":1097320692863246,"circlet_count":0,"master_deck":["AscendersBane","Defend_G","Defend_G","Defend_G","Defend_G","Defend_G","Strike_G","Strike_G","Strike_G","Strike_G","Survivor","Neutralize","Deadly Poison+1","Deadly Poison","Bouncing Flask","Catalyst+1","Leg Sweep","Cloak And Dagger","Calculated Gamble","Dodge and Roll","Envenom","Dodge and Roll","Dagger Spray"],"special_seed":0,"relics":["Ring of the Snake","NeowsBlessing","PreservedInsect","Boot","Anchor","Ninja Scroll","WristBlade","Pantograph"],"potions_floor_usage":[16],"damage_taken":[{"damage":0.0,"enemies":"Cultist","floor":1.0,"turns":1.0},{"damage":0.0,"enemies":"2 Louse","floor":7.0,"turns":1.0},{"damage":0.0,"enemies":"3 Sentries","floor":8.0,"turns":1.0},{"damage":4.0,"enemies":"Small Slimes","floor":10.0,"turns":3.0},{"damage":1.0,"enemies":"Red Slaver","floor":11.0,"turns":3.0},{"damage":7.0,"enemies":"Lagavulin","floor":12.0,"turns":5.0},{"damage":4.0,"enemies":"Exordium Thugs","floor":13.0,"turns":4.0},{"damage":14,"enemies":"3 Sentries","floor":14,"turns":8},{"damage":14,"enemies":"The Guardian","floor":16,"turns":8},{"damage":17,"enemies":"2 Thieves","floor":18,"turns":5},{"damage":8,"enemies":"Shell Parasite","floor":20,"turns":4},{"damage":6,"enemies":"3 Cultists","floor":21,"turns":4}],"seed_played":"3357302268415722547","potions_obtained":[{"floor":8.0,"key":"AttackPotion"},{"floor":10.0,"key":"SpeedPotion"},{"floor":20,"key":"Ancient Potion"}],"is_trial":false,"path_per_floor":["M","?","$","$","?","R","M","E","T","M","M","E","M","E","R","B",null,"M","$","M","M"],"character_chosen":"THE_SILENT","items_purchased":["Pantograph"],"campfire_rested":0,"item_purchase_floors":[19],"current_hp_per_floor":[59,59,59,59,66,66,66,66,66,62,61,54,50,36,36,22,55,38,38,30,24],"gold":118,"neow_bonus":"THREE_ENEMY_KILL","is_prod":false,"is_daily":false,"chose_seed":false,"campfire_upgraded":2,"win_rate":0,"timestamp":1548783222,"path_taken":["M","?","?","$","?","R","M","E","T","M","M","E","M","E","R","BOSS","M","$","M","?"],"build_version":"2019-01-23","purchased_purges":0,"victory":false,"max_hp_per_floor":[66,66,66,66,66,66,66,66,66,66,66,66,66,66,66,66,66,66,66,66,66],"card_choices":[{"not_picked":["All Out Attack","Masterful Stab"],"picked":"Deadly Poison","floor":1.0},{"not_picked":["Slice","Bane"],"picked":"Deadly Poison","floor":7.0},{"not_picked":["Well Laid Plans","Sucker Punch"],"picked":"Bouncing Flask","floor":8.0},{"not_picked":["Deadly Poison","Flying Knee"],"picked":"Catalyst","floor":10.0},{"not_picked":["Tactician","Tools of the Trade"],"picked":"Leg Sweep","floor":11.0},{"not_picked":["Flying Knee","Distraction"],"picked":"Cloak And Dagger","floor":12.0},{"not_picked":["Escape Plan","Prepared"],"picked":"Calculated Gamble","floor":13.0},{"not_picked":["Finisher","Catalyst"],"picked":"Dodge and Roll","floor":14},{"not_picked":["Phantasmal Killer","Venomology"],"picked":"Envenom","floor":16},{"not_picked":["Choke","Distraction"],"picked":"Dodge and Roll","floor":18},{"not_picked":["Reflex","Dagger Throw+1"],"picked":"Dagger Spray","floor":20}],"player_experience":1779578,"relics_obtained":[{"floor":8.0,"key":"PreservedInsect"},{"floor":9.0,"key":"Boot"},{"floor":12.0,"key":"Anchor"},{"floor":14,"key":"Ninja Scroll"}],"event_choices":[{"cards_removed":["Strike_G"],"damage_healed":0.0,"max_hp_gain":0.0,"max_hp_loss":0.0,"gold_gain":0.0,"event_name":"Purifier","player_choice":"Purged","floor":2.0,"gold_loss":0.0,"damage_taken":0.0},{"damage_healed":7.0,"max_hp_gain":0.0,"max_hp_loss":0.0,"gold_gain":0.0,"event_name":"Wheel of Change","player_choice":"Full Heal","floor":5.0,"gold_loss":0.0,"damage_taken":0.0}],"is_beta":false,"boss_relics":[{"not_picked":["Empty Cage","Eternal Feather"],"picked":"WristBlade"}],"items_purged_floors":[],"is_endless":false,"potions_floor_spawned":[8,10,11,12,20],"killed_by":"3 Cultists","ascension_level":19}