{"gold_per_floor":[109,189,203,128,3,35,35,50,97,97,108,136,150,161,161,240,240,256,29,29,39,50,50],"floor_reached":23,"playtime":733,"items_purged":["Strike_R"],"score":406,"play_id":"1883c378-f3ea-4a2e-b0c4-d44d244f3870","local_time":"20181211144034","is_ascension_mode":true,"campfire_choices":[{"floor":7.0,"key":"REST"},{"floor":15.0,"key":"REST"}],"neow_cost":"NONE","seed_source_timestamp":0,"circlet_count":0,"master_deck":["AscendersBane","Bash","Finesse","Clothesline","Sword Boomerang","Havoc","Juggernaut","Seeing Red","Ghostly Armor","Clothesline","Armaments","Reaper","Feed","Anger","Havoc","Clothesline","Sword Boomerang","Combust","Clash","Body Slam","Disarm","Calculated Gamble","Havoc+1"],"special_seed":0,"relics":["Burning Blood","Blood Vial","Lantern","Ice Cream","Pandora\u0027s Box","PrismaticShard"],"potions_floor_usage":[16,21,22],"damage_taken":[{"damage":5.0,"enemies":"Small Slimes","floor":1.0,"turns":4.0},{"damage":9.0,"enemies":"Jaw Worm","floor":3.0,"turns":4.0},{"damage":46.0,"enemies":"3 Sentries","floor":6.0,"turns":9.0},{"damage":4.0,"enemies":"Cultist","floor":8.0,"turns":3.0},{"damage":5.0,"enemies":"Gremlin Gang","floor":11.0,"turns":5.0},{"damage":30.0,"enemies":"Gremlin Nob","floor":12.0,"turns":4.0},{"damage":12.0,"enemies":"Blue Slaver","floor":13.0,"turns":3.0},{"damage":15.0,"enemies":"Exordium Thugs","floor":14.0,"turns":4.0},{"damage":45,"enemies":"Slime Boss","floor":16,"turns":10},{"damage":23,"enemies":"Shell Parasite","floor":18,"turns":3},{"damage":17,"enemies":"Chosen","floor":21,"turns":5},{"damage":41,"enemies":"Centurion and Healer","floor":22,"turns":6},{"damage":23,"enemies":"Book of Stabbing","floor":23,"turns":2}],"seed_played":"-6994950766713553583","potions_obtained":[{"floor":1.0,"key":"EntropicBrew"},{"floor":8.0,"key":"SkillPotion"},{"floor":12.0,"key":"EntropicBrew"},{"floor":14.0,"key":"Strength Potion"},{"floor":18,"key":"SteroidPotion"},{"floor":21,"key":"Poison Potion"}],"is_trial":false,"path_per_floor":["M","?","M","?","$","E","R","M","T","T","M","E","M","M","R","B",null,"M","$","?","M","M","E"],"character_chosen":"IRONCLAD","items_purchased":["Havoc","PrismaticShard"],"campfire_rested":2,"item_purchase_floors":[5,19],"current_hp_per_floor":[69,69,66,66,66,26,48,52,52,52,55,33,29,22,44,13,60,45,45,45,39,14,0],"gold":50,"neow_bonus":"RANDOM_COLORLESS","is_prod":false,"is_daily":false,"chose_seed":false,"campfire_upgraded":0,"win_rate":0,"timestamp":1544564434,"path_taken":["M","?","M","?","$","E","R","M","T","?","?","E","?","M","R","BOSS","M","$","?","?","M","E"],"build_version":"2018-12-06","purchased_purges":1,"victory":false,"max_hp_per_floor":[75,75,75,75,75,75,75,75,75,75,75,75,75,75,75,75,75,75,75,75,75,75,75],"card_choices":[{"not_picked":["Twin Strike","Second Wind"],"picked":"Clothesline","floor":1.0},{"not_picked":["Evolve","Clothesline"],"picked":"Sword Boomerang","floor":3.0},{"not_picked":["Fire Breathing","Clothesline"],"picked":"Juggernaut","floor":6.0},{"not_picked":["Flex","Warcry"],"picked":"Seeing Red","floor":8.0},{"not_picked":["Fire Breathing","Reckless Charge"],"picked":"Ghostly Armor","floor":11.0},{"not_picked":["Anger","Havoc"],"picked":"Clothesline","floor":12.0},{"not_picked":["Thunderclap","Body Slam"],"picked":"Armaments","floor":13.0},{"not_picked":["Body Slam","Dropkick"],"picked":"Reaper","floor":14.0},{"not_picked":["Impervious","Reaper"],"picked":"Feed","floor":16},{"not_picked":["Armaments","Dropkick"],"picked":"Body Slam","floor":18},{"not_picked":["Hemokinesis","Dagger Spray"],"picked":"Calculated Gamble","floor":21},{"not_picked":["Clash","Infernal Blade"],"picked":"Havoc+1","floor":22}],"player_experience":598548,"relics_obtained":[{"floor":6.0,"key":"Blood Vial"},{"floor":9.0,"key":"Lantern"},{"floor":12.0,"key":"Ice Cream"}],"event_choices":[{"damage_healed":0.0,"max_hp_gain":0.0,"max_hp_loss":0.0,"gold_gain":80.0,"event_name":"Golden Wing","player_choice":"Gained Gold","floor":2.0,"gold_loss":0.0,"damage_taken":0.0},{"cards_removed":["Defend_R"],"damage_healed":0.0,"max_hp_gain":0.0,"max_hp_loss":0.0,"gold_gain":0.0,"event_name":"The Cleric","player_choice":"Card Removal","floor":4.0,"gold_loss":75.0,"damage_taken":0.0},{"damage_healed":0,"gold_gain":0,"cards_transformed":["Rupture"],"player_choice":"Transformed","damage_taken":0,"max_hp_gain":0,"max_hp_loss":0,"event_name":"Transmorgrifier","floor":20,"gold_loss":0,"cards_obtained":["Disarm"]}],"is_beta":false,"boss_relics":[{"not_picked":["Ectoplasm","White Beast Statue"],"picked":"Pandora\u0027s Box"}],"items_purged_floors":[5],"is_endless":false,"potions_floor_spawned":[1,8,12,13,14,18,21],"killed_by":"Book of Stabbing","ascension_level":20}