{"gold_per_floor":[112,130,130,61,79,110,110,128,128,30,45,145,161,195,195,271,271,288,288,288,0,18,18,33,59,82,101,0,16,16],"floor_reached":30,"playtime":1823,"items_purged":["Strike_G"],"score":432,"play_id":"4fcbfcae-e826-4021-a20a-2cf0d3e76a94","local_time":"20190202141046","is_ascension_mode":true,"campfire_choices":[{"floor":7,"key":"REST"},{"data":"Corpse Explosion","floor":15,"key":"SMITH"},{"data":"Envenom","floor":23,"key":"SMITH"}],"neow_cost":"NONE","seed_source_timestamp":413151075270074,"circlet_count":0,"master_deck":["AscendersBane","Defend_G","Defend_G+1","Defend_G","Defend_G","Defend_G","Strike_G","Strike_G","Strike_G","Survivor","Neutralize+1","Heel Hook","Deadly Poison","Bane","PiercingWail","Corpse Explosion+1","Leg Sweep","Escape Plan","Dagger Spray","Crippling Poison","Malaise","Deadly Poison","RitualDagger","Envenom+1","Backstab","Heel Hook","Night Terror","Crippling Poison+1","Well Laid Plans"],"relics":["Ring of the Serpent","Ginger","Gremlin Horn","Bottled Lightning","Gambling Chip","Snake Skull","Regal Pillow","Omamori"],"potions_floor_usage":[8,10],"damage_taken":[{"damage":7,"enemies":"Small Slimes","floor":1,"turns":5},{"damage":0,"enemies":"Cultist","floor":2,"turns":3},{"damage":0,"enemies":"2 Louse","floor":5,"turns":2},{"damage":24,"enemies":"Gremlin Nob","floor":6,"turns":5},{"damage":7,"enemies":"Exordium Wildlife","floor":8,"turns":6},{"damage":0,"enemies":"Looter","floor":11,"turns":3},{"damage":0,"enemies":"2 Fungi Beasts","floor":13,"turns":2},{"damage":9,"enemies":"3 Sentries","floor":14,"turns":3},{"damage":18,"enemies":"Hexaghost","floor":16,"turns":10},{"damage":11,"enemies":"Shell Parasite","floor":18,"turns":7},{"damage":15,"enemies":"Chosen","floor":22,"turns":5},{"damage":2,"enemies":"Snecko","floor":24,"turns":5},{"damage":11,"enemies":"Gremlin Leader","floor":25,"turns":6},{"damage":36,"enemies":"3 Cultists","floor":27,"turns":5},{"damage":6,"enemies":"Snake Plant","floor":29,"turns":5},{"damage":9,"enemies":"Book of Stabbing","floor":30,"turns":5}],"seed_played":"-813007079614879567","potions_obtained":[{"floor":5,"key":"Dexterity Potion"},{"floor":11,"key":"Strength Potion"},{"floor":16,"key":"SteroidPotion"},{"floor":18,"key":"Swift Potion"}],"is_trial":false,"path_per_floor":["M","M","?","?","M","E","R","M","T","$","M","?","M","E","R","B",null,"M","?","?","$","M","R","M","E","T","M","$","M","E"],"character_chosen":"THE_SILENT","items_purchased":["Fruit Juice","Envenom","Snake Skull","FairyPotion"],"campfire_rested":1,"item_purchase_floors":[10,21,21,28],"current_hp_per_floor":[56,56,42,42,42,18,39,32,32,37,37,37,37,28,28,10,59,48,42,67,67,52,52,50,39,39,3,3,7,0],"gold":16,"neow_bonus":"TRANSFORM_CARD","is_prod":false,"is_daily":false,"chose_seed":false,"campfire_upgraded":2,"win_rate":0,"timestamp":1549138246,"path_taken":["M","M","?","?","?","E","R","M","T","$","M","?","?","E","R","BOSS","M","?","?","$","?","R","M","E","T","M","$","M","E"],"build_version":"2019-01-23","purchased_purges":1,"victory":false,"max_hp_per_floor":[70,70,70,70,70,70,70,70,70,75,75,75,75,75,75,75,75,75,75,75,75,75,75,75,75,75,75,75,75,75],"card_choices":[{"not_picked":["Dagger Throw","Distraction"],"picked":"Deadly Poison","floor":1},{"not_picked":["Footwork","Backflip"],"picked":"Bane","floor":2},{"not_picked":["Outmaneuver","Terror"],"picked":"PiercingWail","floor":5},{"not_picked":["Bane","Concentrate"],"picked":"Corpse Explosion","floor":6},{"not_picked":["Cloak And Dagger","Skewer"],"picked":"Leg Sweep","floor":8},{"not_picked":["Reflex","Tactician"],"picked":"Escape Plan","floor":11},{"not_picked":["Outmaneuver","Cloak And Dagger"],"picked":"Dagger Spray","floor":13},{"not_picked":["Blade Dance","Malaise"],"picked":"Crippling Poison","floor":14},{"not_picked":["Tools of the Trade","Wraith Form v2"],"picked":"Malaise","floor":16},{"not_picked":["Endless Agony","Dagger Spray"],"picked":"Deadly Poison","floor":18},{"not_picked":["Dagger Spray","Bane"],"picked":"Backstab","floor":22},{"not_picked":["Dodge and Roll","Prepared"],"picked":"Heel Hook","floor":24},{"not_picked":["Flechettes","Deadly Poison"],"picked":"Night Terror","floor":25},{"not_picked":["Bouncing Flask","Poisoned Stab"],"picked":"Crippling Poison+1","floor":27},{"not_picked":["Tactician","Quick Slash"],"picked":"Well Laid Plans","floor":29}],"player_experience":511879,"relics_obtained":[{"floor":6,"key":"Gremlin Horn"},{"floor":9,"key":"Bottled Lightning"},{"floor":14,"key":"Gambling Chip"},{"floor":25,"key":"Regal Pillow"},{"floor":26,"key":"Omamori"}],"event_choices":[{"damage_healed":0,"gold_gain":0,"player_choice":"Entered Light","damage_taken":14,"max_hp_gain":0,"max_hp_loss":0,"event_name":"Shining Light","floor":3,"gold_loss":0,"cards_upgraded":["Defend_G","Neutralize"]},{"damage_healed":0,"gold_gain":0,"player_choice":"Paid Gold","damage_taken":0,"relics_obtained":["Ginger"],"max_hp_gain":0,"max_hp_loss":0,"event_name":"WeMeetAgain","floor":4,"gold_loss":69},{"damage_healed":0,"gold_gain":100,"player_choice":"Gold","damage_taken":0,"max_hp_gain":0,"max_hp_loss":0,"event_name":"Wheel of Change","floor":12,"gold_loss":0},{"damage_healed":0,"gold_gain":0,"player_choice":"Joined the Cult","damage_taken":6,"max_hp_gain":0,"max_hp_loss":0,"event_name":"Nest","floor":19,"gold_loss":0,"cards_obtained":["RitualDagger"]},{"damage_healed":25,"gold_gain":0,"player_choice":"Heal","damage_taken":0,"max_hp_gain":0,"max_hp_loss":0,"event_name":"The Library","floor":20,"gold_loss":0}],"is_beta":false,"boss_relics":[{"not_picked":["Coffee Dripper","Empty Cage"],"picked":"Ring of the Serpent"}],"items_purged_floors":[21],"is_endless":false,"potions_floor_spawned":[5,11,16,18,22,24],"killed_by":"Book of Stabbing","ascension_level":13}