{"gold_per_floor":[115,132,149,161,180,180,198,217,243,253,281,281,300,316,316,418,418,434,406,417,95,95],"floor_reached":22,"playtime":4931,"items_purged":["Strike_G"],"score":245,"play_id":"383ecb52-6c84-445e-b4fb-b365a909dd9b","local_time":"20190102202254","is_ascension_mode":true,"campfire_choices":[{"data":"Neutralize","floor":6,"key":"SMITH"},{"floor":12,"key":"REST"},{"floor":15,"key":"REST"}],"neow_cost":"NONE","seed_source_timestamp":1293251946932484,"circlet_count":0,"master_deck":["Defend_G","Defend_G","Defend_G","Defend_G","Defend_G","Strike_G","Strike_G","Strike_G","Survivor","Neutralize+1","Masterful Stab","PiercingWail","Cloak And Dagger","Footwork","Flying Knee","Dagger Spray","Dagger Throw","Heel Hook","Dodge and Roll","Sucker Punch","Adrenaline","Footwork","Cloak And Dagger+1","Poisoned Stab"],"relics":["Ring of the Snake","Regal Pillow","Bottled Tornado","Sozu","Toxic Egg 2"],"potions_floor_usage":[10,10,16,16],"damage_taken":[{"damage":0,"enemies":"Cultist","floor":1,"turns":3},{"damage":1,"enemies":"Small Slimes","floor":2,"turns":3},{"damage":0,"enemies":"2 Louse","floor":3,"turns":3},{"damage":0,"enemies":"Blue Slaver","floor":4,"turns":4},{"damage":13,"enemies":"Large Slime","floor":5,"turns":7},{"damage":4,"enemies":"2 Fungi Beasts","floor":7,"turns":3},{"damage":3,"enemies":"Blue Slaver","floor":8,"turns":4},{"damage":15,"enemies":"Gremlin Gang","floor":10,"turns":5},{"damage":14,"enemies":"Gremlin Nob","floor":11,"turns":4},{"damage":12,"enemies":"Exordium Wildlife","floor":13,"turns":4},{"damage":6,"enemies":"3 Louse","floor":14,"turns":3},{"damage":63,"enemies":"Slime Boss","floor":16,"turns":14},{"damage":14,"enemies":"Chosen","floor":18,"turns":7},{"damage":21,"enemies":"2 Thieves","floor":19,"turns":5},{"damage":0,"enemies":"Snake Plant","floor":20,"turns":10},{"damage":20,"enemies":"Sentry and Sphere","floor":22,"turns":7}],"seed_played":"3191941879203953133","potions_obtained":[{"floor":2,"key":"Swift Potion"},{"floor":4,"key":"Energy Potion"},{"floor":7,"key":"Dexterity Potion"},{"floor":8,"key":"Regen Potion"},{"floor":11,"key":"Swift Potion"}],"is_trial":false,"path_per_floor":["M","M","M","M","M","R","M","M","T","M","E","R","M","M","R","B",null,"M","M","M","$","M"],"character_chosen":"THE_SILENT","items_purchased":["Toxic Egg 2"],"campfire_rested":2,"item_purchase_floors":[21],"current_hp_per_floor":[70,69,69,69,56,56,52,49,49,43,29,65,53,47,70,7,54,40,19,19,19,0],"gold":95,"neow_bonus":"TRANSFORM_CARD","is_prod":false,"is_daily":false,"chose_seed":false,"campfire_upgraded":1,"win_rate":0,"timestamp":1546478574,"path_taken":["M","M","M","M","M","R","M","M","T","M","E","R","M","M","R","BOSS","M","M","M","$","M"],"build_version":"2018-12-20","purchased_purges":1,"victory":false,"max_hp_per_floor":[70,70,70,70,70,70,70,70,70,70,70,70,70,70,70,70,70,70,70,70,70,70],"card_choices":[{"not_picked":["Bane","Catalyst"],"picked":"PiercingWail","floor":1},{"not_picked":["All Out Attack","Acrobatics"],"picked":"Cloak And Dagger","floor":2},{"not_picked":["Eviscerate","PiercingWail"],"picked":"Footwork","floor":3},{"not_picked":["Backflip","Flechettes"],"picked":"Flying Knee","floor":4},{"not_picked":["Finisher","Setup"],"picked":"Dagger Spray","floor":5},{"not_picked":["Blade Dance","Masterful Stab"],"picked":"Dagger Throw","floor":7},{"not_picked":["Finisher","Flying Knee"],"picked":"Heel Hook","floor":8},{"not_picked":["Blur","Flechettes","Setup"],"picked":"SKIP","floor":10},{"not_picked":["Endless Agony","Blade Dance"],"picked":"Dodge and Roll","floor":11},{"not_picked":["Terror","Malaise"],"picked":"Sucker Punch","floor":13},{"not_picked":["Heel Hook","Prepared","Bane"],"picked":"SKIP","floor":14},{"not_picked":["Burst","Storm of Steel"],"picked":"Adrenaline","floor":16},{"not_picked":["Flying Knee","Outmaneuver"],"picked":"Footwork","floor":18},{"not_picked":["Bane","Prepared"],"picked":"Cloak And Dagger+1","floor":19},{"not_picked":["Acrobatics","Reflex"],"picked":"Poisoned Stab","floor":20}],"player_experience":312995,"relics_obtained":[{"floor":9,"key":"Regal Pillow"},{"floor":11,"key":"Bottled Tornado"}],"event_choices":[],"is_beta":false,"boss_relics":[{"not_picked":["White Beast Statue","WristBlade"],"picked":"Sozu"}],"items_purged_floors":[21],"is_endless":false,"potions_floor_spawned":[2,4,7,8,11,18,19],"killed_by":"Sentry and Sphere","ascension_level":5}