{"path_per_floor":["M","?","M","?","M","E","R","E","T","R","M","R","E","?","R","B",null,"M","M","?","M","$","R","E","R","T","M","$","M","M","$","R","B",null,"M","?","?","M","M","R","M","?","T","R","M","M","$","E","R","B"],"character_chosen":"IRONCLAD","items_purchased":["Metallicize","Block Potion","Apotheosis","Clash","Flame Barrier"],"gold_per_floor":[69,69,84,84,94,119,119,144,144,144,162,162,187,187,187,288,288,305,322,322,333,171,171,205,205,232,248,69,89,101,56,56,159,159,179,229,229,247,266,266,280,280,280,280,298,312,137,163,163,163],"floor_reached":51,"campfire_rested":4,"playtime":5393,"current_hp_per_floor":[80,80,80,80,80,57,57,38,38,62,63,63,58,58,58,52,80,75,80,80,31,31,55,42,66,66,72,72,67,67,67,67,18,80,80,46,36,32,13,37,30,70,70,70,70,68,68,70,70,29],"items_purged":["Defend_R","Strike_R"],"gold":163,"play_id":"995f8c8f-54a0-48b5-a9be-39f4b2ac4c7a","is_prod":false,"is_daily":false,"campfire_rituals":0,"campfire_upgraded":6,"is_hardmode":false,"path_taken":["M","?","M","?","M","E","R","E","T","R","?","R","E","?","R","BOSS","M","M","?","?","?","R","E","R","T","M","$","M","?","?","R","BOSS","M","?","?","M","M","R","?","?","T","R","?","M","$","E","R","BOSS"],"build_version":"2017-12-21-PROD1","purchased_purges":2,"victory":true,"master_deck":["Strike_R","Strike_R","Strike_R","Bash","Flame Barrier","Clash","Anger","Fiend Fire","Clash","Armaments","Impervious","Battle Trance","Double Tap","Body Slam","Shrug It Off","Dual Wield","Metallicize","Clash","Spot Weakness","Second Wind","Demon Form","Apotheosis","Battle Trance","Clash","Berserk","Searing Blow","Dual Wield","Iron Wave","Flame Barrier","Clash","Madness","Madness","Pommel Strike","Whirlwind","Shrug It Off","Whirlwind","Heavy Blade","Shrug It Off","Flame Barrier","Feel No Pain"],"max_hp_per_floor":[80,80,80,80,80,80,80,80,80,80,80,80,80,80,80,80,80,80,80,80,80,80,80,80,80,80,80,80,80,80,80,80,80,80,80,80,80,80,80,80,80,70,70,70,70,70,70,70,70,70],"relics":["Burning Blood","Centennial Puzzle","Dream Catcher","Calipers","Bag of Marbles","Snecko Eye","Paper Frog","Anchor","Astrolabe","Champion Belt","War Paint","Ancient Tea Set"],"campfire_meditates":0,"card_choices":[{"not_picked":["Pummel","Hemokinesis"],"picked":"Intimidate"},{"not_picked":["Iron Wave","Pommel Strike"],"picked":"Flame Barrier"},{"not_picked":["Iron Wave","Shrug It Off"],"picked":"Anger"},{"not_picked":["Heavy Blade","Cleave"],"picked":"Fiend Fire"},{"not_picked":["Twin Strike","Warcry"],"picked":"Clash"},{"not_picked":["Hemokinesis","Twin Strike"],"picked":"Armaments"},{"not_picked":["Body Slam","Warcry"],"picked":"Impervious"},{"not_picked":["Perfected Strike","Pummel"],"picked":"Battle Trance"},{"not_picked":["Limit Break","Feed"],"picked":"Double Tap"},{"not_picked":["Iron Wave","Dual Wield"],"picked":"Body Slam"},{"not_picked":["Heavy Blade","Cleave"],"picked":"Shrug It Off"},{"not_picked":["Clothesline","Twin Strike"],"picked":"Dual Wield"},{"not_picked":["Intimidate","Inflame"],"picked":"Clash"},{"not_picked":["Clothesline","Hemokinesis"],"picked":"Spot Weakness"},{"not_picked":["Inflame","Battle Trance"],"picked":"Second Wind"},{"not_picked":["Reckless Charge","Burning Pact"],"picked":"Demon Form"},{"not_picked":["Headbutt","Clothesline"],"picked":"Battle Trance"},{"not_picked":["Limit Break","Feed"],"picked":"Berserk"},{"not_picked":["Perfected Strike","Twin Strike"],"picked":"Flame Barrier"},{"not_picked":["Flex","Armaments"],"picked":"Clash"},{"not_picked":["Dual Wield","Sword Boomerang"],"picked":"Pommel Strike"},{"not_picked":["True Grit","Sword Boomerang"],"picked":"Whirlwind"},{"not_picked":["Clothesline","Heavy Blade"],"picked":"Shrug It Off"},{"not_picked":["Combust","Warcry"],"picked":"Whirlwind"},{"not_picked":["Twin Strike","Reaper"],"picked":"Heavy Blade"},{"not_picked":["Perfected Strike","Burning Pact"],"picked":"Shrug It Off"},{"not_picked":["Sword Boomerang","Corruption"],"picked":"Feel No Pain"}],"player_experience":3665,"potions_floor_usage":[38],"damage_taken":[{"damage":5.0,"enemies":"Looter","floor":1.0,"turns":4.0},{"damage":3.0,"enemies":"Jaw Worm","floor":3.0,"turns":5.0},{"damage":0.0,"enemies":"Cultist","floor":5.0,"turns":4.0},{"damage":29.0,"enemies":"Lagavulin","floor":6.0,"turns":8.0},{"damage":25.0,"enemies":"3 Sentries","floor":8.0,"turns":6.0},{"damage":5.0,"enemies":"3 Louse","floor":11.0,"turns":5.0},{"damage":11.0,"enemies":"Lagavulin","floor":13.0,"turns":7.0},{"damage":12.0,"enemies":"Hexaghost","floor":16.0,"turns":9.0},{"damage":11.0,"enemies":"2 Thieves","floor":18.0,"turns":4.0},{"damage":0.0,"enemies":"3 Byrds","floor":19.0,"turns":1.0},{"damage":55.0,"enemies":"Slaver and Parasite","floor":21.0,"turns":7.0},{"damage":19.0,"enemies":"Book of Stabbing","floor":24.0,"turns":3.0},{"damage":0.0,"enemies":"Sentry and Sphere","floor":27.0,"turns":3.0},{"damage":11.0,"enemies":"Snake Plant","floor":29.0,"turns":5.0},{"damage":6.0,"enemies":"Chosen and Byrds","floor":30.0,"turns":3.0},{"damage":55.0,"enemies":"Automaton","floor":33.0,"turns":12.0},{"damage":5.0,"enemies":"Orb Walker","floor":35.0,"turns":2.0},{"damage":40.0,"enemies":"Mysterious Sphere","floor":36.0,"turns":7.0},{"damage":10,"enemies":"3 Darklings","floor":38,"turns":5},{"damage":25,"enemies":"Maw","floor":39,"turns":6},{"damage":13,"enemies":"4 Shapes","floor":41,"turns":4},{"damage":0,"enemies":"3 Darklings","floor":45,"turns":5},{"damage":8,"enemies":"Maw","floor":46,"turns":9},{"damage":0,"enemies":"Giant Head","floor":48,"turns":7},{"damage":47,"enemies":"Awakened One","floor":50,"turns":11}],"event_choices":[{"event_name":"Liars Game","player_choice":"disagreed","floor":2.0,"damage_taken":0.0},{"event_name":"Living Wall","player_choice":"Change","floor":4.0,"damage_taken":0.0},{"event_name":"Purifier","player_choice":"One Purge","floor":14.0,"damage_taken":0.0},{"event_name":"Drug Dealer","player_choice":"Ignored","floor":20.0,"damage_taken":0.0},{"event_name":"Mysterious Sphere","player_choice":"Fight","floor":36.0,"damage_taken":0.0},{"event_name":"Winding Halls","player_choice":"Embrace Madness","floor":37.0,"damage_taken":0.0},{"event_name":"The Moai Head","player_choice":"Heal","floor":42,"damage_taken":0}],"boss_relics":[],"potions_floor_spawned":[5,6,13,19,21,29,30,36,41,46,48],"seed_played":"-2669821065327218502","is_trial":false}