{"path_per_floor":["M","?","M","M","M","R","M","R","T","$","?","$","M","E","R","B",null,"M","?","M","M","?","E","$","R","T","M","E","M","R","M","R","B",null,"M","M","$","M","$","R","T","E","T","R","M","M","R","?","R"],"character_chosen":"DEFECT","items_purchased":["Coolheaded","Doom and Gloom"],"gold_per_floor":[117,117,135,147,159,159,178,178,178,80,30,30,48,81,81,186,186,186,186,141,141,141,141,1,1,1,1,1,1,1,1,1,1,1,1,1,1,1,1,1,1,1,1,1,1,1,1,1,1,1],"floor_reached":50,"campfire_rested":6,"playtime":2718,"current_hp_per_floor":[63,48,40,40,24,46,40,62,62,62,62,62,62,54,78,74,82,82,82,71,51,37,42,42,66,66,66,66,66,66,53,53,50,82,47,47,47,44,44,82,92,49,49,91,82,72,72,92,92,0],"items_purged":["Strike_B","Defend_B"],"gold":1,"score":589,"play_id":"7df87b85-00e0-412a-bce9-54359994b550","local_time":"20180506154203","is_prod":false,"is_daily":false,"chose_seed":false,"is_ascension_mode":false,"campfire_upgraded":3,"timestamp":1525614123,"path_taken":["M","?","M","M","?","R","M","R","T","$","?","?","M","E","R","BOSS","M","?","M","?","?","E","?","R","T","M","E","?","R","M","R","BOSS","M","M","$","?","$","R","?","E","T","R","M","M","R","?","R","BOSS"],"build_version":"2018-05-03","seed_source_timestamp":22347466125199,"purchased_purges":2,"victory":false,"master_deck":["Strike_B","Strike_B+1","Defend_B","Defend_B","Defend_B+1","Zap+1","Dualcast+1","Doom and Gloom","Leap","Chaos+1","Beam Cell","White Noise+1","Coolheaded","BootSequence","Lockon","Seek","Auto Shields+1","Genetic Algorithm+1","Buffer+1","Leap+1","Doom and Gloom","Go for the Eyes","Echo Form","Go for the Eyes","Streamline","Fission+1","Hello World+1","Go for the Eyes+1","White Noise+1","Parasite","Ball Lightning+1","Clumsy","Go for the Eyes","Writhe"],"max_hp_per_floor":[75,75,75,75,75,75,75,75,75,75,75,75,75,82,82,82,82,82,82,82,82,82,82,82,82,82,82,82,82,82,82,82,82,82,82,82,82,82,82,82,92,92,92,92,92,92,92,92,92,92],"relics":["Cracked Core","Mercury Hourglass","Strawberry","Ectoplasm","Red Mask","Meat on the Bone","Regal Pillow","Shovel","Toxic Egg 2","Cursed Key","Pear","Unceasing Top","Thread and Needle"],"card_choices":[{"not_picked":["Leap","Beam Cell"],"picked":"Doom and Gloom","floor":1},{"not_picked":["Double Energy","Go for the Eyes"],"picked":"Leap","floor":3},{"not_picked":["Barrage","Turbo"],"picked":"Chaos","floor":4},{"not_picked":["Heatsinks","Rebound"],"picked":"Beam Cell","floor":5},{"not_picked":["Gash","Sweeping Beam"],"picked":"White Noise","floor":7},{"not_picked":["Turbo","Buffer"],"picked":"BootSequence","floor":13},{"not_picked":["Sweeping Beam","Steam Power"],"picked":"Lockon","floor":14},{"not_picked":["Thunder Strike","Reboot"],"picked":"Seek","floor":16},{"not_picked":["Leap","Coolheaded"],"picked":"Auto Shields","floor":18},{"not_picked":["Skim","Hologram"],"picked":"Genetic Algorithm","floor":20},{"not_picked":["Conserve Battery","Hologram"],"picked":"Buffer","floor":21},{"not_picked":["Barrage","Meteor Strike"],"picked":"Leap","floor":22},{"not_picked":["Storm","Turbo"],"picked":"Go for the Eyes","floor":27},{"not_picked":["Sweeping Beam","Impulse"],"picked":"Echo Form","floor":28},{"not_picked":["Reprogram","Hologram"],"picked":"Go for the Eyes","floor":29},{"not_picked":["Stack","Sweeping Beam"],"picked":"Streamline","floor":31},{"not_picked":["Meteor Strike","Fusion"],"picked":"Fission","floor":33},{"not_picked":["Genetic Algorithm","Turbo"],"picked":"Hello World","floor":35},{"not_picked":["Beam Cell","Rebound"],"picked":"Go for the Eyes","floor":36},{"not_picked":["Heatsinks","Sweeping Beam"],"picked":"White Noise","floor":38},{"not_picked":["Loop","Capacitor"],"picked":"Ball Lightning","floor":42},{"not_picked":["Sweeping Beam","Rebound"],"picked":"Go for the Eyes","floor":46}],"player_experience":35700,"potions_floor_usage":[23,23],"damage_taken":[{"damage":12,"enemies":"2 Louse","floor":1,"turns":3},{"damage":8,"enemies":"Small Slimes","floor":3,"turns":2},{"damage":0,"enemies":"Cultist","floor":4,"turns":3},{"damage":16,"enemies":"Lots of Slimes","floor":5,"turns":3},{"damage":6,"enemies":"Exordium Wildlife","floor":7,"turns":3},{"damage":0,"enemies":"Looter","floor":13,"turns":3},{"damage":15,"enemies":"Lagavulin","floor":14,"turns":6},{"damage":4,"enemies":"Slime Boss","floor":16,"turns":8},{"damage":0,"enemies":"Chosen","floor":18,"turns":3},{"damage":11,"enemies":"2 Thieves","floor":20,"turns":3},{"damage":20,"enemies":"Sentry and Sphere","floor":21,"turns":6},{"damage":14,"enemies":"Masked Bandits","floor":22,"turns":5},{"damage":10,"enemies":"Gremlin Leader","floor":23,"turns":7},{"damage":0,"enemies":"Cultist and Chosen","floor":27,"turns":4},{"damage":0,"enemies":"Book of Stabbing","floor":28,"turns":6},{"damage":0,"enemies":"Snake Plant","floor":29,"turns":5},{"damage":13,"enemies":"3 Cultists","floor":31,"turns":5},{"damage":15,"enemies":"Champ","floor":33,"turns":13},{"damage":35,"enemies":"3 Shapes","floor":35,"turns":4},{"damage":0,"enemies":"Flame Bruiser 1 Orb","floor":36,"turns":6},{"damage":3,"enemies":"3 Darklings","floor":38,"turns":4},{"damage":55,"enemies":"Giant Head","floor":42,"turns":10},{"damage":9,"enemies":"Sphere and 2 Shapes","floor":45,"turns":5},{"damage":10,"enemies":"4 Shapes","floor":46,"turns":4},{"damage":97,"enemies":"Time Eater","floor":50,"turns":10}],"event_choices":[{"event_name":"Shining Light","player_choice":"Entered Light","floor":2,"damage_taken":0},{"event_name":"The Cleric","player_choice":"Card Removal","floor":11,"damage_taken":0},{"event_name":"Vampires","player_choice":"Ignored","floor":19,"damage_taken":0},{"event_name":"Masked Bandits","player_choice":"Fought over 141 gold","floor":22,"damage_taken":0},{"event_name":"Winding Halls","player_choice":"Writhe","floor":48,"damage_taken":0}],"boss_relics":[{"not_picked":["Runic Dome","Eternal Feather"],"picked":"Ectoplasm"},{"not_picked":["Lizard Tail","Calling Bell"],"picked":"Cursed Key"}],"potions_floor_spawned":[4,7,13,14,16,20,22,23,31,45,46],"seed_played":"143016944802346386","killed_by":"Time Eater","ascension_level":0,"is_trial":false}