{"gold_per_floor":[117,130,150,150,150,150,166,179,179,199,199,212,229,154,154,154],"floor_reached":16,"playtime":708,"items_purged":[],"score":168,"play_id":"9ae1243a-704d-41d1-a13e-f8e0d486b27f","local_time":"20180927170524","is_ascension_mode":true,"campfire_choices":[{"data":"Flechettes","floor":6.0,"key":"SMITH"},{"data":"Neutralize","floor":11.0,"key":"SMITH"},{"data":"Cloak And Dagger","floor":15.0,"key":"SMITH"}],"neow_cost":"NONE","seed_source_timestamp":1157041879774251,"circlet_count":0,"master_deck":["Defend_G","Defend_G","Defend_G","Defend_G","Defend_G","Strike_G","Strike_G","Strike_G","Survivor","Neutralize+1","AscendersBane","Dagger Spray","Cloak And Dagger","Flechettes+1","Burst","Bouncing Flask","Cloak And Dagger+1"],"special_seed":0,"relics":["Ring of the Snake","Pear","Ninja Scroll"],"potions_floor_usage":[16],"damage_taken":[{"damage":4.0,"enemies":"Jaw Worm","floor":1.0,"turns":7.0},{"damage":1.0,"enemies":"Small Slimes","floor":2.0,"turns":5.0},{"damage":0.0,"enemies":"Cultist","floor":3.0,"turns":5.0},{"damage":5.0,"enemies":"Looter","floor":7.0,"turns":2.0},{"damage":9.0,"enemies":"Blue Slaver","floor":8.0,"turns":5.0},{"damage":2.0,"enemies":"2 Fungi Beasts","floor":10.0,"turns":3.0},{"damage":0.0,"enemies":"3 Louse","floor":12.0,"turns":2.0},{"damage":0.0,"enemies":"Looter","floor":13.0,"turns":3.0},{"damage":48,"enemies":"Slime Boss","floor":16,"turns":8}],"seed_played":"-2407450767441220733","potions_obtained":[{"floor":1.0,"key":"GhostInAJar"},{"floor":2.0,"key":"Poison Potion"}],"is_trial":false,"path_per_floor":["M","M","M","?","$","R","M","M","T","M","R","M","M","?","R"],"character_chosen":"THE_SILENT","items_purchased":[],"campfire_rested":0,"item_purchase_floors":[],"current_hp_per_floor":[55,54,54,59,59,59,54,45,45,43,43,43,43,43,43,0],"gold":154,"neow_bonus":"REMOVE_CARD","is_prod":false,"is_daily":false,"chose_seed":false,"campfire_upgraded":3,"win_rate":0,"timestamp":1538093124,"path_taken":["M","M","M","?","$","R","M","M","T","?","R","M","M","?","R","BOSS"],"build_version":"2018-09-20","purchased_purges":0,"victory":false,"max_hp_per_floor":[66,66,66,76,76,76,76,76,76,76,76,76,76,76,76,76],"card_choices":[{"not_picked":["Finisher","Dagger Throw"],"picked":"Dagger Spray","floor":1.0},{"not_picked":["Prepared","Blade Dance"],"picked":"Cloak And Dagger","floor":2.0},{"not_picked":["Outmaneuver","Skewer"],"picked":"Flechettes","floor":3.0},{"not_picked":["Blade Dance","Bane"],"picked":"Burst","floor":7.0},{"not_picked":["PiercingWail","Slice"],"picked":"Bouncing Flask","floor":8.0},{"not_picked":["Flechettes","Finisher","Acrobatics"],"picked":"SKIP","floor":10.0},{"not_picked":["Dagger Spray","Prepared","Poisoned Stab"],"picked":"SKIP","floor":12.0},{"not_picked":["Backflip","Dagger Spray"],"picked":"Cloak And Dagger","floor":13.0}],"player_experience":1106466,"relics_obtained":[{"floor":9.0,"key":"Ninja Scroll"}],"event_choices":[{"event_name":"Scrap Ooze","player_choice":"success","floor":4.0,"damage_taken":5.0},{"event_name":"The Cleric","player_choice":"Card Removal","floor":14.0,"damage_taken":0.0}],"is_beta":false,"boss_relics":[],"items_purged_floors":[],"is_endless":false,"potions_floor_spawned":[1,2,8,13],"killed_by":"Slime Boss","ascension_level":15}