{"gold_per_floor":[116,134,154,172,187,187,23,23,48,48,48,48,48,123,123,123],"floor_reached":16,"playtime":354,"items_purged":["Strike_R"],"score":176,"play_id":"85ce2817-2c87-456d-a3ae-9b5625a267c1","local_time":"20181008234702","is_ascension_mode":true,"campfire_choices":[{"data":"Whirlwind","floor":6,"key":"SMITH"},{"data":"Demon Form","floor":8,"key":"SMITH"},{"data":"Defend_R","floor":10,"key":"SMITH"},{"data":"Defend_R","floor":13,"key":"SMITH"},{"data":"Carnage","floor":15,"key":"SMITH"}],"neow_cost":"NONE","seed_source_timestamp":231241987042724,"circlet_count":0,"master_deck":["Strike_R","Strike_R","Strike_R","Strike_R","Defend_R","Defend_R","Defend_R+1","Defend_R+1","Bash+1","AscendersBane","Whirlwind+1","Pommel Strike","Carnage+1","Pommel Strike","Demon Form+1"],"relics":["Burning Blood","Bag of Preparation","SsserpentHead","Odd Mushroom"],"potions_floor_usage":[5,14],"damage_taken":[{"damage":0,"enemies":"Cultist","floor":1,"turns":3},{"damage":3,"enemies":"Small Slimes","floor":2,"turns":3},{"damage":12,"enemies":"Jaw Worm","floor":3,"turns":4},{"damage":23,"enemies":"Large Slime","floor":4,"turns":5},{"damage":26,"enemies":"Exordium Thugs","floor":5,"turns":4},{"damage":0,"enemies":"The Mushroom Lair","floor":14,"turns":2},{"damage":34,"enemies":"Slime Boss","floor":16,"turns":7}],"seed_played":"-4468971853446140046","potions_obtained":[{"floor":2,"key":"FearPotion"},{"floor":4,"key":"Explosive Potion"}],"is_trial":false,"path_per_floor":["M","M","M","M","M","R","$","R","T","R","?","$","R","?","R"],"character_chosen":"IRONCLAD","items_purchased":["Demon Form"],"campfire_rested":0,"item_purchase_floors":[7],"current_hp_per_floor":[74,75,69,52,32,32,32,32,32,32,32,32,32,38,38,4],"gold":123,"neow_bonus":"UPGRADE_CARD","is_prod":false,"is_daily":false,"chose_seed":false,"campfire_upgraded":5,"win_rate":0,"timestamp":1539067622,"path_taken":["M","M","M","M","?","R","$","R","T","R","?","$","R","?","R","BOSS"],"build_version":"2018-10-04","purchased_purges":1,"victory":false,"max_hp_per_floor":[75,75,75,75,75,75,75,75,75,75,75,75,75,75,75,75],"card_choices":[{"not_picked":["Havoc","Clash"],"picked":"Whirlwind","floor":1},{"not_picked":["Heavy Blade","Sword Boomerang"],"picked":"Pommel Strike","floor":2},{"not_picked":["Berserk","Perfected Strike","Body Slam"],"picked":"SKIP","floor":3},{"not_picked":["Cleave","Armaments"],"picked":"Carnage","floor":4},{"not_picked":["Hemokinesis","Thunderclap"],"picked":"Pommel Strike","floor":5}],"player_experience":866602,"relics_obtained":[{"floor":9,"key":"Bag of Preparation"},{"floor":14,"key":"Odd Mushroom"}],"event_choices":[{"event_name":"FaceTrader","player_choice":"Trade","floor":11,"damage_taken":0},{"event_name":"Mushrooms","player_choice":"Fought Mushrooms","floor":14,"damage_taken":0}],"is_beta":true,"boss_relics":[],"items_purged_floors":[7],"is_endless":false,"potions_floor_spawned":[2,4],"killed_by":"Slime Boss","ascension_level":19}