{"gold_per_floor":[111,111,111,111,121,121,141,141,196,222,279,304,304,269,269,366,366,383,403,403,66,66,66,97,97,152,166,194,119,131,150,150,255,255,270,285,304,126,141,141,141,168,237,237,237,88,114,139,139,139],"floor_reached":51,"playtime":2748,"items_purged":["Strike_B","Defend_B"],"score":749,"play_id":"d0e40e74-ca23-4964-9595-754ec5a51191","local_time":"20180702151208","is_ascension_mode":false,"campfire_choices":[{"data":"Dualcast","floor":6,"key":"SMITH"},{"data":"Defragment","floor":8,"key":"SMITH"},{"data":"Redo","floor":15,"key":"SMITH"},{"data":"Electrodynamics","floor":23,"key":"SMITH"},{"data":"Consume","floor":25,"key":"SMITH"},{"data":"White Noise","floor":32,"key":"SMITH"},{"data":"Redo","floor":40,"key":"SMITH"},{"data":"Madness","floor":44,"key":"SMITH"},{"data":"Machine Learning","floor":49,"key":"SMITH"}],"neow_cost":"NONE","seed_source_timestamp":514895900952079,"circlet_count":0,"master_deck":["Defend_B","Defend_B","Zap+1","Dualcast+1","White Noise+1","Defragment+1","Redo+1","Redo","Redo+1","Electrodynamics+1","Tempest+1","Self Repair","Consume+1","Self Repair+1","Ball Lightning+1","Self Repair","White Noise+1","White Noise+1","Thunder Strike+1","Hologram+1","Ball Lightning+1","All For One+1","Go for the Eyes+1","Biased Cognition","Ball Lightning+1","Defragment","Madness+1","Madness+1","Machine Learning+1"],"relics":["Cracked Core","Potion Belt","Happy Flower","Sundial","Thread and Needle","Juzu Bracelet","Bag of Preparation","Empty Cage","Mummified Hand","Molten Egg 2","Tiny Chest","Boot","Orrery","Bottled Lightning","Letter Opener","War Paint","Regal Pillow","Singing Bowl"],"potions_floor_usage":[10,11,12,12,42,50,50],"damage_taken":[{"damage":0,"enemies":"2 Louse","floor":1,"turns":2},{"damage":5,"enemies":"Jaw Worm","floor":5,"turns":4},{"damage":1,"enemies":"Small Slimes","floor":7,"turns":2},{"damage":17,"enemies":"Lagavulin","floor":10,"turns":6},{"damage":17,"enemies":"Gremlin Nob","floor":11,"turns":5},{"damage":3,"enemies":"Gremlin Nob","floor":12,"turns":3},{"damage":19,"enemies":"The Guardian","floor":16,"turns":11},{"damage":13,"enemies":"Shell Parasite","floor":18,"turns":4},{"damage":0,"enemies":"Chosen","floor":19,"turns":2},{"damage":23,"enemies":"Gremlin Leader","floor":24,"turns":4},{"damage":0,"enemies":"Snecko","floor":27,"turns":3},{"damage":0,"enemies":"Slavers","floor":28,"turns":1},{"damage":0,"enemies":"3 Cultists","floor":30,"turns":3},{"damage":13,"enemies":"Snake Plant","floor":31,"turns":3},{"damage":27,"enemies":"Champ","floor":33,"turns":8},{"damage":0,"enemies":"3 Shapes","floor":35,"turns":1},{"damage":12,"enemies":"3 Darklings","floor":36,"turns":4},{"damage":3,"enemies":"4 Shapes","floor":37,"turns":4},{"damage":11,"enemies":"Maw","floor":39,"turns":5},{"damage":64,"enemies":"Nemesis","floor":42,"turns":5},{"damage":10,"enemies":"2 Orb Walkers","floor":47,"turns":2},{"damage":43,"enemies":"Donu and Deca","floor":50,"turns":4}],"seed_played":"2338388553844441085","potions_obtained":[{"floor":1,"key":"SteroidPotion"},{"floor":5,"key":"Fire Potion"},{"floor":10,"key":"EssenceOfSteel"},{"floor":11,"key":"EssenceOfSteel"},{"floor":27,"key":"Dexterity Potion"},{"floor":28,"key":"SmokeBomb"},{"floor":31,"key":"SpeedPotion"},{"floor":35,"key":"PowerPotion"},{"floor":39,"key":"Dexterity Potion"},{"floor":42,"key":"Swift Potion"}],"is_trial":false,"path_per_floor":["M","?","?","?","M","R","M","R","T","E","?","E","T","?","R","B",null,"M","M","?","$","?","R","E","R","T","M","E","?","M","M","R","B",null,"M","M","M","$","M","R","?","E","T","R","?","$","E","T","R","B"],"character_chosen":"DEFECT","items_purchased":["Mummified Hand","Defragment","War Paint"],"campfire_rested":0,"item_purchase_floors":[21,38,46],"current_hp_per_floor":[75,68,68,68,63,63,62,62,62,45,28,25,25,43,43,24,75,69,69,69,69,69,69,53,53,53,70,70,70,75,75,75,72,75,75,75,75,75,75,75,66,12,12,12,75,75,65,65,65,46],"gold":139,"neow_bonus":"UPGRADE_CARD","is_prod":false,"is_daily":false,"chose_seed":false,"campfire_upgraded":9,"win_rate":0.0,"timestamp":1530508328,"path_taken":["M","?","?","?","?","R","M","R","T","E","?","E","?","?","R","BOSS","M","M","?","$","?","R","E","R","T","M","E","?","M","M","R","BOSS","M","M","M","$","M","R","?","E","T","R","?","?","E","?","R","BOSS"],"build_version":"2018-06-28","purchased_purges":2,"victory":true,"max_hp_per_floor":[75,75,75,75,75,75,75,75,75,75,75,75,75,75,75,75,75,75,75,75,75,75,75,75,75,75,75,75,75,75,75,75,75,75,75,75,75,75,75,75,75,75,75,75,75,75,75,75,75,75],"card_choices":[{"not_picked":["Double Energy","Go for the Eyes"],"picked":"White Noise","floor":1},{"not_picked":["Compile Driver","Sweeping Beam","Aggregate"],"picked":"SKIP","floor":5},{"not_picked":["Cold Snap","Conserve Battery"],"picked":"Defragment","floor":7},{"not_picked":["Reinforced Body","Stack"],"picked":"Redo","floor":10},{"not_picked":["Lockon","Hologram"],"picked":"Redo","floor":11},{"not_picked":["Barrage","Hologram"],"picked":"Redo","floor":12},{"not_picked":["Thunder Strike","Reboot"],"picked":"Electrodynamics","floor":16},{"not_picked":["Gash","Cold Snap"],"picked":"Tempest+1","floor":18},{"not_picked":["Fusion","Barrage"],"picked":"Self Repair","floor":19},{"not_picked":["Hologram","Darkness"],"picked":"Self Repair+1","floor":24},{"not_picked":["Self Repair+1","Sweeping Beam+1"],"picked":"Ball Lightning+1","floor":27},{"not_picked":["Aggregate+1","Genetic Algorithm"],"picked":"Self Repair","floor":28},{"not_picked":["Cold Snap+1","Streamline+1"],"picked":"White Noise+1","floor":30},{"not_picked":["Cold Snap+1","Go for the Eyes+1"],"picked":"White Noise","floor":31},{"not_picked":["Reboot","Buffer"],"picked":"Thunder Strike+1","floor":33},{"not_picked":["Gash+1","Leap+1"],"picked":"Hologram","floor":34},{"not_picked":["Glacier","Blizzard+1"],"picked":"Ball Lightning+1","floor":34},{"not_picked":["Gash+1","Barrage+1"],"picked":"Lockon+1","floor":34},{"not_picked":["Chaos","Go for the Eyes+1"],"picked":"All For One+1","floor":34},{"not_picked":["Coolheaded","FTL+1"],"picked":"Go for the Eyes+1","floor":34},{"not_picked":["Melter+1","Compile Driver+1","Reinforced Body"],"picked":"SKIP","floor":35},{"not_picked":["Cold Snap+1","Coolheaded"],"picked":"Biased Cognition","floor":36},{"not_picked":["Leap","FTL+1"],"picked":"Ball Lightning+1","floor":37},{"not_picked":["Barrage+1","Sweeping Beam+1","Streamline+1"],"picked":"SKIP","floor":39},{"not_picked":["Rip and Tear+1","Leap+1"],"picked":"Machine Learning","floor":42},{"not_picked":["Reprogram+1","Genetic Algorithm+1","Blizzard+1"],"picked":"SKIP","floor":47}],"player_experience":429550,"relics_obtained":[{"floor":9,"key":"Happy Flower"},{"floor":10,"key":"Sundial"},{"floor":12,"key":"Juzu Bracelet"},{"floor":13,"key":"Bag of Preparation"},{"floor":24,"key":"Molten Egg 2"},{"floor":26,"key":"Tiny Chest"},{"floor":28,"key":"Boot"},{"floor":42,"key":"Bottled Lightning"},{"floor":43,"key":"Letter Opener"},{"floor":47,"key":"Regal Pillow"},{"floor":48,"key":"Singing Bowl"}],"event_choices":[{"event_name":"Golden Wing","player_choice":"Card Removal","floor":2,"damage_taken":0},{"event_name":"Living Wall","player_choice":"Grow","floor":3,"damage_taken":0},{"event_name":"Big Fish","player_choice":"Box","floor":4,"damage_taken":0},{"event_name":"Dead Adventurer","player_choice":"Searched \u00273\u0027 times","floor":11,"damage_taken":0},{"event_name":"The Cleric","player_choice":"Healed","floor":14,"damage_taken":0},{"event_name":"Drug Dealer","player_choice":"Ignored","floor":20,"damage_taken":0},{"event_name":"Transmorgrifier","player_choice":"Transform","floor":22,"damage_taken":0},{"event_name":"Beggar","player_choice":"Gave Gold","floor":29,"damage_taken":0},{"event_name":"Winding Halls","player_choice":"Embrace Madness","floor":41,"damage_taken":0},{"event_name":"Bonfire Elementals","player_choice":"UNCOMMON","floor":45,"damage_taken":0}],"boss_relics":[{"not_picked":["Astrolabe","Lizard Tail"],"picked":"Empty Cage"},{"not_picked":["Runic Dome","Coffee Dripper"],"picked":"Orrery"}],"items_purged_floors":[21,38],"is_endless":false,"potions_floor_spawned":[1,5,10,11,27,28,31,35,39,42],"ascension_level":0}