{"gold_per_floor":[13,24,37,54,67,67,100,100,100,100,130,140,140,140,140,235,235,247,29,39,59,59,59],"floor_reached":23,"playtime":1237,"items_purged":[],"score":279,"play_id":"ed1e6397-0009-48cb-881d-ebeb5ac8ff37","local_time":"20181224021206","is_ascension_mode":true,"campfire_choices":[{"floor":6,"key":"REST"},{"floor":10,"key":"REST"},{"floor":13,"key":"REST"},{"floor":15,"key":"REST"}],"neow_cost":"NO_GOLD","seed_source_timestamp":453896401153039,"circlet_count":0,"master_deck":["Zap","Dualcast","Seek","Consume","Ball Lightning","Sweeping Beam","Redo","Core Surge","Conserve Battery","Steam Power","Defragment","Fusion","Core Surge+1","Steam","Heatsinks","Go for the Eyes+1","Leap","Multi-Cast","Heatsinks","Darkness","Storm","Redo","Sunder+1","Cold Snap+1","Bite+1","Bite+1","Bite+1","Bite+1","Bite+1"],"relics":["Cracked Core","Peace Pipe","Oddly Smooth Stone","Centennial Puzzle","Molten Egg 2","Pandora\u0027s Box","Runic Capacitor"],"potions_floor_usage":[2,16,20,21,23],"damage_taken":[{"damage":1,"enemies":"Cultist","floor":1,"turns":3},{"damage":8,"enemies":"Small Slimes","floor":2,"turns":2},{"damage":9,"enemies":"2 Louse","floor":3,"turns":2},{"damage":33,"enemies":"Exordium Thugs","floor":4,"turns":5},{"damage":8,"enemies":"Blue Slaver","floor":5,"turns":3},{"damage":35,"enemies":"Gremlin Nob","floor":7,"turns":4},{"damage":14,"enemies":"3 Sentries","floor":11,"turns":4},{"damage":9,"enemies":"2 Fungi Beasts","floor":12,"turns":3},{"damage":22,"enemies":"The Guardian","floor":16,"turns":9},{"damage":24,"enemies":"Chosen","floor":18,"turns":4},{"damage":21,"enemies":"Shell Parasite","floor":20,"turns":3},{"damage":3,"enemies":"Snecko","floor":21,"turns":4},{"damage":21,"enemies":"Book of Stabbing","floor":23,"turns":3}],"seed_played":"1291923356826633437","potions_obtained":[{"floor":1,"key":"Fire Potion"},{"floor":3,"key":"Ancient Potion"},{"floor":12,"key":"FocusPotion"},{"floor":16,"key":"Fire Potion"},{"floor":21,"key":"LiquidBronze"}],"is_trial":false,"path_per_floor":["M","M","M","M","M","R","E","?","T","R","E","M","R","?","R","B",null,"M","$","M","M","?","E"],"character_chosen":"DEFECT","items_purchased":["Runic Capacitor","Redo"],"campfire_rested":4,"item_purchase_floors":[19,19],"current_hp_per_floor":[74,66,57,24,16,38,3,3,3,25,11,2,24,17,39,17,61,37,37,16,13,13,0],"gold":59,"neow_bonus":"THREE_RARE_CARDS","is_prod":false,"is_daily":false,"chose_seed":false,"campfire_upgraded":0,"win_rate":0,"timestamp":1545635526,"path_taken":["M","M","M","M","?","R","E","?","T","R","E","M","R","?","R","BOSS","M","$","M","M","?","E"],"build_version":"2018-12-20","purchased_purges":0,"victory":false,"max_hp_per_floor":[75,75,75,75,75,75,75,75,75,75,75,75,75,75,75,75,75,75,75,75,75,52,52],"card_choices":[{"not_picked":["Amplify","Buffer"],"picked":"Seek","floor":0},{"not_picked":["Gash","Reprogram"],"picked":"Consume","floor":1},{"not_picked":["Coolheaded","Doom and Gloom"],"picked":"Ball Lightning","floor":2},{"not_picked":["Stack","Undo"],"picked":"Sweeping Beam","floor":3},{"not_picked":["Coolheaded","Gash"],"picked":"Redo","floor":4},{"not_picked":["Rebound","Heatsinks"],"picked":"Core Surge","floor":5},{"not_picked":["Melter","Stack"],"picked":"Conserve Battery","floor":7},{"not_picked":["Skim","Cold Snap"],"picked":"Defragment","floor":11},{"not_picked":["Barrage","Sweeping Beam"],"picked":"Fusion","floor":12},{"not_picked":["Fission","Hyperbeam+1"],"picked":"Core Surge+1","floor":16},{"not_picked":["Hologram+1","Steam"],"picked":"Storm","floor":18},{"not_picked":["Beam Cell+1","Chill"],"picked":"Sunder+1","floor":20},{"not_picked":["Stack","Coolheaded"],"picked":"Cold Snap+1","floor":21}],"player_experience":245857,"relics_obtained":[{"floor":7,"key":"Peace Pipe"},{"floor":9,"key":"Oddly Smooth Stone"},{"floor":11,"key":"Centennial Puzzle"}],"event_choices":[{"damage_healed":0,"gold_gain":0,"cards_transformed":["Strike_B"],"player_choice":"Change","damage_taken":0,"max_hp_gain":0,"max_hp_loss":0,"event_name":"Living Wall","floor":8,"gold_loss":0,"cards_obtained":["Steam Power"]},{"damage_healed":0,"gold_gain":0,"player_choice":"Success","damage_taken":7,"relics_obtained":["Molten Egg 2"],"max_hp_gain":0,"max_hp_loss":0,"event_name":"Scrap Ooze","floor":14,"gold_loss":0},{"damage_healed":0,"gold_gain":0,"player_choice":"Became a vampire","damage_taken":0,"max_hp_gain":0,"max_hp_loss":23,"event_name":"Vampires","floor":22,"gold_loss":0,"cards_obtained":["Bite","Bite","Bite","Bite","Bite"]}],"is_beta":false,"boss_relics":[{"not_picked":["FrozenCore","Runic Pyramid"],"picked":"Pandora\u0027s Box"}],"items_purged_floors":[],"is_endless":false,"potions_floor_spawned":[1,3,12,16,21],"killed_by":"Book of Stabbing","ascension_level":5}