{"gold_per_floor":[130,158,170,182,194,206,143,143,168,168,168,192,233,248,248,369,369,387,387,287,276,297,297,333,333,333,410,410,410,433,433,433,433],"floor_reached":33,"playtime":3148,"items_purged":["Injury","Strike_B"],"score":365,"play_id":"410214d0-b30c-487b-9d1e-15cf584af34a","local_time":"20180804103358","is_ascension_mode":true,"campfire_choices":[{"data":"Zap","floor":6,"key":"SMITH"},{"data":"Dualcast","floor":11,"key":"SMITH"},{"data":"Cold Snap","floor":15,"key":"SMITH"},{"data":"Chill","floor":23,"key":"SMITH"},{"data":"Machine Learning","floor":25,"key":"SMITH"},{"floor":29,"key":"DIG"},{"floor":32,"key":"DIG"}],"neow_cost":"NONE","seed_source_timestamp":11901682003600,"circlet_count":0,"master_deck":["Strike_B","Strike_B","Strike_B","Defend_B","Defend_B","Defend_B","Defend_B","Zap+1","Dualcast+1","Hologram+1","Cold Snap+1","Cold Snap","Self Repair","Machine Learning+1","Sweeping Beam+1","Capacitor","Chill+1","Glacier","Beam Cell+1"],"relics":["Cracked Core","MawBank","Oddly Smooth Stone","Golden Idol","Blood Vial","Strawberry","Meat on the Bone","Sozu","Pantograph","Shovel","Gremlin Horn","Prayer Wheel","Girya"],"potions_floor_usage":[13,14,16,16,16,16,16,16,16],"damage_taken":[{"damage":6,"enemies":"2 Louse","floor":1,"turns":4},{"damage":1,"enemies":"Jaw Worm","floor":2,"turns":4},{"damage":0,"enemies":"Small Slimes","floor":12,"turns":2},{"damage":3,"enemies":"3 Sentries","floor":13,"turns":7},{"damage":4,"enemies":"Looter","floor":14,"turns":3},{"damage":21,"enemies":"Hexaghost","floor":16,"turns":8},{"damage":0,"enemies":"Chosen","floor":18,"turns":5},{"damage":14,"enemies":"2 Thieves","floor":21,"turns":4},{"damage":15,"enemies":"Sentry and Sphere","floor":22,"turns":6},{"damage":30,"enemies":"Gremlin Leader","floor":24,"turns":9},{"damage":14,"enemies":"Snecko","floor":30,"turns":7},{"damage":88,"enemies":"Automaton","floor":33,"turns":12}],"seed_played":"-3935842613631529443","potions_obtained":[{"floor":5,"key":"Strength Potion"},{"floor":5,"key":"Swift Potion"},{"floor":5,"key":"EntropicBrew"}],"is_trial":false,"path_per_floor":["M","M","?","?","?","R","$","?","T","T","R","M","E","M","R","B",null,"M","?","$","M","M","R","E","R","T","T","?","R","M","?","R"],"character_chosen":"DEFECT","items_purchased":[],"campfire_rested":0,"item_purchase_floors":[],"current_hp_per_floor":[62,61,49,49,49,49,49,49,49,56,56,58,57,62,62,50,74,82,82,82,75,69,69,60,60,60,60,60,60,55,55,55,0],"gold":433,"neow_bonus":"RANDOM_COMMON_RELIC","is_prod":false,"is_daily":false,"chose_seed":false,"campfire_upgraded":5,"win_rate":0,"timestamp":1533342838,"path_taken":["M","M","?","?","?","R","$","?","T","?","R","M","E","?","R","BOSS","M","?","$","M","M","R","E","R","T","?","?","R","M","?","R","BOSS"],"build_version":"2018-08-02","purchased_purges":2,"victory":false,"max_hp_per_floor":[75,75,75,75,75,75,75,75,75,82,82,82,82,82,82,82,82,82,82,82,82,82,82,82,82,82,82,82,82,82,82,82,82],"card_choices":[{"not_picked":["Sweeping Beam","Chill"],"picked":"Hologram","floor":1},{"not_picked":["Streamline","Scrape"],"picked":"Cold Snap","floor":2},{"not_picked":["Turbo","Leap"],"picked":"Cold Snap","floor":12},{"not_picked":["Force Field","Lockon"],"picked":"Self Repair","floor":13},{"not_picked":["Fusion","Rebound","Compile Driver"],"picked":"SKIP","floor":14},{"not_picked":["Amplify","Seek"],"picked":"Machine Learning","floor":16},{"not_picked":["Barrage","Cold Snap"],"picked":"Sweeping Beam+1","floor":18},{"not_picked":["BootSequence","Compile Driver"],"picked":"Chill","floor":21},{"not_picked":["Gash","Steam","Turbo"],"picked":"SKIP","floor":22},{"not_picked":["Coolheaded","Tempest"],"picked":"Glacier","floor":24},{"not_picked":["Scrape","BootSequence"],"picked":"Beam Cell+1","floor":30},{"not_picked":["Redo","Steam","Conserve Battery"],"picked":"SKIP","floor":30}],"player_experience":623432,"relics_obtained":[{"floor":9,"key":"Blood Vial"},{"floor":10,"key":"Strawberry"},{"floor":13,"key":"Meat on the Bone"},{"floor":24,"key":"Pantograph"},{"floor":26,"key":"Shovel"},{"floor":27,"key":"Gremlin Horn"},{"floor":29,"key":"Prayer Wheel"},{"floor":32,"key":"Girya"}],"event_choices":[{"event_name":"Scrap Ooze","player_choice":"success","floor":3,"damage_taken":12},{"event_name":"Golden Idol","player_choice":"Take Wound","floor":4,"damage_taken":0},{"event_name":"The Lab","player_choice":"Got Potions","floor":5,"damage_taken":0},{"event_name":"Living Wall","player_choice":"Grow","floor":8,"damage_taken":0},{"event_name":"The Library","player_choice":"Read","floor":19,"damage_taken":0},{"event_name":"Drug Dealer","player_choice":"Ignored","floor":28,"damage_taken":0},{"event_name":"Vampires","player_choice":"Ignored","floor":31,"damage_taken":0}],"is_beta":false,"boss_relics":[{"not_picked":["Runic Pyramid","White Beast Statue"],"picked":"Sozu"}],"items_purged_floors":[7,20],"is_endless":false,"potions_floor_spawned":[18,21,24],"killed_by":"Automaton","ascension_level":8}