{"gold_per_floor":[115,125,140,158,174,174,201,218,218,253,267,267,292,367,367,438,438,454,257,277,295,245,270,270,270,294,294,325,336,336,27,27,106,106,125,125,80,98,111,111,129,129,129,162,162,188,201,226,226,226],"floor_reached":51,"playtime":7927,"items_purged":[],"score":1445,"play_id":"8c77b733-db43-4e1c-aedd-2155030b169b","local_time":"20181009082225","daily_mods":["Draft"],"is_ascension_mode":true,"campfire_choices":[{"data":"Cloak And Dagger","floor":6.0,"key":"SMITH"},{"floor":12.0,"key":"REST"},{"floor":15.0,"key":"REST"},{"data":"Cloak And Dagger","floor":24.0,"key":"SMITH"},{"data":"Footwork","floor":27.0,"key":"SMITH"},{"data":"Adrenaline","floor":30.0,"key":"SMITH"},{"floor":32.0,"key":"REST"},{"floor":40,"key":"REST"},{"floor":42,"key":"REST"},{"data":"Noxious Fumes","floor":45,"key":"SMITH"},{"floor":49,"key":"REST"}],"neow_cost":"","seed_source_timestamp":0,"circlet_count":0,"master_deck":["AscendersBane","Poisoned Stab","Backflip","Blade Dance","Dagger Throw","Dagger Spray","Sucker Punch","All Out Attack","Cloak And Dagger","Escape Plan","Noxious Fumes+1","Bane","Caltrops","Cloak And Dagger+1","Backstab","Backstab","Cloak And Dagger+1","Catalyst","Footwork+1","Backflip","Cloak And Dagger+1","Blur","Well Laid Plans+1","Predator","A Thousand Cuts+1","Panache+1","Bane+1","Terror+1","Sucker Punch+1","Escape Plan","Adrenaline+1","A Thousand Cuts+1","Distraction","Trip","Panacea","Sadistic Nature+1","Dodge and Roll","Leg Sweep","Backflip","Escape Plan","Prepared+1","Dodge and Roll","Endless Agony","PiercingWail"],"special_seed":0,"relics":["Ring of the Serpent","Frozen Egg 2","Oddly Smooth Stone","Blood Vial","PreservedInsect","Mercury Hourglass","MutagenicStrength","Dream Catcher","Art of War","Dead Branch","HoveringKite","Turnip","WingedGreaves","Centennial Puzzle","Bag of Preparation"],"potions_floor_usage":[33,33,44,50],"damage_taken":[{"damage":0.0,"enemies":"Jaw Worm","floor":1.0,"turns":2.0},{"damage":0.0,"enemies":"Small Slimes","floor":2.0,"turns":1.0},{"damage":0.0,"enemies":"Cultist","floor":3.0,"turns":2.0},{"damage":2.0,"enemies":"Blue Slaver","floor":4.0,"turns":2.0},{"damage":0.0,"enemies":"Looter","floor":5.0,"turns":2.0},{"damage":12.0,"enemies":"Gremlin Nob","floor":7.0,"turns":4.0},{"damage":6.0,"enemies":"Exordium Thugs","floor":8.0,"turns":2.0},{"damage":4.0,"enemies":"3 Sentries","floor":10.0,"turns":5.0},{"damage":14.0,"enemies":"Red Slaver","floor":11.0,"turns":2.0},{"damage":2.0,"enemies":"Gremlin Nob","floor":13.0,"turns":4.0},{"damage":35.0,"enemies":"Slime Boss","floor":16.0,"turns":9.0},{"damage":7.0,"enemies":"Shell Parasite","floor":18.0,"turns":4.0},{"damage":10.0,"enemies":"Spheric Guardian","floor":20.0,"turns":5.0},{"damage":9.0,"enemies":"Centurion and Healer","floor":21.0,"turns":5.0},{"damage":0.0,"enemies":"Gremlin Leader","floor":23.0,"turns":5.0},{"damage":7.0,"enemies":"Slavers","floor":28.0,"turns":3.0},{"damage":0.0,"enemies":"Cultist and Chosen","floor":29.0,"turns":3.0},{"damage":52,"enemies":"Champ","floor":33,"turns":9},{"damage":0,"enemies":"Orb Walker","floor":35,"turns":2},{"damage":0,"enemies":"3 Shapes","floor":38,"turns":4},{"damage":34,"enemies":"Sphere and 2 Shapes","floor":39,"turns":5},{"damage":0,"enemies":"4 Shapes","floor":41,"turns":4},{"damage":0,"enemies":"Giant Head","floor":44,"turns":4},{"damage":16,"enemies":"Nemesis","floor":46,"turns":3},{"damage":0,"enemies":"Spire Growth","floor":47,"turns":3},{"damage":21,"enemies":"2 Orb Walkers","floor":48,"turns":4},{"damage":36,"enemies":"Time Eater","floor":50,"turns":13}],"seed_played":"-3100102899247442682","potions_obtained":[{"floor":2.0,"key":"Fire Potion"},{"floor":5.0,"key":"Ancient Potion"},{"floor":8.0,"key":"Energy Potion"},{"floor":11.0,"key":"GhostInAJar"},{"floor":13.0,"key":"SkillPotion"},{"floor":18.0,"key":"Energy Potion"},{"floor":28.0,"key":"Weak Potion"},{"floor":38,"key":"SmokeBomb"},{"floor":39,"key":"Ancient Potion"},{"floor":48,"key":"Dexterity Potion"}],"is_trial":true,"path_per_floor":["M","M","M","M","M","R","E","M","T","E","M","R","E","?","R","B",null,"M","$","M","M","?","E","R","?","T","R","E","M","R","$","R","B",null,"M","?","$","M","M","R","M","R","T","E","R","E","M","E","R","B"],"character_chosen":"THE_SILENT","items_purchased":["Panache+1","Dead Branch","Dodge and Roll"],"campfire_rested":6,"item_purchase_floors":[19,31,37],"current_hp_per_floor":[59,59,59,57,57,57,45,39,39,35,23,42,42,31,50,17,54,49,49,41,34,34,36,36,36,36,36,31,33,33,33,52,2,50,52,42,42,44,12,31,33,52,52,54,54,40,42,23,42,8],"gold":226,"neow_bonus":"","is_prod":false,"is_daily":false,"chose_seed":false,"campfire_upgraded":5,"win_rate":0,"timestamp":1539098545,"path_taken":["M","M","M","M","M","R","E","M","T","E","M","R","E","?","R","BOSS","M","$","M","M","?","E","R","?","T","R","E","?","R","?","R","BOSS","M","?","$","M","?","R","M","R","T","E","R","E","?","E","R","BOSS"],"build_version":"2018-10-04v2","purchased_purges":0,"victory":true,"max_hp_per_floor":[66,66,66,66,66,66,66,66,66,66,66,66,66,66,66,66,66,66,66,66,66,66,66,66,66,66,66,66,66,66,66,66,66,66,66,66,66,66,66,66,66,66,66,66,66,66,66,66,66,66],"card_choices":[{"not_picked":["Deflect","Quick Slash"],"picked":"Poisoned Stab","floor":0.0},{"not_picked":["PiercingWail","Concentrate"],"picked":"Backflip","floor":0.0},{"not_picked":["PiercingWail","Skewer"],"picked":"Blade Dance","floor":0.0},{"not_picked":["Eviscerate","Expertise"],"picked":"Dagger Throw","floor":0.0},{"not_picked":["Quick Slash","Deadly Poison"],"picked":"Dagger Spray","floor":0.0},{"not_picked":["Tactician","Endless Agony"],"picked":"Sucker Punch","floor":0.0},{"not_picked":["Acrobatics","Slice"],"picked":"All Out Attack","floor":0.0},{"not_picked":["Escape Plan","Backflip"],"picked":"Cloak And Dagger","floor":0.0},{"not_picked":["Dagger Spray","Quick Slash"],"picked":"Escape Plan","floor":0.0},{"not_picked":["All Out Attack","Deadly Poison"],"picked":"Noxious Fumes","floor":0.0},{"not_picked":["Crippling Poison","Deadly Poison"],"picked":"Bane","floor":0.0},{"not_picked":["Blade Dance","Tactician"],"picked":"Caltrops","floor":0.0},{"not_picked":["Poisoned Stab","All Out Attack"],"picked":"Cloak And Dagger","floor":0.0},{"not_picked":["All Out Attack","Sucker Punch"],"picked":"Backstab","floor":0.0},{"not_picked":["Acrobatics","Blade Dance"],"picked":"Backstab","floor":0.0},{"not_picked":["Dodge and Roll","Sucker Punch"],"picked":"Cloak And Dagger","floor":1.0},{"not_picked":["Flying Knee","Expertise"],"picked":"Catalyst","floor":2.0},{"not_picked":["Terror","Tactician"],"picked":"Footwork","floor":3.0},{"not_picked":["Dagger Throw","Adrenaline"],"picked":"Backflip","floor":4.0},{"not_picked":["Underhanded Strike","Bouncing Flask"],"picked":"Cloak And Dagger","floor":5.0},{"not_picked":["Calculated Gamble","Backflip","Quick Slash"],"picked":"SKIP","floor":7.0},{"not_picked":["Blade Dance","Underhanded Strike"],"picked":"Blur","floor":8.0},{"not_picked":["Catalyst","Cloak And Dagger"],"picked":"Well Laid Plans+1","floor":10.0},{"not_picked":["Sucker Punch","Deflect"],"picked":"Predator","floor":11.0},{"not_picked":["Reflex","All Out Attack","Dagger Spray"],"picked":"SKIP","floor":13.0},{"not_picked":["Bullet Time","Wraith Form v2+1"],"picked":"A Thousand Cuts+1","floor":16.0},{"not_picked":["Bane","Deadly Poison","Eviscerate"],"picked":"SKIP","floor":18.0},{"not_picked":["Bouncing Flask","Dagger Spray+1"],"picked":"Bane+1","floor":20.0},{"not_picked":["Outmaneuver","All Out Attack"],"picked":"Terror+1","floor":21.0},{"not_picked":["Well Laid Plans+1","Predator"],"picked":"Sucker Punch+1","floor":23.0},{"not_picked":["Poisoned Stab","Dagger Spray"],"picked":"Escape Plan","floor":28.0},{"not_picked":["Calculated Gamble","Acrobatics"],"picked":"Adrenaline","floor":29.0},{"not_picked":["Storm of Steel","Unload"],"picked":"A Thousand Cuts+1","floor":33},{"not_picked":["Outmaneuver","Predator"],"picked":"Distraction","floor":35},{"not_picked":["Jack Of All Trades","Mayhem+1"],"picked":"Trip","floor":36},{"not_picked":["Good Instincts","Enlightenment"],"picked":"Panacea","floor":36},{"not_picked":["Mind Blast","Finesse"],"picked":"Sadistic Nature+1","floor":36},{"not_picked":["Backflip+1","Cloak And Dagger"],"picked":"Leg Sweep","floor":38},{"not_picked":["PiercingWail","Predator","Eviscerate"],"picked":"SKIP","floor":39},{"not_picked":["Bane","Eviscerate+1"],"picked":"Backflip","floor":40},{"not_picked":["Choke","Riddle With Holes","Dagger Spray"],"picked":"SKIP","floor":41},{"not_picked":["Prepared","Deflect"],"picked":"Escape Plan","floor":42},{"not_picked":["Footwork+1","Riddle With Holes"],"picked":"Prepared+1","floor":44},{"not_picked":["Quick Slash+1","Deadly Poison","Venomology"],"picked":"SKIP","floor":46},{"not_picked":["Predator","Infinite Blades+1"],"picked":"Dodge and Roll","floor":47},{"not_picked":["Sucker Punch","Quick Slash"],"picked":"Endless Agony","floor":48},{"not_picked":["Dodge and Roll","Poisoned Stab"],"picked":"PiercingWail","floor":49}],"player_experience":1136167,"relics_obtained":[{"floor":7.0,"key":"Frozen Egg 2"},{"floor":9.0,"key":"Oddly Smooth Stone"},{"floor":10.0,"key":"Blood Vial"},{"floor":13.0,"key":"PreservedInsect"},{"floor":23.0,"key":"Mercury Hourglass"},{"floor":26.0,"key":"Dream Catcher"},{"floor":28.0,"key":"Art of War"},{"floor":43,"key":"Turnip"},{"floor":44,"key":"WingedGreaves"},{"floor":46,"key":"Centennial Puzzle"},{"floor":48,"key":"Bag of Preparation"}],"event_choices":[{"event_name":"World of Goop","player_choice":"Gather Gold","floor":14.0,"damage_taken":0.0},{"event_name":"Designer","player_choice":"Upgrade Card","floor":22.0,"damage_taken":0.0},{"event_name":"Drug Dealer","player_choice":"Inject Mutagens","floor":25.0,"damage_taken":0.0},{"event_name":"SensoryStone","player_choice":"Memory 3","floor":36,"damage_taken":0}],"is_beta":false,"boss_relics":[{"not_picked":["Snecko Eye","Pandora\u0027s Box"],"picked":"Ring of the Serpent"},{"not_picked":["White Beast Statue","Velvet Choker"],"picked":"HoveringKite"}],"items_purged_floors":[],"is_endless":false,"potions_floor_spawned":[2,5,8,11,13,18,20,23,28,38,39,41,48],"ascension_level":15}