{"gold_per_floor":[114,289,16,16,16,59,59,80,80,80,80,5,44,68,68,187,187,163,182,107,32,32,32,32,73,155,155,186,186,14,49,49,179,179,193,217,236,93,109,534,567,567,643,686,686,709,709,19,19,19,19,19,19,58,58],"floor_reached":55,"playtime":2036,"items_purged":["Doubt","Strike_R"],"score":890,"play_id":"708d4905-e53a-4c02-8579-ae803fadeb0e","local_time":"20181208165923","is_ascension_mode":false,"campfire_choices":[{"floor":10.0,"key":"REST"},{"floor":15.0,"key":"RECALL"},{"data":"Havoc","floor":23.0,"key":"SMITH"},{"floor":27.0,"key":"REST"},{"floor":29.0,"key":"REST"},{"floor":32.0,"key":"REST"},{"data":"Armaments","floor":42.0,"key":"SMITH"},{"floor":45,"key":"REST"},{"data":"Entrench","floor":47,"key":"SMITH"},{"floor":49,"key":"REST"},{"data":"Dark Embrace","floor":52,"key":"SMITH"}],"neow_cost":"NONE","seed_source_timestamp":0,"circlet_count":0,"master_deck":["Strike_R","Strike_R","Strike_R","Strike_R","Defend_R","Defend_R+1","Defend_R+1","Defend_R","Bash+1","Shrug It Off","Sword Boomerang","Pommel Strike","Pummel","Havoc+1","Dark Embrace+1","Pommel Strike","Whirlwind","Shockwave","Bash+1","Iron Wave","Armaments+1","Reaper","Seeing Red","Juggernaut+1","Entrench+1","Feel No Pain+1","Battle Trance","Carnage","Metallicize+1","Sentinel","Mind Blast","Heavy Blade+1"],"special_seed":0,"relics":["Burning Blood","Red Skull","Paper Frog","Golden Idol","Anchor","War Paint","Regal Pillow","Sundial","Black Star","Dodecahedron","Calipers","Frozen Egg 2","Pocketwatch","Omamori","Pantograph","Kunai","Busted Crown","Happy Flower","Old Coin","Torii","Darkstone Periapt","Bronze Scales","Bag of Preparation","Blue Candle","ClockworkSouvenir","Peace Pipe","Charon\u0027s Ashes"],"potions_floor_usage":[50],"damage_taken":[{"damage":6.0,"enemies":"Jaw Worm","floor":1.0,"turns":4.0},{"damage":70.0,"enemies":"Lagavulin","floor":6.0,"turns":9.0},{"damage":0.0,"enemies":"2 Louse","floor":8.0,"turns":2.0},{"damage":28.0,"enemies":"3 Sentries","floor":13.0,"turns":6.0},{"damage":0.0,"enemies":"Small Slimes","floor":14.0,"turns":2.0},{"damage":0.0,"enemies":"Slime Boss","floor":16.0,"turns":4.0},{"damage":13.0,"enemies":"2 Thieves","floor":18.0,"turns":5.0},{"damage":24.0,"enemies":"Shell Parasite","floor":19.0,"turns":4.0},{"damage":34.0,"enemies":"Book of Stabbing","floor":25.0,"turns":6.0},{"damage":38.0,"enemies":"Slavers","floor":28.0,"turns":7.0},{"damage":44.0,"enemies":"Book of Stabbing","floor":31.0,"turns":8.0},{"damage":68.0,"enemies":"Collector","floor":33.0,"turns":10.0},{"damage":12.0,"enemies":"3 Shapes","floor":35.0,"turns":4.0},{"damage":11.0,"enemies":"3 Darklings","floor":36.0,"turns":3.0},{"damage":42.0,"enemies":"Writhing Mass","floor":37.0,"turns":7.0},{"damage":38.0,"enemies":"Sphere and 2 Shapes","floor":39.0,"turns":6.0},{"damage":10.0,"enemies":"Mind Bloom Boss Battle","floor":40.0,"turns":6.0},{"damage":16.0,"enemies":"Reptomancer","floor":41.0,"turns":7.0},{"damage":46,"enemies":"Giant Head","floor":44,"turns":10},{"damage":8,"enemies":"Spire Growth","floor":46,"turns":4},{"damage":33,"enemies":"Awakened One","floor":50,"turns":16},{"damage":94,"enemies":"Shield and Spear","floor":54,"turns":7},{"damage":68,"enemies":"The Heart","floor":55,"turns":5}],"seed_played":"8762508287056121215","potions_obtained":[{"floor":1.0,"key":"SpeedPotion"},{"floor":14.0,"key":"Weak Potion"},{"floor":28.0,"key":"Weak Potion"},{"floor":35.0,"key":"LiquidBronze"},{"floor":36.0,"key":"Energy Potion"},{"floor":40.0,"key":"Explosive Potion"},{"floor":44,"key":"SteroidPotion"}],"is_trial":false,"path_per_floor":["M","?","$","?","?","E","?","M","T","R","?","$","E","M","R","B",null,"M","M","?","$","?","R","?","E","T","R","E","R","$","E","R","B",null,"M","M","M","$","M","?","E","R","T","E","R","M","R","$","R","B",null,"R","$","E","B"],"character_chosen":"IRONCLAD","items_purchased":["Paper Frog","Shrug It Off","Shockwave","Reaper","Happy Flower","Blue Candle","ClockworkSouvenir","Metallicize+1","Sentinel","Mind Blast"],"campfire_rested":6,"item_purchase_floors":[3,3,21,30,38,48,48,48,48,48],"current_hp_per_floor":[80,80,80,74,74,10,10,16,16,53,53,53,31,37,37,43,74,67,49,49,49,49,49,49,21,21,58,26,63,63,25,62,21,74,68,70,34,34,16,41,51,51,51,24,61,59,59,59,74,51,74,74,74,9,0],"gold":58,"neow_bonus":"RANDOM_COMMON_RELIC","is_prod":false,"is_daily":false,"chose_seed":false,"campfire_upgraded":4,"win_rate":0,"timestamp":1544313563,"path_taken":["M","?","$","?","?","E","?","?","T","R","?","$","E","M","R","BOSS","M","?","?","?","?","R","?","E","T","R","E","R","$","E","R","BOSS","M","M","?","$","M","?","E","R","T","E","R","M","R","$","R","BOSS","R","$","E","BOSS"],"build_version":"2018-12-06","purchased_purges":2,"victory":false,"max_hp_per_floor":[80,80,80,74,74,74,74,74,74,74,74,74,74,74,74,74,74,74,74,74,74,74,74,74,74,74,74,74,74,74,74,74,74,74,74,74,74,74,74,74,74,74,74,74,74,74,74,74,74,74,74,74,74,74,74],"card_choices":[{"not_picked":["Rage","Warcry","Flex"],"picked":"SKIP","floor":1.0},{"not_picked":["Rupture","Dual Wield"],"picked":"Sword Boomerang","floor":6.0},{"not_picked":["Clothesline","Rage"],"picked":"Pommel Strike","floor":8.0},{"not_picked":["Heavy Blade","Feel No Pain"],"picked":"Pummel","floor":13.0},{"not_picked":["Shrug It Off","Warcry"],"picked":"Havoc","floor":14.0},{"not_picked":["Berserk","Immolate"],"picked":"Dark Embrace","floor":16.0},{"not_picked":["Power Through","Heavy Blade"],"picked":"Pommel Strike","floor":18.0},{"not_picked":["Rampage","True Grit"],"picked":"Whirlwind","floor":19.0},{"not_picked":["Evolve","Cleave+1"],"picked":"Iron Wave","floor":25.0},{"not_picked":["Corruption+1","Havoc"],"picked":"Armaments","floor":28.0},{"not_picked":["Disarm","Rampage"],"picked":"Seeing Red","floor":31.0},{"not_picked":["Impervious","Exhume"],"picked":"Juggernaut+1","floor":33.0},{"not_picked":["Rage"],"picked":"SKIP","floor":35.0},{"not_picked":[],"picked":"Entrench","floor":36.0},{"not_picked":["Hemokinesis"],"picked":"SKIP","floor":37.0},{"not_picked":[],"picked":"Feel No Pain+1","floor":39.0},{"not_picked":[],"picked":"Battle Trance","floor":40.0},{"not_picked":[],"picked":"Carnage","floor":41.0},{"not_picked":["Spot Weakness"],"picked":"SKIP","floor":44},{"not_picked":["Thunderclap+1"],"picked":"SKIP","floor":46},{"not_picked":[],"picked":"Heavy Blade+1","floor":54}],"player_experience":542318,"relics_obtained":[{"floor":6.0,"key":"War Paint"},{"floor":9.0,"key":"Regal Pillow"},{"floor":13.0,"key":"Sundial"},{"floor":25.0,"key":"Dodecahedron"},{"floor":25.0,"key":"Calipers"},{"floor":26.0,"key":"Frozen Egg 2"},{"floor":28.0,"key":"Pocketwatch"},{"floor":28.0,"key":"Omamori"},{"floor":31.0,"key":"Pantograph"},{"floor":31.0,"key":"Kunai"},{"floor":40.0,"key":"Old Coin"},{"floor":41.0,"key":"Torii"},{"floor":41.0,"key":"Darkstone Periapt"},{"floor":44,"key":"Bronze Scales"},{"floor":44,"key":"Bag of Preparation"},{"floor":54,"key":"Peace Pipe"},{"floor":54,"key":"Charon\u0027s Ashes"}],"event_choices":[{"damage_healed":0.0,"max_hp_gain":0.0,"max_hp_loss":0.0,"gold_gain":175.0,"event_name":"Liars Game","player_choice":"AGREE","floor":2.0,"gold_loss":0.0,"damage_taken":0.0,"cards_obtained":["Doubt"]},{"damage_healed":0.0,"max_hp_gain":0.0,"max_hp_loss":6.0,"gold_gain":0.0,"event_name":"Golden Idol","player_choice":"Lose Max HP","floor":4.0,"gold_loss":0.0,"damage_taken":0.0,"relics_obtained":["Golden Idol"]},{"damage_healed":0.0,"max_hp_gain":0.0,"max_hp_loss":0.0,"gold_gain":0.0,"event_name":"Big Fish","player_choice":"Box","floor":5.0,"gold_loss":0.0,"damage_taken":0.0,"relics_obtained":["Anchor"],"cards_obtained":["Regret"]},{"cards_removed":["Regret"],"damage_healed":0.0,"max_hp_gain":0.0,"max_hp_loss":0.0,"gold_gain":0.0,"event_name":"NoteForYourself","player_choice":"Took Card","floor":7.0,"gold_loss":0.0,"damage_taken":0.0,"cards_obtained":["Defend_G"]},{"damage_healed":0.0,"max_hp_gain":0.0,"max_hp_loss":0.0,"gold_gain":0.0,"event_name":"Upgrade Shrine","player_choice":"Upgraded","floor":11.0,"gold_loss":0.0,"damage_taken":0.0,"cards_upgraded":["Bash"]},{"cards_removed":["Defend_G"],"damage_healed":0.0,"max_hp_gain":0.0,"max_hp_loss":0.0,"gold_gain":0.0,"event_name":"Beggar","player_choice":"Gave Gold","floor":20.0,"gold_loss":75.0,"damage_taken":0.0},{"damage_healed":0.0,"max_hp_gain":0.0,"max_hp_loss":0.0,"gold_gain":0.0,"event_name":"Vampires","player_choice":"Ignored","floor":22.0,"gold_loss":0.0,"damage_taken":0.0},{"damage_healed":0.0,"max_hp_gain":0.0,"max_hp_loss":0.0,"gold_gain":0.0,"event_name":"Duplicator","player_choice":"Copied","floor":24.0,"gold_loss":0.0,"damage_taken":0.0,"cards_obtained":["Bash"]},{"damage_healed":0.0,"max_hp_gain":0.0,"max_hp_loss":0.0,"gold_gain":0.0,"event_name":"MindBloom","player_choice":"Fight","floor":40.0,"gold_loss":0.0,"damage_taken":0.0}],"is_beta":false,"boss_relics":[{"not_picked":["Black Blood","Cursed Key"],"picked":"Black Star"},{"not_picked":["Runic Dome","Runic Cube"],"picked":"Busted Crown"}],"items_purged_floors":[12,30],"is_endless":false,"potions_floor_spawned":[1,14,28,35,36,40,44],"killed_by":"The Heart","ascension_level":0}