{"gold_per_floor":[115,132,147,222,222,222,236,236,282,282,32,57,93,106,106,106],"floor_reached":16,"playtime":2718,"items_purged":[],"score":204,"play_id":"6c14a39f-4eab-46dd-916f-f754a96f681d","local_time":"20190207105145","is_ascension_mode":true,"campfire_choices":[{"data":"Perfected Strike","floor":6.0,"key":"SMITH"},{"data":"Pommel Strike","floor":8.0,"key":"SMITH"},{"data":"Bash","floor":10.0,"key":"SMITH"},{"floor":15,"key":"REST"}],"neow_cost":"NONE","seed_source_timestamp":663200549498427,"circlet_count":0,"master_deck":["AscendersBane","Strike_R","Strike_R+1","Strike_R","Strike_R","Strike_R+1","Defend_R","Defend_R","Defend_R","Defend_R","Bash+1","Perfected Strike+1","Twin Strike","Pommel Strike+1","Whirlwind","Pommel Strike"],"special_seed":0,"relics":["Burning Blood","Whetstone","Golden Idol","Centennial Puzzle","Anchor","Lantern"],"potions_floor_usage":[16],"damage_taken":[{"damage":0.0,"enemies":"2 Louse","floor":1.0,"turns":3.0},{"damage":9.0,"enemies":"Jaw Worm","floor":2.0,"turns":3.0},{"damage":5.0,"enemies":"Small Slimes","floor":3.0,"turns":4.0},{"damage":15.0,"enemies":"Gremlin Gang","floor":7.0,"turns":6.0},{"damage":2,"enemies":"3 Louse","floor":12,"turns":3},{"damage":30,"enemies":"Lagavulin","floor":13,"turns":5},{"damage":21,"enemies":"Exordium Wildlife","floor":14,"turns":3},{"damage":38,"enemies":"Hexaghost","floor":16,"turns":7}],"seed_played":"1644298765297299597","potions_obtained":[{"floor":1.0,"key":"PowerPotion"},{"floor":2.0,"key":"Strength Potion"}],"is_trial":false,"path_per_floor":["M","M","M","?","?","R","M","R","T","R","$","M","E","M","R","B"],"character_chosen":"IRONCLAD","items_purchased":["Anchor","Whirlwind"],"campfire_rested":1,"item_purchase_floors":[11,11],"current_hp_per_floor":[74,71,72,61,61,61,52,52,52,52,52,56,32,17,37,0],"gold":106,"neow_bonus":"RANDOM_COMMON_RELIC","is_prod":false,"is_daily":false,"chose_seed":false,"campfire_upgraded":3,"win_rate":0,"timestamp":1549565505,"path_taken":["M","M","M","?","?","R","M","R","T","R","$","M","E","M","R","BOSS"],"build_version":"2019-01-23","purchased_purges":0,"victory":false,"max_hp_per_floor":[75,75,75,75,68,68,68,68,68,68,68,68,68,68,68,68],"card_choices":[{"not_picked":["Wild Strike","Warcry"],"picked":"Perfected Strike","floor":1.0},{"not_picked":["Heavy Blade","Flex"],"picked":"Twin Strike","floor":2.0},{"not_picked":["Headbutt","Burning Pact","Blood for Blood"],"picked":"SKIP","floor":3.0},{"not_picked":["Disarm","Headbutt"],"picked":"Pommel Strike","floor":7.0},{"not_picked":["Rupture","Burning Pact","Flex"],"picked":"SKIP","floor":12},{"not_picked":["Flex","Dark Embrace","Headbutt"],"picked":"SKIP","floor":13},{"not_picked":["Headbutt","Clash"],"picked":"Pommel Strike","floor":14}],"player_experience":1838811,"relics_obtained":[{"floor":9.0,"key":"Centennial Puzzle"},{"floor":13,"key":"Lantern"}],"event_choices":[{"damage_healed":0.0,"max_hp_gain":0.0,"max_hp_loss":0.0,"gold_gain":75.0,"event_name":"World of Goop","player_choice":"Gather Gold","floor":4.0,"gold_loss":0.0,"damage_taken":11.0},{"damage_healed":0.0,"max_hp_gain":0.0,"max_hp_loss":7.0,"gold_gain":0.0,"event_name":"Golden Idol","player_choice":"Lose Max HP","floor":5.0,"gold_loss":0.0,"damage_taken":0.0,"relics_obtained":["Golden Idol"]}],"is_beta":false,"boss_relics":[],"items_purged_floors":[],"is_endless":false,"potions_floor_spawned":[1,2,3,14],"killed_by":"Hexaghost","ascension_level":20}