{"gold_per_floor":[112,187,187,204,204,235,235,255,255,284,299,315,315],"floor_reached":13,"playtime":310,"items_purged":[],"score":192,"play_id":"cff0184d-54e0-42fd-9a43-20b8629e48f4","local_time":"20181215081159","is_ascension_mode":true,"campfire_choices":[{"floor":7,"key":"REST"}],"neow_cost":"NONE","seed_source_timestamp":32770704158895,"circlet_count":0,"master_deck":["AscendersBane","Strike_B","Strike_B","Strike_B","Defend_B","Defend_B+1","Defend_B","Defend_B+1","Zap","Dualcast","Rip and Tear","Thunder Strike","Compile Driver","Skim","Chill","Defragment","Ball Lightning","Defragment"],"relics":["Cracked Core","NeowsBlessing","The Courier","War Paint","Boot","Orichalcum"],"potions_floor_usage":[10,12],"damage_taken":[{"damage":0,"enemies":"Jaw Worm","floor":1,"turns":1},{"damage":0,"enemies":"Small Slimes","floor":4,"turns":1},{"damage":0,"enemies":"3 Sentries","floor":6,"turns":1},{"damage":1,"enemies":"Cultist","floor":8,"turns":3},{"damage":41,"enemies":"Gremlin Nob","floor":10,"turns":5},{"damage":16,"enemies":"Large Slime","floor":11,"turns":6},{"damage":0,"enemies":"2 Fungi Beasts","floor":12,"turns":4},{"damage":7,"enemies":"3 Louse","floor":13,"turns":4}],"seed_played":"8183390034833144668","potions_obtained":[{"floor":6,"key":"SteroidPotion"},{"floor":10,"key":"Block Potion"},{"floor":11,"key":"Dexterity Potion"}],"is_trial":false,"path_per_floor":["M","?","?","M","?","E","R","M","T","E","M","M","M"],"character_chosen":"DEFECT","items_purchased":[],"campfire_rested":1,"item_purchase_floors":[],"current_hp_per_floor":[68,57,57,57,39,39,61,60,60,19,3,3,0],"gold":315,"neow_bonus":"THREE_ENEMY_KILL","is_prod":false,"is_daily":false,"chose_seed":false,"campfire_upgraded":0,"win_rate":0,"timestamp":1544886719,"path_taken":["M","?","?","?","?","E","R","M","T","E","M","M","M"],"build_version":"2018-12-13","purchased_purges":0,"victory":false,"max_hp_per_floor":[75,75,75,75,75,75,75,75,75,75,75,75,75],"card_choices":[{"not_picked":["Beam Cell","Gash"],"picked":"Rip and Tear","floor":1},{"not_picked":["Stack","Auto Shields"],"picked":"Compile Driver","floor":4},{"not_picked":["Stack","Storm"],"picked":"Skim","floor":6},{"not_picked":["Barrage","Hologram"],"picked":"Chill","floor":8},{"not_picked":["Streamline","Capacitor"],"picked":"Defragment","floor":10},{"not_picked":["Turbo","Lockon"],"picked":"Ball Lightning","floor":11},{"not_picked":["Sweeping Beam","Conserve Battery"],"picked":"Defragment","floor":12}],"player_experience":699429,"relics_obtained":[{"floor":6,"key":"War Paint"},{"floor":9,"key":"Boot"},{"floor":10,"key":"Orichalcum"}],"event_choices":[{"damage_healed":0,"gold_gain":75,"player_choice":"Gather Gold","damage_taken":11,"max_hp_gain":0,"max_hp_loss":0,"event_name":"World of Goop","floor":2,"gold_loss":0},{"damage_healed":0,"gold_gain":0,"cards_transformed":["Strike_B"],"player_choice":"Transformed","damage_taken":0,"max_hp_gain":0,"max_hp_loss":0,"event_name":"Transmorgrifier","floor":3,"gold_loss":0,"cards_obtained":["Thunder Strike"]},{"damage_healed":0,"gold_gain":0,"player_choice":"Success","damage_taken":18,"relics_obtained":["The Courier"],"max_hp_gain":0,"max_hp_loss":0,"event_name":"Scrap Ooze","floor":5,"gold_loss":0}],"is_beta":false,"boss_relics":[],"items_purged_floors":[],"is_endless":false,"potions_floor_spawned":[6,10,11],"killed_by":"3 Louse","ascension_level":12}