{"gold_per_floor":[10,85,98,98,122,155,155,169,169,203,203,215,225,236,236,335,335,349,56,0,0,13,13,33,33,86,86,105,105,45,59,59,59],"floor_reached":33,"playtime":2294,"items_purged":[],"score":373,"play_id":"64ac50e2-dfae-4f31-b6d4-2f1fb1de0931","local_time":"20190106124800","is_ascension_mode":true,"campfire_choices":[{"floor":7,"key":"REST"},{"floor":11,"key":"REST"},{"floor":15,"key":"REST"},{"data":"Infinite Blades","floor":23,"key":"SMITH"},{"floor":25,"key":"RECALL"},{"data":"Cloak And Dagger","floor":29,"key":"SMITH"},{"data":"Cloak And Dagger","floor":32,"key":"SMITH"}],"neow_cost":"NO_GOLD","seed_source_timestamp":1403821372404608,"circlet_count":0,"master_deck":["Defend_G+1","Defend_G+1","Defend_G+1","Defend_G+1","Defend_G+1","Strike_G+1","Strike_G+1","Strike_G+1","Strike_G+1","Survivor","Neutralize","Finisher","Dagger Spray","Dagger Throw","Cloak And Dagger+1","Backflip","Cloak And Dagger+1","PiercingWail","Infinite Blades+1","Grand Finale","Acrobatics","Footwork","Footwork","Footwork","Accuracy","Cloak And Dagger+1","Dagger Throw","Noxious Fumes","Backflip"],"relics":["Ring of the Snake","Incense Burner","Strawberry","Gambling Chip","The Courier","Bag of Marbles","Coffee Dripper","Oddly Smooth Stone","Centennial Puzzle","Mercury Hourglass"],"potions_floor_usage":[6,12,33,33],"damage_taken":[{"damage":2,"enemies":"Small Slimes","floor":1,"turns":6},{"damage":0,"enemies":"2 Louse","floor":3,"turns":3},{"damage":43,"enemies":"Gremlin Nob","floor":6,"turns":6},{"damage":0,"enemies":"Jaw Worm","floor":8,"turns":4},{"damage":29,"enemies":"Lagavulin","floor":10,"turns":9},{"damage":0,"enemies":"Gremlin Gang","floor":12,"turns":3},{"damage":0,"enemies":"Blue Slaver","floor":13,"turns":4},{"damage":0,"enemies":"Looter","floor":14,"turns":3},{"damage":34,"enemies":"Hexaghost","floor":16,"turns":13},{"damage":2,"enemies":"2 Thieves","floor":18,"turns":4},{"damage":0,"enemies":"Shell Parasite","floor":22,"turns":4},{"damage":0,"enemies":"Cultist and Chosen","floor":24,"turns":8},{"damage":0,"enemies":"Chosen and Byrds","floor":28,"turns":5},{"damage":9,"enemies":"Snecko","floor":31,"turns":5},{"damage":50,"enemies":"Collector","floor":33,"turns":9}],"seed_played":"-2162940733303179860","potions_obtained":[{"floor":1,"key":"GamblersBrew"},{"floor":10,"key":"Explosive Potion"},{"floor":16,"key":"Poison Potion"},{"floor":22,"key":"Strength Potion"}],"is_trial":false,"path_per_floor":["M","?","M","?","T","E","R","M","T","E","R","M","M","M","R","B",null,"M","$","?","?","M","R","M","R","T","T","M","R","$","M","R","B"],"character_chosen":"THE_SILENT","items_purchased":["Oddly Smooth Stone","Footwork","Footwork","Footwork","Noxious Fumes"],"campfire_rested":3,"item_purchase_floors":[19,19,19,19,30],"current_hp_per_floor":[61,50,50,43,50,7,30,30,30,1,24,24,24,24,47,13,61,59,59,59,59,59,59,59,59,59,59,59,59,59,50,50,0],"gold":59,"neow_bonus":"ONE_RARE_RELIC","is_prod":false,"is_daily":false,"chose_seed":false,"campfire_upgraded":3,"win_rate":0,"timestamp":1546800480,"path_taken":["M","?","M","?","?","E","R","?","T","E","R","M","M","M","R","BOSS","M","$","?","?","M","R","M","R","T","?","M","R","$","M","R","BOSS"],"build_version":"2019-01-03v4","purchased_purges":0,"victory":false,"max_hp_per_floor":[70,70,70,70,77,77,77,77,77,77,77,77,77,77,77,77,77,77,77,77,77,77,77,77,77,77,77,77,77,77,77,77,77],"card_choices":[{"not_picked":["Terror","Poisoned Stab"],"picked":"Finisher","floor":1},{"not_picked":["Deadly Poison","Concentrate"],"picked":"Dagger Spray","floor":3},{"not_picked":["Outmaneuver","Deflect"],"picked":"Dagger Throw","floor":6},{"not_picked":["Prepared","Reflex"],"picked":"Cloak And Dagger","floor":8},{"not_picked":["Eviscerate","Crippling Poison"],"picked":"Backflip","floor":10},{"not_picked":["Bane","Dagger Spray"],"picked":"Cloak And Dagger","floor":12},{"not_picked":["Deflect","Eviscerate"],"picked":"PiercingWail","floor":13},{"not_picked":["Deadly Poison","Distraction"],"picked":"Infinite Blades","floor":14},{"not_picked":["Corpse Explosion","Wraith Form v2"],"picked":"Grand Finale","floor":16},{"not_picked":["Bouncing Flask","Crippling Poison+1"],"picked":"Acrobatics","floor":18},{"not_picked":["Flechettes","Bane"],"picked":"Accuracy","floor":22},{"not_picked":["Backflip","Poisoned Stab"],"picked":"Cloak And Dagger+1","floor":24},{"not_picked":["Sucker Punch+1","Deadly Poison"],"picked":"Dagger Throw","floor":28},{"not_picked":["Heel Hook","Riddle With Holes+1"],"picked":"Backflip","floor":31}],"player_experience":401061,"relics_obtained":[{"floor":5,"key":"Strawberry"},{"floor":6,"key":"Gambling Chip"},{"floor":9,"key":"The Courier"},{"floor":10,"key":"Bag of Marbles"},{"floor":26,"key":"Centennial Puzzle"},{"floor":27,"key":"Mercury Hourglass"}],"event_choices":[{"damage_healed":0,"gold_gain":75,"player_choice":"Gather Gold","damage_taken":11,"max_hp_gain":0,"max_hp_loss":0,"event_name":"World of Goop","floor":2,"gold_loss":0},{"cards_removed":["Strike_G"],"damage_healed":0,"gold_gain":0,"player_choice":"Card Removal","damage_taken":7,"max_hp_gain":0,"max_hp_loss":0,"event_name":"Golden Wing","floor":4,"gold_loss":0},{"damage_healed":0,"gold_gain":0,"player_choice":"Paid Fearfully","damage_taken":0,"max_hp_gain":0,"max_hp_loss":0,"event_name":"Masked Bandits","floor":20,"gold_loss":56},{"damage_healed":0,"gold_gain":0,"player_choice":"Simplicity","damage_taken":0,"max_hp_gain":0,"max_hp_loss":0,"event_name":"Back to Basics","floor":21,"gold_loss":0,"cards_upgraded":["Defend_G","Defend_G","Defend_G","Defend_G","Defend_G","Strike_G","Strike_G","Strike_G","Strike_G"]}],"is_beta":false,"boss_relics":[{"not_picked":["Velvet Choker","Busted Crown"],"picked":"Coffee Dripper"}],"items_purged_floors":[],"is_endless":false,"potions_floor_spawned":[1,10,16,22],"killed_by":"Collector","ascension_level":9}