{"gold_per_floor":[113,288,301,6,81,81,107,107,107,135,135,148,148,148,148,249,249,265,284,559,42,61,61,92,92,92,127,142,142,159,159,159,254,254,266,59,78,97,0,0,11,25,25,38,38,38,38,38,38,38,38,38,38,65,65],"floor_reached":55,"playtime":2629,"items_purged":["Doubt","Regret"],"score":873,"play_id":"51212f96-a1c1-42e7-9350-fe75b7b5ee34","local_time":"20190205000550","is_ascension_mode":true,"campfire_choices":[{"data":"Apotheosis","floor":6,"key":"SMITH"},{"data":"Anger","floor":8,"key":"SMITH"},{"data":"Shrug It Off","floor":11,"key":"SMITH"},{"data":"Fire Breathing","floor":13,"key":"SMITH"},{"data":"Iron Wave","floor":15,"key":"SMITH"},{"floor":23,"key":"REST"},{"data":"Dual Wield","floor":25,"key":"SMITH"},{"floor":29,"key":"REST"},{"floor":32,"key":"REST"},{"data":"Barricade","floor":40,"key":"SMITH"},{"floor":46,"key":"REST"},{"floor":49,"key":"RECALL"},{"floor":52,"key":"REST"}],"neow_cost":"NONE","seed_source_timestamp":126219167743382,"circlet_count":0,"master_deck":["Strike_R","Strike_R","Strike_R","Defend_R","Defend_R","Defend_R","Defend_R","Bash+1","Anger+1","Pommel Strike","Apotheosis+1","Shrug It Off+1","Iron Wave+1","Iron Wave+1","Fire Breathing+1","Immolate","Metallicize","Entrench+1","Evolve","Seeing Red","Metallicize","Whirlwind","Ghostly Armor","Rage","Burning Pact","Barricade+1","Body Slam+1","Shockwave+1","True Grit","Clumsy","Finesse","Disarm+1"],"relics":["Burning Blood","Red Skull","Paper Frog","Odd Mushroom","Runic Cube","StoneCalendar","Juzu Bracelet","Self Forming Clay","Gremlin Horn","Cursed Key","Bronze Scales","Red Mask","Magic Flower"],"potions_floor_usage":[19,22,22,24,24,27,35,41,44,44],"damage_taken":[{"damage":2,"enemies":"Jaw Worm","floor":1,"turns":3},{"damage":0,"enemies":"Small Slimes","floor":3,"turns":3},{"damage":9,"enemies":"Lagavulin","floor":7,"turns":7},{"damage":12,"enemies":"The Mushroom Lair","floor":10,"turns":4},{"damage":0,"enemies":"Cultist","floor":12,"turns":2},{"damage":43,"enemies":"Hexaghost","floor":16,"turns":11},{"damage":11,"enemies":"Shell Parasite","floor":18,"turns":5},{"damage":11,"enemies":"3 Byrds","floor":19,"turns":2},{"damage":23,"enemies":"Snake Plant","floor":22,"turns":5},{"damage":29,"enemies":"Book of Stabbing","floor":24,"turns":7},{"damage":38,"enemies":"Slavers","floor":27,"turns":7},{"damage":7,"enemies":"Snecko","floor":28,"turns":5},{"damage":12,"enemies":"Sentry and Sphere","floor":30,"turns":6},{"damage":27,"enemies":"Collector","floor":33,"turns":11},{"damage":16,"enemies":"3 Darklings","floor":35,"turns":6},{"damage":13,"enemies":"Orb Walker","floor":37,"turns":5},{"damage":8,"enemies":"Maw","floor":38,"turns":7},{"damage":12,"enemies":"Transient","floor":41,"turns":5},{"damage":2,"enemies":"3 Darklings","floor":42,"turns":3},{"damage":26,"enemies":"Spire Growth","floor":44,"turns":7},{"damage":12,"enemies":"Time Eater","floor":50,"turns":12},{"damage":73,"enemies":"Shield and Spear","floor":54,"turns":8},{"damage":13,"enemies":"The Heart","floor":55,"turns":2}],"seed_played":"8452983372544228502","potions_obtained":[{"floor":1,"key":"FearPotion"},{"floor":10,"key":"AttackPotion"},{"floor":12,"key":"Poison Potion"},{"floor":16,"key":"LiquidBronze"},{"floor":19,"key":"SkillPotion"},{"floor":22,"key":"FearPotion"},{"floor":24,"key":"Energy Potion"},{"floor":33,"key":"Swift Potion"},{"floor":35,"key":"Energy Potion"},{"floor":38,"key":"GamblersBrew"},{"floor":41,"key":"Energy Potion"}],"is_trial":false,"path_per_floor":["M","?","M","$","?","R","E","R","T","?","R","M","R","?","R","B",null,"M","M","?","$","M","R","E","R","T","E","M","R","M","?","R","B",null,"M","$","M","M","?","R","M","M","T","M","?","R","?","?","R","B",null,"R","$","E","B"],"character_chosen":"IRONCLAD","items_purchased":["Apotheosis","Shrug It Off","Evolve","StoneCalendar","Seeing Red","Body Slam","Bronze Scales"],"campfire_rested":5,"item_purchase_floors":[4,4,21,21,21,36,36],"current_hp_per_floor":[80,80,80,80,69,69,66,66,66,60,60,66,66,66,66,29,67,62,57,57,57,40,64,41,41,41,9,8,32,26,26,50,29,67,57,57,50,48,48,48,42,46,46,26,26,50,50,50,50,44,71,80,80,13,0],"gold":65,"neow_bonus":"UPGRADE_CARD","is_prod":false,"is_daily":false,"chose_seed":false,"campfire_upgraded":7,"win_rate":0,"timestamp":1549292750,"path_taken":["M","?","M","$","?","R","E","R","T","?","R","M","R","?","R","BOSS","M","?","?","$","?","R","E","R","T","E","M","R","M","?","R","BOSS","M","$","M","M","?","R","M","M","T","M","?","R","?","?","R","BOSS","R","$","E","BOSS"],"build_version":"2019-01-23","purchased_purges":2,"victory":false,"max_hp_per_floor":[80,80,80,80,80,80,80,80,80,80,80,80,80,80,80,80,80,80,80,80,80,80,80,80,80,80,80,80,80,80,80,80,80,80,80,80,80,80,80,80,80,80,80,80,80,80,80,80,80,80,80,80,80,80,80],"card_choices":[{"not_picked":["Seeing Red","Cleave"],"picked":"Anger","floor":1},{"not_picked":["Perfected Strike","Iron Wave"],"picked":"Pommel Strike","floor":3},{"not_picked":["Combust","Pummel"],"picked":"Iron Wave","floor":7},{"not_picked":["Thunderclap","Headbutt"],"picked":"Iron Wave","floor":10},{"not_picked":["Pummel","Shockwave"],"picked":"Fire Breathing","floor":12},{"not_picked":["Exhume","Brutality"],"picked":"Immolate","floor":16},{"not_picked":["Uppercut+1","Armaments"],"picked":"Metallicize","floor":18},{"not_picked":["Ghostly Armor","Inflame"],"picked":"Entrench+1","floor":19},{"not_picked":["Twin Strike+1","True Grit"],"picked":"Dual Wield","floor":22},{"not_picked":["Reaper","Infernal Blade+1"],"picked":"Metallicize","floor":24},{"not_picked":["Pummel","Seeing Red+1"],"picked":"Whirlwind","floor":27},{"not_picked":["Uppercut","Combust","Perfected Strike+1"],"picked":"SKIP","floor":28},{"not_picked":["Searing Blow+1","Sever Soul"],"picked":"Ghostly Armor","floor":30},{"not_picked":["Bludgeon","Fiend Fire"],"picked":"Barricade","floor":33},{"not_picked":["Sever Soul+1","Wild Strike+1","Twin Strike"],"picked":"SKIP","floor":35},{"not_picked":["Pommel Strike","Spot Weakness+1","Clothesline"],"picked":"SKIP","floor":37},{"not_picked":["Armaments","Cleave+1"],"picked":"Shockwave+1","floor":38},{"not_picked":["Perfected Strike","Evolve","Anger+1"],"picked":"SKIP","floor":41},{"not_picked":["Corruption","Sever Soul+1"],"picked":"True Grit","floor":42},{"not_picked":["Inflame+1","Armaments+1","Headbutt"],"picked":"SKIP","floor":44},{"not_picked":["Dramatic Entrance","Magnetism"],"picked":"Finesse","floor":47},{"not_picked":["Clothesline","Warcry+1"],"picked":"Disarm+1","floor":54}],"player_experience":803849,"relics_obtained":[{"floor":7,"key":"Red Skull"},{"floor":9,"key":"Paper Frog"},{"floor":10,"key":"Odd Mushroom"},{"floor":24,"key":"Juzu Bracelet"},{"floor":26,"key":"Self Forming Clay"},{"floor":27,"key":"Gremlin Horn"},{"floor":54,"key":"Magic Flower"}],"event_choices":[{"damage_healed":0,"gold_gain":175,"player_choice":"AGREE","damage_taken":0,"max_hp_gain":0,"max_hp_loss":0,"event_name":"Liars Game","floor":2,"gold_loss":0,"cards_obtained":["Doubt"]},{"damage_healed":0,"gold_gain":75,"player_choice":"Gather Gold","damage_taken":11,"max_hp_gain":0,"max_hp_loss":0,"event_name":"World of Goop","floor":5,"gold_loss":0},{"damage_healed":0,"gold_gain":0,"player_choice":"Fought Mushrooms","damage_taken":0,"max_hp_gain":0,"max_hp_loss":0,"event_name":"Mushrooms","floor":10,"gold_loss":0},{"damage_healed":0,"gold_gain":0,"player_choice":"Forge","damage_taken":0,"max_hp_gain":0,"max_hp_loss":0,"event_name":"Accursed Blacksmith","floor":14,"gold_loss":0,"cards_upgraded":["Iron Wave"]},{"damage_healed":0,"gold_gain":275,"player_choice":"Desecrate","damage_taken":0,"max_hp_gain":0,"max_hp_loss":0,"event_name":"Golden Shrine","floor":20,"gold_loss":0,"cards_obtained":["Regret"]},{"damage_healed":0,"gold_gain":0,"cards_transformed":["Strike_R","Strike_R"],"player_choice":"Became Test Subject","damage_taken":0,"max_hp_gain":0,"max_hp_loss":0,"event_name":"Drug Dealer","floor":31,"gold_loss":0,"cards_obtained":["Rage","Burning Pact"]},{"damage_healed":0,"gold_gain":0,"player_choice":"Paid","damage_taken":0,"relics_obtained":["Red Mask"],"max_hp_gain":0,"max_hp_loss":0,"event_name":"Tomb of Lord Red Mask","floor":39,"gold_loss":97},{"cards_removed":["Dual Wield"],"damage_healed":0,"gold_gain":0,"player_choice":"Removed Skill","damage_taken":0,"max_hp_gain":0,"max_hp_loss":0,"event_name":"Falling","floor":45,"gold_loss":0},{"damage_healed":0,"gold_gain":0,"player_choice":"Memory 1","damage_taken":0,"max_hp_gain":0,"max_hp_loss":0,"event_name":"SensoryStone","floor":47,"gold_loss":0},{"damage_healed":0,"gold_gain":0,"player_choice":"Upgraded","damage_taken":0,"max_hp_gain":0,"max_hp_loss":0,"event_name":"Upgrade Shrine","floor":48,"gold_loss":0,"cards_upgraded":["Body Slam"]}],"is_beta":false,"boss_relics":[{"not_picked":["Coffee Dripper","Calling Bell"],"picked":"Runic Cube"},{"not_picked":["Tiny House","Runic Pyramid"],"picked":"Cursed Key"}],"items_purged_floors":[4,21],"is_endless":false,"potions_floor_spawned":[1,10,12,16,19,22,24,33,35,38,41],"killed_by":"The Heart","ascension_level":5}