{"gold_per_floor":[111,111,111,111,176,206,219,219,219,219,231,281,301,363,363,363],"floor_reached":16,"playtime":1041,"items_purged":[],"score":179,"play_id":"4499dcf5-714d-4232-a786-39a27a8241cb","local_time":"20181120100107","is_ascension_mode":true,"campfire_choices":[{"floor":8,"key":"REST"},{"data":"Chill","floor":10,"key":"SMITH"},{"floor":15,"key":"REST"}],"neow_cost":"NONE","seed_source_timestamp":20357636073514,"circlet_count":0,"master_deck":["AscendersBane","Strike_B","Defend_B","Defend_B","Defend_B","Defend_B","Zap","Dualcast","Blizzard","Hologram","Coolheaded","Chill+1","Coolheaded","Conserve Battery","Conserve Battery","Consume"],"relics":["Cracked Core","SsserpentHead","Bottled Flame","Question Card"],"potions_floor_usage":[16,16],"damage_taken":[{"damage":4,"enemies":"Small Slimes","floor":1,"turns":4},{"damage":1,"enemies":"2 Louse","floor":5,"turns":4},{"damage":48,"enemies":"3 Sentries","floor":6,"turns":11},{"damage":1,"enemies":"Cultist","floor":7,"turns":4},{"damage":11,"enemies":"Blue Slaver","floor":11,"turns":5},{"damage":0,"enemies":"Gremlin Gang","floor":13,"turns":3},{"damage":0,"enemies":"Exordium Thugs","floor":14,"turns":6},{"damage":36,"enemies":"Slime Boss","floor":16,"turns":8}],"seed_played":"8112475304356058359","potions_obtained":[{"floor":13,"key":"Weak Potion"},{"floor":14,"key":"Regen Potion"}],"is_trial":false,"path_per_floor":["M","?","$","?","M","E","M","R","T","R","M","?","M","M","R","B"],"character_chosen":"DEFECT","items_purchased":[],"campfire_rested":2,"item_purchase_floors":[],"current_hp_per_floor":[60,53,53,53,52,4,3,24,24,24,13,13,13,13,34,13],"gold":363,"neow_bonus":"TRANSFORM_CARD","is_prod":false,"is_daily":false,"chose_seed":false,"campfire_upgraded":1,"win_rate":0,"timestamp":1542668467,"path_taken":["M","?","$","?","?","E","M","R","T","R","M","?","M","?","R","BOSS"],"build_version":"2018-11-15","purchased_purges":0,"victory":false,"max_hp_per_floor":[71,71,71,71,71,71,71,71,71,71,71,71,71,71,71,71],"card_choices":[{"not_picked":["Redo","Beam Cell"],"picked":"Hologram","floor":1},{"not_picked":["Barrage","Rip and Tear"],"picked":"Coolheaded","floor":5},{"not_picked":["Redo","Capacitor"],"picked":"Chill","floor":6},{"not_picked":["Rebound","Multi-Cast"],"picked":"Coolheaded","floor":7},{"not_picked":["Steam","Sweeping Beam","Aggregate"],"picked":"Conserve Battery","floor":11},{"not_picked":["Turbo","Sweeping Beam","Barrage"],"picked":"Conserve Battery","floor":13},{"not_picked":["Static Discharge","FTL","Barrage"],"picked":"Consume","floor":14}],"player_experience":889079,"relics_obtained":[{"floor":6,"key":"Bottled Flame"},{"floor":9,"key":"Question Card"}],"event_choices":[{"cards_removed":["Strike_B"],"damage_healed":0,"gold_gain":0,"player_choice":"Card Removal","damage_taken":7,"max_hp_gain":0,"max_hp_loss":0,"event_name":"Golden Wing","floor":2,"gold_loss":0},{"damage_healed":0,"gold_gain":0,"player_choice":"Trade","damage_taken":0,"relics_obtained":["SsserpentHead"],"max_hp_gain":0,"max_hp_loss":0,"event_name":"FaceTrader","floor":4,"gold_loss":0},{"cards_removed":["Strike_B"],"damage_healed":0,"gold_gain":0,"player_choice":"Purged","damage_taken":0,"max_hp_gain":0,"max_hp_loss":0,"event_name":"Purifier","floor":12,"gold_loss":0}],"is_beta":true,"boss_relics":[],"items_purged_floors":[],"is_endless":false,"potions_floor_spawned":[13,14],"killed_by":"Slime Boss","ascension_level":15}