{"gold_per_floor":[116,191,191,76,151,185,85,103,130,130,130,159,175,191,191,290,290,307,327,24,24,39,53,53,53],"floor_reached":25,"playtime":2964,"items_purged":["Strike_B","Strike_B"],"score":264,"play_id":"5bd2bb67-1a24-40e8-98f6-479b06103ced","local_time":"20180730004354","is_ascension_mode":true,"campfire_choices":[{"data":"Zap","floor":11,"key":"SMITH"},{"data":"Coolheaded","floor":15,"key":"SMITH"},{"data":"Defend_B","floor":24,"key":"PURGE"}],"neow_cost":"NONE","seed_source_timestamp":6057279253979,"circlet_count":0,"master_deck":["Strike_B","Defend_B","Defend_B","Defend_B","Zap+1","Dualcast","Sweeping Beam","Cold Snap","Self Repair","Coolheaded+1","Chill","Cold Snap","Fission","Defragment"],"relics":["Cracked Core","Singing Bowl","DataDisk","Symbiotic Virus","White Beast Statue","Peace Pipe"],"potions_floor_usage":[12,14,22,25],"damage_taken":[{"damage":2,"enemies":"Jaw Worm","floor":1,"turns":3},{"damage":37,"enemies":"Lagavulin","floor":6,"turns":8},{"damage":0,"enemies":"Cultist","floor":8,"turns":3},{"damage":11,"enemies":"Gremlin Nob","floor":12,"turns":4},{"damage":0,"enemies":"Small Slimes","floor":13,"turns":2},{"damage":0,"enemies":"3 Louse","floor":14,"turns":2},{"damage":58,"enemies":"Slime Boss","floor":16,"turns":16},{"damage":16,"enemies":"Spheric Guardian","floor":18,"turns":6},{"damage":9,"enemies":"Chosen","floor":19,"turns":7},{"damage":10,"enemies":"Centurion and Healer","floor":22,"turns":19},{"damage":18,"enemies":"Sentry and Sphere","floor":23,"turns":10},{"damage":54,"enemies":"Gremlin Leader","floor":25,"turns":7}],"seed_played":"-3421962666862854485","potions_obtained":[{"floor":6,"key":"Fire Potion"},{"floor":12,"key":"Explosive Potion"},{"floor":18,"key":"Dexterity Potion"},{"floor":19,"key":"LiquidBronze"},{"floor":22,"key":"Fire Potion"},{"floor":23,"key":"SkillPotion"}],"is_trial":false,"path_per_floor":["M","?","?","$","?","E","$","M","T","?","R","E","M","M","R","B",null,"M","M","$","?","M","M","R"],"character_chosen":"DEFECT","items_purchased":["Self Repair","Peace Pipe"],"campfire_rested":0,"item_purchase_floors":[4,20],"current_hp_per_floor":[73,66,66,66,55,25,25,32,32,57,57,53,55,64,64,13,63,56,56,56,56,55,44,44,0],"gold":53,"neow_bonus":"THREE_CARDS","is_prod":false,"is_daily":false,"chose_seed":false,"campfire_upgraded":2,"win_rate":0,"timestamp":1532875434,"path_taken":["M","?","?","$","?","E","?","?","T","?","R","E","M","M","R","BOSS","M","M","$","?","M","M","R","E"],"build_version":"2018-07-26","purchased_purges":2,"victory":false,"max_hp_per_floor":[75,75,75,75,75,75,75,75,75,75,75,75,77,79,79,79,79,81,83,83,83,85,85,85,85],"card_choices":[{"not_picked":["Barrage","Beam Cell"],"picked":"Sweeping Beam","floor":0},{"not_picked":["White Noise","Capacitor"],"picked":"Cold Snap","floor":1},{"not_picked":["Barrage","Hologram"],"picked":"Coolheaded","floor":6},{"not_picked":["Scrape","Steam Power"],"picked":"Chill","floor":8},{"not_picked":["Consume","Heatsinks"],"picked":"Cold Snap","floor":12},{"not_picked":["Hologram","Lockon","Streamline"],"picked":"Singing Bowl","floor":13},{"not_picked":["Steam","Rebound","Ball Lightning"],"picked":"Singing Bowl","floor":14},{"not_picked":["Amplify","Seek"],"picked":"Fission","floor":16},{"not_picked":["Static Discharge","Rebound","Ball Lightning"],"picked":"Singing Bowl","floor":18},{"not_picked":["Go for the Eyes+1","Rebound","Redo"],"picked":"Singing Bowl","floor":19},{"not_picked":["Sweeping Beam+1","Melter","Go for the Eyes"],"picked":"Singing Bowl","floor":22},{"not_picked":["Leap","Creative AI"],"picked":"Defragment","floor":23}],"player_experience":552865,"relics_obtained":[{"floor":6,"key":"Singing Bowl"},{"floor":9,"key":"DataDisk"},{"floor":12,"key":"Symbiotic Virus"}],"event_choices":[{"event_name":"FaceTrader","player_choice":"Touch","floor":2,"damage_taken":0},{"event_name":"Living Wall","player_choice":"Forget","floor":3,"damage_taken":0},{"event_name":"World of Goop","player_choice":"Gather Gold","floor":5,"damage_taken":0},{"event_name":"Big Fish","player_choice":"Banana","floor":10,"damage_taken":0},{"event_name":"Ghosts","player_choice":"Ignored","floor":21,"damage_taken":0}],"is_beta":false,"boss_relics":[{"not_picked":["Philosopher\u0027s Stone","Cursed Key"],"picked":"White Beast Statue"}],"items_purged_floors":[4,7],"is_endless":false,"potions_floor_spawned":[6,12,18,19,22,23],"killed_by":"Gremlin Leader","ascension_level":5}