{"gold_per_floor":[209,229,21,31,106,106,38,38,38,70,70,104,104,116,116,190,190,205,205,190,38,53,53],"floor_reached":23,"playtime":927,"items_purged":["Strike_B"],"score":328,"play_id":"7afeac68-f894-4429-b726-185318edebb0","local_time":"20181219235608","is_ascension_mode":true,"campfire_choices":[{"data":"Zap","floor":6,"key":"SMITH"},{"data":"Coolheaded","floor":8,"key":"SMITH"},{"floor":11,"key":"REST"},{"floor":15,"key":"REST"}],"neow_cost":"NONE","seed_source_timestamp":434403862969058,"circlet_count":0,"master_deck":["AscendersBane","Strike_B","Strike_B","Defend_B","Defend_B","Defend_B","Defend_B","Zap+1","Dualcast","Undo","FTL","Coolheaded+1","Hologram","Glacier","Capacitor","Rainbow","Echo Form","Capacitor"],"relics":["Cracked Core","Regal Pillow","Mummified Hand","Ancient Tea Set","Ornamental Fan","Nuclear Battery","NlothsMask"],"potions_floor_usage":[10,12,20,23,23],"damage_taken":[{"damage":0,"enemies":"Cultist","floor":1,"turns":3},{"damage":3,"enemies":"2 Louse","floor":2,"turns":4},{"damage":1,"enemies":"Jaw Worm","floor":4,"turns":4},{"damage":18,"enemies":"3 Sentries","floor":10,"turns":9},{"damage":38,"enemies":"Gremlin Nob","floor":12,"turns":5},{"damage":8,"enemies":"2 Fungi Beasts","floor":14,"turns":4},{"damage":31,"enemies":"The Guardian","floor":16,"turns":16},{"damage":4,"enemies":"Shell Parasite","floor":18,"turns":8},{"damage":0,"enemies":"2 Thieves","floor":20,"turns":4},{"damage":9,"enemies":"Snecko","floor":22,"turns":7},{"damage":64,"enemies":"Slavers","floor":23,"turns":7}],"seed_played":"-1049395730407990616","potions_obtained":[{"floor":1,"key":"Strength Potion"},{"floor":10,"key":"Strength Potion"},{"floor":14,"key":"FearPotion"},{"floor":18,"key":"Fire Potion"},{"floor":20,"key":"SteroidPotion"}],"is_trial":false,"path_per_floor":["M","M","$","M","?","R","$","R","T","E","R","E","?","M","R","B",null,"M","?","M","$","M","E"],"character_chosen":"DEFECT","items_purchased":["Regal Pillow","Coolheaded","Glacier","Capacitor"],"campfire_rested":2,"item_purchase_floors":[3,3,7,21],"current_hp_per_floor":[68,65,65,64,53,53,53,53,53,35,72,34,27,19,56,25,63,59,59,59,59,50,0],"gold":53,"neow_bonus":"HUNDRED_GOLD","is_prod":false,"is_daily":false,"chose_seed":false,"campfire_upgraded":2,"win_rate":0,"timestamp":1545288968,"path_taken":["M","?","$","M","?","R","$","R","T","E","R","E","?","M","R","BOSS","M","?","M","$","M","E"],"build_version":"2018-12-13","purchased_purges":1,"victory":false,"max_hp_per_floor":[75,75,75,75,75,75,75,75,75,75,75,75,75,75,75,75,75,75,75,75,75,75,75],"card_choices":[{"not_picked":["Compile Driver","Stack"],"picked":"Undo","floor":1},{"not_picked":["Compile Driver","Blizzard"],"picked":"FTL","floor":2},{"not_picked":["Scrape","Barrage"],"picked":"Hologram","floor":4},{"not_picked":["Multi-Cast","Steam"],"picked":"Capacitor","floor":10},{"not_picked":["Go for the Eyes","Steam"],"picked":"Rainbow","floor":12},{"not_picked":["Beam Cell","Turbo","Gash"],"picked":"SKIP","floor":14},{"not_picked":["Multi-Cast","Buffer"],"picked":"Echo Form","floor":16},{"not_picked":["Aggregate","Steam Power","Rebound"],"picked":"SKIP","floor":18},{"not_picked":["Turbo","Gash","Redo+1"],"picked":"SKIP","floor":20},{"not_picked":["Streamline","Go for the Eyes+1","Lockon"],"picked":"SKIP","floor":22}],"player_experience":715729,"relics_obtained":[{"floor":9,"key":"Mummified Hand"},{"floor":10,"key":"Ancient Tea Set"},{"floor":12,"key":"Ornamental Fan"}],"event_choices":[{"damage_healed":0,"gold_gain":75,"player_choice":"Gather Gold","damage_taken":11,"max_hp_gain":0,"max_hp_loss":0,"event_name":"World of Goop","floor":5,"gold_loss":0},{"cards_removed":["Strike_B"],"damage_healed":0,"gold_gain":0,"player_choice":"Card Removal","damage_taken":7,"max_hp_gain":0,"max_hp_loss":0,"event_name":"Golden Wing","floor":13,"gold_loss":0},{"damage_healed":0,"gold_gain":0,"player_choice":"Trade","damage_taken":0,"relics_obtained":["NlothsMask"],"max_hp_gain":0,"max_hp_loss":0,"event_name":"FaceTrader","floor":19,"gold_loss":0}],"is_beta":false,"boss_relics":[{"not_picked":["FrozenCore","Cursed Key"],"picked":"Nuclear Battery"}],"items_purged_floors":[21],"is_endless":false,"potions_floor_spawned":[1,10,14,18,20],"killed_by":"Slavers","ascension_level":13}