{"gold_per_floor":[117,133,133,133,147,147,159,159,159,171,171,171,130,148,148,148],"floor_reached":16,"playtime":1513,"items_purged":[],"score":179,"play_id":"cbe78a02-cd80-4b88-85da-b190ec89d36c","local_time":"20190124091214","is_ascension_mode":true,"campfire_choices":[{"data":"Well Laid Plans","floor":6,"key":"SMITH"},{"data":"Leg Sweep","floor":8,"key":"SMITH"},{"data":"Poisoned Stab","floor":12,"key":"SMITH"},{"floor":15,"key":"REST"}],"neow_cost":"NONE","seed_source_timestamp":664923594399631,"circlet_count":0,"master_deck":["AscendersBane","Defend_G","Defend_G","Defend_G","Defend_G","Strike_G","Strike_G","Strike_G","Strike_G","Strike_G","Survivor","Neutralize+1","Leg Sweep+1","Well Laid Plans+1","Slice","Poisoned Stab+1","Malaise"],"relics":["Ring of the Snake","Darkstone Periapt"],"potions_floor_usage":[14,16],"damage_taken":[{"damage":10,"enemies":"Small Slimes","floor":1,"turns":5},{"damage":0,"enemies":"2 Louse","floor":2,"turns":5},{"damage":3,"enemies":"Jaw Worm","floor":5,"turns":5},{"damage":0,"enemies":"3 Louse","floor":7,"turns":4},{"damage":8,"enemies":"Lots of Slimes","floor":10,"turns":7},{"damage":15,"enemies":"Gremlin Gang","floor":14,"turns":5},{"damage":44,"enemies":"Slime Boss","floor":16,"turns":11}],"seed_played":"-1380033431990493393","potions_obtained":[{"floor":1,"key":"AttackPotion"},{"floor":5,"key":"GhostInAJar"},{"floor":14,"key":"LiquidBronze"}],"is_trial":false,"path_per_floor":["M","M","?","?","M","R","M","R","T","M","$","R","?","M","R","B"],"character_chosen":"THE_SILENT","items_purchased":[],"campfire_rested":1,"item_purchase_floors":[],"current_hp_per_floor":[49,49,49,49,46,46,46,46,46,38,38,38,38,23,42,0],"gold":148,"neow_bonus":"REMOVE_CARD","is_prod":false,"is_daily":false,"chose_seed":false,"campfire_upgraded":3,"win_rate":0,"timestamp":1548349934,"path_taken":["M","M","?","?","M","R","M","R","T","M","$","R","?","M","R","BOSS"],"build_version":"2019-01-23","purchased_purges":0,"victory":false,"max_hp_per_floor":[66,66,66,66,66,66,66,66,66,66,66,66,66,66,66,66],"card_choices":[{"not_picked":["Accuracy","Escape Plan"],"picked":"Leg Sweep","floor":1},{"not_picked":["Dagger Throw","Crippling Poison"],"picked":"Well Laid Plans","floor":2},{"not_picked":["Deflect","Prepared"],"picked":"Slice","floor":5},{"not_picked":["Prepared","Choke","Acrobatics"],"picked":"SKIP","floor":7},{"not_picked":["Flechettes","Prepared"],"picked":"Poisoned Stab","floor":10},{"not_picked":["Backflip","Quick Slash"],"picked":"Malaise","floor":14}],"player_experience":1742103,"relics_obtained":[{"floor":9,"key":"Darkstone Periapt"}],"event_choices":[{"damage_healed":0,"gold_gain":0,"player_choice":"Ignored","damage_taken":0,"max_hp_gain":0,"max_hp_loss":0,"event_name":"Shining Light","floor":3,"gold_loss":0},{"damage_healed":0,"gold_gain":0,"player_choice":"Grow","damage_taken":0,"max_hp_gain":0,"max_hp_loss":0,"event_name":"Living Wall","floor":4,"gold_loss":0,"cards_upgraded":["Neutralize"]},{"damage_healed":0,"gold_gain":0,"player_choice":"Left Gold","damage_taken":0,"max_hp_gain":0,"max_hp_loss":0,"event_name":"World of Goop","floor":13,"gold_loss":41}],"is_beta":false,"boss_relics":[],"items_purged_floors":[],"is_endless":false,"potions_floor_spawned":[1,5,14],"killed_by":"Slime Boss","ascension_level":19}