{"gold_per_floor":[369,369,50,66,66,96,96,131,179,179,197,26,38,38,38,136,136,160,85,85,100,13,13,44,44,95,95,95],"floor_reached":28,"playtime":945,"items_purged":["Strike_B"],"score":484,"play_id":"33584663-a496-4f0d-bafa-d5e9a0de770e","local_time":"20190106222155","is_ascension_mode":true,"campfire_choices":[{"data":"Ball Lightning","floor":7,"key":"SMITH"},{"floor":10,"key":"REST"},{"floor":15,"key":"REST"},{"floor":23,"key":"REST"}],"neow_cost":"PERCENT_DAMAGE","seed_source_timestamp":73258213884994,"circlet_count":0,"master_deck":["AscendersBane","Strike_B+1","Strike_B","Defend_B+1","Defend_B","Defend_B","Defend_B","Zap+1","Dualcast+1","Ball Lightning+1","Hologram+1","Ball Lightning+1","Auto Shields","Go for the Eyes","Machine Learning","Machine Learning","Hologram","Cold Snap+1","Defragment"],"relics":["Cracked Core","War Paint","Whetstone","Blood Vial","Potion Belt","Bag of Preparation","Bloody Idol","Orrery","Bottled Flame","Mummified Hand","Ancient Tea Set"],"potions_floor_usage":[6,6,16,28,28],"damage_taken":[{"damage":7,"enemies":"Jaw Worm","floor":1,"turns":3},{"damage":2,"enemies":"2 Louse","floor":4,"turns":2},{"damage":6,"enemies":"3 Sentries","floor":6,"turns":5},{"damage":9,"enemies":"Gremlin Nob","floor":8,"turns":3},{"damage":0,"enemies":"Cultist","floor":11,"turns":2},{"damage":5,"enemies":"Red Slaver","floor":13,"turns":2},{"damage":21,"enemies":"The Guardian","floor":16,"turns":7},{"damage":19,"enemies":"3 Byrds","floor":18,"turns":4},{"damage":10,"enemies":"Chosen","floor":21,"turns":5},{"damage":56,"enemies":"Gremlin Leader","floor":24,"turns":7},{"damage":10,"enemies":"Book of Stabbing","floor":28,"turns":2}],"seed_played":"1673099107931634862","potions_obtained":[{"floor":1,"key":"GamblersBrew"},{"floor":4,"key":"Regen Potion"},{"floor":11,"key":"Ancient Potion"},{"floor":13,"key":"AttackPotion"},{"floor":24,"key":"EssenceOfSteel"}],"is_trial":false,"path_per_floor":["M","?","$","M","?","E","R","E","T","R","M","$","M","?","R","B",null,"M","?","T","M","$","R","E","$","T","?","E"],"character_chosen":"DEFECT","items_purchased":["Hologram","War Paint","Ball Lightning","Bag of Preparation","Defragment"],"campfire_rested":3,"item_purchase_floors":[3,3,3,12,22],"current_hp_per_floor":[39,39,39,37,37,45,45,36,36,57,59,59,56,32,53,34,62,45,45,45,37,37,58,4,4,4,4,0],"gold":95,"neow_bonus":"TWO_FIFTY_GOLD","is_prod":false,"is_daily":false,"chose_seed":false,"campfire_upgraded":1,"win_rate":0,"timestamp":1546773715,"path_taken":["M","?","$","M","?","E","R","E","T","R","?","?","M","?","R","BOSS","M","?","?","?","$","R","E","$","T","?","E"],"build_version":"2018-11-15","purchased_purges":1,"victory":false,"max_hp_per_floor":[71,71,71,71,71,71,71,71,71,71,71,71,71,71,71,71,71,71,71,71,71,71,71,71,71,71,71,71],"card_choices":[{"not_picked":["Reprogram","Stack"],"picked":"Ball Lightning","floor":1},{"not_picked":["Aggregate","White Noise"],"picked":"Auto Shields","floor":4},{"not_picked":["Lockon","Melter","Gash"],"picked":"SKIP","floor":6},{"not_picked":["Darkness","Compile Driver","All For One"],"picked":"SKIP","floor":8},{"not_picked":["Coolheaded","Barrage"],"picked":"Go for the Eyes","floor":11},{"not_picked":["Redo","Streamline","Leap"],"picked":"SKIP","floor":13},{"not_picked":["Creative AI","Buffer"],"picked":"Machine Learning","floor":16},{"not_picked":["Rebound","Heatsinks"],"picked":"Machine Learning","floor":17},{"not_picked":["White Noise","BootSequence"],"picked":"Hologram","floor":17},{"not_picked":["Redo","Consume"],"picked":"Cold Snap+1","floor":18},{"not_picked":["Steam Power","Fusion","Beam Cell"],"picked":"SKIP","floor":21},{"not_picked":["Compile Driver","Rainbow","Lockon"],"picked":"SKIP","floor":24}],"player_experience":1002985,"relics_obtained":[{"floor":6,"key":"Whetstone"},{"floor":8,"key":"Blood Vial"},{"floor":9,"key":"Potion Belt"},{"floor":20,"key":"Bottled Flame"},{"floor":24,"key":"Mummified Hand"},{"floor":26,"key":"Ancient Tea Set"}],"event_choices":[{"damage_healed":0,"gold_gain":0,"player_choice":"Grow","damage_taken":0,"max_hp_gain":0,"max_hp_loss":0,"event_name":"Living Wall","floor":2,"gold_loss":0,"cards_upgraded":["Zap"]},{"damage_healed":0,"gold_gain":0,"player_choice":"Forge","damage_taken":0,"max_hp_gain":0,"max_hp_loss":0,"event_name":"Accursed Blacksmith","floor":5,"gold_loss":0,"cards_upgraded":["Dualcast"]},{"damage_healed":0,"gold_gain":0,"player_choice":"Take Damage","damage_taken":24,"relics_obtained":["Golden Idol"],"max_hp_gain":0,"max_hp_loss":0,"event_name":"Golden Idol","floor":14,"gold_loss":0},{"cards_removed":["Strike_B"],"damage_healed":0,"gold_gain":0,"player_choice":"Gave Gold","damage_taken":0,"max_hp_gain":0,"max_hp_loss":0,"event_name":"Beggar","floor":19,"gold_loss":75},{"damage_healed":0,"gold_gain":0,"player_choice":"Gave Idol","damage_taken":0,"relics_obtained":["Bloody Idol"],"max_hp_gain":0,"max_hp_loss":0,"event_name":"Forgotten Altar","floor":27,"relics_lost":["Golden Idol"],"gold_loss":0}],"is_beta":true,"boss_relics":[{"not_picked":["Ectoplasm","Cursed Key"],"picked":"Orrery"}],"items_purged_floors":[3],"is_endless":false,"potions_floor_spawned":[1,4,11,13,24],"killed_by":"Book of Stabbing","ascension_level":20}