{"gold_per_floor":[129,144,159,174,75,75,105,120,120,135,195,195,195,210,210,310,310,325,310,310,310,25,25,40,40,40,55,85,85,17,32,32,132,132,147,147,147,147,147,177,192,192,267,14,14,44,44,59,59,59],"floor_reached":51,"playtime":2170,"items_purged":[],"score":1035,"play_id":"b46d1384-02b7-413b-8612-b6ba94dc7c39","local_time":"20180907075424","daily_mods":["Allstar","Cursed Run","Night Terrors"],"is_ascension_mode":false,"campfire_choices":[{"data":"Discovery","floor":6,"key":"SMITH"},{"data":"Transmutation","floor":13,"key":"SMITH"},{"floor":15,"key":"REST"},{"data":"Envenom","floor":23,"key":"SMITH"},{"floor":25,"key":"REST"},{"data":"Infinite Blades","floor":32,"key":"SMITH"},{"data":"Forethought","floor":45,"key":"SMITH"},{"floor":47,"key":"REST"},{"data":"Leg Sweep","floor":49,"key":"SMITH"}],"neow_cost":"","seed_source_timestamp":0,"circlet_count":0,"master_deck":["Defend_G","Defend_G","Defend_G","Defend_G","Defend_G","Strike_G","Strike_G","Strike_G","Strike_G","Survivor","Neutralize","Dark Shackles","Transmutation+1","Metamorphosis","Madness","Swift Strike","Dash","Cloak And Dagger","Sucker Punch","Backstab","Discovery+1","Infinite Blades+1","Finisher","Regret","Leg Sweep","Footwork","Quick Slash","Clumsy","Envenom+1","Crippling Poison","Writhe","Heel Hook","Choke","Deadly Poison","Shame","PiercingWail","Distraction+1","Well Laid Plans","Dash","Parasite","Adrenaline","Accuracy+1","Injury","Regret","Leg Sweep+1","Deadly Poison+1","Forethought+1","Finesse","Bandage Up","Injury","Jack Of All Trades","Distraction+1","Acrobatics+1","Prepared","Parasite"],"special_seed":17781,"relics":["Cursed Key","Darkstone Periapt","Du-Vu Doll","Art of War","Ornamental Fan","Tiny Chest","The Specimen","Philosopher\u0027s Stone","Ice Cream","Mummified Hand","Shuriken","Strawberry","NlothsMask","White Beast Statue","Pear","Meat on the Bone","Ninja Scroll","Bag of Preparation","Prayer Wheel"],"potions_floor_usage":[7,7,11,19,27,31,35,48,50],"damage_taken":[{"damage":0,"enemies":"Small Slimes","floor":1,"turns":5},{"damage":1,"enemies":"Cultist","floor":2,"turns":4},{"damage":0,"enemies":"Jaw Worm","floor":3,"turns":4},{"damage":0,"enemies":"Looter","floor":4,"turns":3},{"damage":0,"enemies":"Lagavulin","floor":7,"turns":5},{"damage":1,"enemies":"Lots of Slimes","floor":8,"turns":4},{"damage":11,"enemies":"Large Slime","floor":10,"turns":4},{"damage":9,"enemies":"3 Sentries","floor":11,"turns":6},{"damage":6,"enemies":"Looter","floor":14,"turns":3},{"damage":4,"enemies":"Hexaghost","floor":16,"turns":9},{"damage":41,"enemies":"3 Byrds","floor":18,"turns":5},{"damage":10,"enemies":"2 Thieves","floor":19,"turns":4},{"damage":0,"enemies":"Snake Plant","floor":24,"turns":3},{"damage":0,"enemies":"Cultist and Chosen","floor":27,"turns":3},{"damage":8,"enemies":"Book of Stabbing","floor":28,"turns":4},{"damage":6,"enemies":"Centurion and Healer","floor":31,"turns":4},{"damage":0,"enemies":"Collector","floor":33,"turns":5},{"damage":16,"enemies":"3 Darklings","floor":35,"turns":3},{"damage":2,"enemies":"Giant Head","floor":40,"turns":4},{"damage":22,"enemies":"3 Shapes","floor":41,"turns":2},{"damage":50,"enemies":"2 Orb Walkers","floor":46,"turns":3},{"damage":0,"enemies":"Jaw Worm Horde","floor":48,"turns":3},{"damage":9,"enemies":"Donu and Deca","floor":50,"turns":7}],"seed_played":"-778787433029275369","potions_obtained":[{"floor":3,"key":"EssenceOfSteel"},{"floor":4,"key":"SkillPotion"},{"floor":7,"key":"Energy Potion"},{"floor":10,"key":"SpeedPotion"},{"floor":18,"key":"GhostInAJar"},{"floor":19,"key":"Explosive Potion"},{"floor":24,"key":"AttackPotion"},{"floor":33,"key":"Energy Potion"},{"floor":35,"key":"Weak Potion"},{"floor":40,"key":"Energy Potion"},{"floor":41,"key":"Block Potion"},{"floor":46,"key":"Block Potion"},{"floor":48,"key":"Swift Potion"}],"is_trial":false,"path_per_floor":["M","M","M","M","$","R","E","M","T","M","E","?","R","M","R","B",null,"M","M","?","?","$","R","M","R","T","M","E","?","$","M","R","B",null,"M","T","?","T","?","E","M","?","T","$","R","E","R","M","R","B"],"character_chosen":"THE_SILENT","items_purchased":["Discovery","Mummified Hand","Choke","Well Laid Plans","Bag of Preparation","Jack Of All Trades"],"campfire_rested":3,"item_purchase_floors":[5,22,22,30,44,44],"current_hp_per_floor":[70,69,69,69,69,69,69,68,74,63,54,54,54,48,71,73,77,36,26,32,32,32,32,32,78,84,84,83,83,83,77,77,83,97,81,87,87,103,103,101,79,69,75,75,75,41,120,120,120,121],"gold":59,"neow_bonus":"","is_prod":false,"is_daily":true,"chose_seed":false,"campfire_upgraded":6,"win_rate":0,"timestamp":1536299664,"path_taken":["M","M","M","M","$","R","E","M","T","M","E","?","R","M","R","BOSS","M","?","?","?","$","R","?","R","T","M","E","?","?","M","R","BOSS","M","?","?","?","?","E","?","?","T","$","R","E","R","M","R","BOSS"],"build_version":"2018-09-06","purchased_purges":0,"victory":true,"max_hp_per_floor":[70,70,70,70,70,70,70,70,76,76,76,76,76,76,71,77,77,77,77,83,83,83,83,83,78,84,84,91,91,91,91,91,97,97,97,103,103,119,119,119,119,119,125,125,125,125,120,120,120,126],"card_choices":[{"not_picked":["Underhanded Strike","Dodge and Roll"],"picked":"Dash","floor":1},{"not_picked":["Acrobatics","Poisoned Stab"],"picked":"Cloak And Dagger","floor":2},{"not_picked":["Expertise","Concentrate"],"picked":"Sucker Punch","floor":3},{"not_picked":["Riddle With Holes","Poisoned Stab"],"picked":"Backstab","floor":4},{"not_picked":["Setup","Poisoned Stab"],"picked":"Infinite Blades","floor":7},{"not_picked":["Bane","A Thousand Cuts"],"picked":"Finisher","floor":8},{"not_picked":["Dagger Throw","Dagger Spray"],"picked":"Leg Sweep","floor":10},{"not_picked":["Storm of Steel","PiercingWail"],"picked":"Footwork","floor":11},{"not_picked":["Concentrate","Dodge and Roll"],"picked":"Quick Slash","floor":14},{"not_picked":["A Thousand Cuts","Tools of the Trade"],"picked":"Envenom","floor":16},{"not_picked":["Infinite Blades","Prepared"],"picked":"Crippling Poison","floor":18},{"not_picked":["Outmaneuver+1","Backflip"],"picked":"Masterful Stab","floor":19},{"not_picked":["Finisher","Doppelganger"],"picked":"Deadly Poison","floor":24},{"not_picked":["Skewer+1","Distraction"],"picked":"PiercingWail","floor":27},{"not_picked":["Deflect","Dagger Throw+1"],"picked":"Distraction+1","floor":28},{"not_picked":["Slice","Blur"],"picked":"Dash","floor":31},{"not_picked":["Glass Knife","Envenom"],"picked":"Adrenaline","floor":33},{"not_picked":["Heel Hook","Dagger Throw+1"],"picked":"Accuracy+1","floor":35},{"not_picked":["Dagger Spray+1","Deadly Poison+1"],"picked":"Leg Sweep","floor":40},{"not_picked":["Poisoned Stab+1","Dash"],"picked":"Deadly Poison+1","floor":41},{"not_picked":["Swift Strike","Madness"],"picked":"Forethought","floor":42},{"not_picked":["Forethought","Transmutation"],"picked":"Finesse","floor":42},{"not_picked":["Finesse","Dark Shackles"],"picked":"Bandage Up","floor":42},{"not_picked":["Poisoned Stab","Prepared"],"picked":"Distraction+1","floor":46},{"not_picked":["Endless Agony+1","Accuracy"],"picked":"Acrobatics+1","floor":48},{"not_picked":["Dodge and Roll+1","Tactician"],"picked":"Prepared","floor":48}],"player_experience":108447,"relics_obtained":[{"floor":7,"key":"Art of War"},{"floor":9,"key":"Ornamental Fan"},{"floor":11,"key":"Tiny Chest"},{"floor":26,"key":"Shuriken"},{"floor":28,"key":"Strawberry"},{"floor":38,"key":"Pear"},{"floor":40,"key":"Meat on the Bone"},{"floor":43,"key":"Ninja Scroll"},{"floor":46,"key":"Prayer Wheel"}],"event_choices":[{"event_name":"WeMeetAgain","player_choice":"Potion","floor":12,"damage_taken":0},{"event_name":"The Mausoleum","player_choice":"Yes","floor":20,"damage_taken":0},{"event_name":"Transmorgrifier","player_choice":"Transform","floor":21,"damage_taken":0},{"event_name":"FaceTrader","player_choice":"Trade","floor":29,"damage_taken":0},{"event_name":"Tomb of Lord Red Mask","player_choice":"Ignored","floor":37,"damage_taken":0},{"event_name":"Falling","player_choice":"Removed Attack","floor":39,"damage_taken":0},{"event_name":"SensoryStone","player_choice":"Memory 3","floor":42,"damage_taken":0}],"is_beta":true,"boss_relics":[{"not_picked":["Velvet Choker","Runic Dome"],"picked":"Philosopher\u0027s Stone"},{"not_picked":["Eternal Feather","Empty Cage"],"picked":"White Beast Statue"}],"items_purged_floors":[],"is_endless":false,"potions_floor_spawned":[3,4,7,10,18,19,24,33,35,40,41,46,48],"ascension_level":0}