{"gold_per_floor":[13,25,37,53,70,70,95,95,95,95,110,128,128,157,157,236,236,247,247,144,155,167,167,177,177,177,177,192,3,3,13,13,13],"floor_reached":33,"playtime":1611,"items_purged":["Strike_R","Strike_R"],"score":414,"play_id":"9df64112-3869-4324-92ba-bd77a36876d4","local_time":"20181019131258","is_ascension_mode":true,"campfire_choices":[{"floor":6.0,"key":"REST"},{"floor":8.0,"key":"REST"},{"data":"Pummel","floor":10.0,"key":"SMITH"},{"data":"Sword Boomerang","floor":13.0,"key":"SMITH"},{"floor":15.0,"key":"REST"},{"floor":23.0,"key":"REST"},{"floor":25.0,"key":"REST"},{"floor":32.0,"key":"REST"}],"neow_cost":"NO_GOLD","seed_source_timestamp":0,"circlet_count":0,"master_deck":["Strike_R","Defend_R","Defend_R","Defend_R","Defend_R","Bash","AscendersBane","Pommel Strike","Pummel+1","Metallicize","Carnage","Sword Boomerang+1","Disarm","Iron Wave","Demon Form","Havoc","Sword Boomerang","Anger","Pummel+1","Corruption","Hemokinesis","Good Instincts","Shrug It Off"],"special_seed":0,"relics":["Burning Blood","Pen Nib","The Courier","Calipers","Velvet Choker","Nloth\u0027s Gift","Paper Frog","Kunai"],"potions_floor_usage":[33],"damage_taken":[{"damage":12.0,"enemies":"Small Slimes","floor":1.0,"turns":3.0},{"damage":7.0,"enemies":"2 Louse","floor":2.0,"turns":3.0},{"damage":2.0,"enemies":"Jaw Worm","floor":3.0,"turns":3.0},{"damage":47.0,"enemies":"Exordium Thugs","floor":4.0,"turns":6.0},{"damage":16.0,"enemies":"Gremlin Gang","floor":5.0,"turns":5.0},{"damage":26.0,"enemies":"Gremlin Nob","floor":7.0,"turns":4.0},{"damage":4.0,"enemies":"Exordium Wildlife","floor":11.0,"turns":2.0},{"damage":12.0,"enemies":"Red Slaver","floor":12.0,"turns":3.0},{"damage":31.0,"enemies":"3 Sentries","floor":14.0,"turns":7.0},{"damage":16.0,"enemies":"Hexaghost","floor":16.0,"turns":9.0},{"damage":25.0,"enemies":"Shell Parasite","floor":18.0,"turns":5.0},{"damage":31.0,"enemies":"2 Thieves","floor":21.0,"turns":4.0},{"damage":23.0,"enemies":"Snecko","floor":22.0,"turns":4.0},{"damage":22.0,"enemies":"Centurion and Healer","floor":24.0,"turns":5.0},{"damage":17.0,"enemies":"Chosen and Byrds","floor":28.0,"turns":4.0},{"damage":19.0,"enemies":"Shelled Parasite and Fungi","floor":31.0,"turns":5.0},{"damage":39,"enemies":"Automaton","floor":33,"turns":4}],"seed_played":"-2221225537998492650","potions_obtained":[{"floor":5.0,"key":"SteroidPotion"},{"floor":7.0,"key":"Fire Potion"},{"floor":7.0,"key":"Fire Potion"}],"is_trial":false,"path_per_floor":["M","M","M","M","M","R","?","R","T","R","M","M","R","E","R","B",null,"M","?","$","M","M","R","M","R","T","?","M","$","T","M","R"],"character_chosen":"IRONCLAD","items_purchased":["Sword Boomerang","SteroidPotion","Good Instincts"],"campfire_rested":6,"item_purchase_floors":[20,29,29],"current_hp_per_floor":[66,65,69,28,18,42,22,46,46,46,48,42,42,17,41,31,68,49,49,49,24,7,31,15,39,39,39,28,28,28,15,39,0],"gold":13,"neow_bonus":"ONE_RARE_RELIC","is_prod":false,"is_daily":false,"chose_seed":false,"campfire_upgraded":2,"win_rate":0,"timestamp":1539979978,"path_taken":["M","M","M","M","M","R","?","R","T","R","M","?","R","E","R","BOSS","M","?","$","M","M","R","M","R","T","?","M","$","?","M","R","BOSS"],"build_version":"2018-10-18","purchased_purges":2,"victory":false,"max_hp_per_floor":[80,80,80,80,80,80,80,80,80,80,80,80,80,80,80,80,80,80,80,80,80,80,80,80,80,80,80,80,80,80,80,80,80],"card_choices":[{"not_picked":["Twin Strike","Iron Wave"],"picked":"Pommel Strike","floor":1.0},{"not_picked":["Twin Strike","Hemokinesis"],"picked":"Pummel","floor":2.0},{"not_picked":["Havoc","Flex"],"picked":"Metallicize","floor":3.0},{"not_picked":["Intimidate","Clash"],"picked":"Carnage","floor":4.0},{"not_picked":["Flex","Corruption","Warcry"],"picked":"SKIP","floor":5.0},{"not_picked":["Reckless Charge","Clash"],"picked":"Sword Boomerang","floor":7.0},{"not_picked":["Wild Strike","Body Slam"],"picked":"Disarm","floor":11.0},{"not_picked":["Pommel Strike","Juggernaut","Wild Strike"],"picked":"SKIP","floor":12.0},{"not_picked":["Body Slam","Flex"],"picked":"Iron Wave","floor":14.0},{"not_picked":["Bludgeon","Berserk"],"picked":"Demon Form","floor":16.0},{"not_picked":["Perfected Strike","Warcry"],"picked":"Havoc","floor":18.0},{"not_picked":["Heavy Blade","Wild Strike"],"picked":"Anger","floor":21.0},{"not_picked":["Shrug It Off","Reckless Charge+1"],"picked":"Pummel+1","floor":22.0},{"not_picked":["Clash","Twin Strike","Spot Weakness"],"picked":"SKIP","floor":24.0},{"not_picked":["Body Slam","Pommel Strike","Flex"],"picked":"SKIP","floor":28.0},{"not_picked":["Body Slam","Headbutt"],"picked":"Shrug It Off","floor":31.0}],"player_experience":1174509,"relics_obtained":[{"floor":7.0,"key":"Pen Nib"},{"floor":9.0,"key":"The Courier"},{"floor":14.0,"key":"Calipers"},{"floor":26.0,"key":"Paper Frog"},{"floor":30.0,"key":"Kunai"}],"event_choices":[{"event_name":"Dead Adventurer","player_choice":"Searched \u00272\u0027 times","floor":7.0,"damage_taken":0.0},{"event_name":"N\u0027loth","player_choice":"Traded a Du-Vu Doll","floor":19.0,"damage_taken":0.0},{"damage_healed":0.0,"max_hp_gain":0.0,"max_hp_loss":0.0,"gold_gain":0.0,"cards_transformed":["Strike_R","Strike_R"],"event_name":"Drug Dealer","player_choice":"Became Test Subject","floor":27.0,"gold_loss":0.0,"damage_taken":0.0,"cards_obtained":["Corruption","Hemokinesis"]}],"is_beta":false,"boss_relics":[{"not_picked":["Fusion Hammer","Empty Cage"],"picked":"Velvet Choker"}],"items_purged_floors":[20,29],"is_endless":false,"potions_floor_spawned":[5,7,7,11,14,18,21,31],"killed_by":"Automaton","ascension_level":13}