{"gold_per_floor":[217,230,23,23,42,42,74,85,112,112,146,31,45,64,64,163,163,179,179,179,99,99,111,175,175,175,203,203,231,231,249,249,346,396,416,238,250,261,261,261,291,291,291,291,38,55,67,86,86,86],"floor_reached":51,"playtime":5773,"items_purged":["Strike_B","Strike_B"],"score":770,"play_id":"f2d01023-3803-42d9-b12b-83abddaab171","local_time":"20190206232244","is_ascension_mode":false,"campfire_choices":[{"data":"Defragment","floor":6,"key":"SMITH"},{"data":"Redo","floor":15,"key":"SMITH"},{"data":"Defragment","floor":28,"key":"SMITH"},{"floor":32,"key":"REST"},{"data":"Echo Form","floor":40,"key":"SMITH"},{"data":"Machine Learning","floor":42,"key":"SMITH"},{"data":"Creative AI","floor":44,"key":"SMITH"},{"data":"Redo","floor":49,"key":"SMITH"}],"neow_cost":"NONE","seed_source_timestamp":272686299746777,"circlet_count":0,"master_deck":["Strike_B","Zap","Dualcast","Glacier","Defragment+1","Glacier","Skim","Chill+1","Redo+1","Conserve Battery","Defragment+1","Melter","FTL","FTL","All For One","Streamline+1","Fission","Amplify","Loop","BootSequence+1","Aggregate+1","Barrage+1","Machine Learning+1","Capacitor+1","Echo Form+1","Hologram+1","Blizzard","Undo+1","Glacier","Creative AI+1","BootSequence","Redo+1","Streamline"],"relics":["Cracked Core","DollysMirror","Bag of Preparation","Blood Vial","Omamori","Art of War","Empty Cage","Tiny Chest","Bottled Tornado","Incense Burner","The Courier","Necronomicon","Tiny House","Pen Nib","Sundial"],"potions_floor_usage":[7,7,24,29,29,33,38,41,41,50,50,50],"damage_taken":[{"damage":2,"enemies":"2 Louse","floor":1,"turns":2},{"damage":3,"enemies":"Small Slimes","floor":2,"turns":4},{"damage":0,"enemies":"Cultist","floor":5,"turns":6},{"damage":12,"enemies":"Gremlin Nob","floor":7,"turns":5},{"damage":1,"enemies":"2 Fungi Beasts","floor":8,"turns":5},{"damage":7,"enemies":"3 Sentries","floor":11,"turns":17},{"damage":0,"enemies":"Exordium Wildlife","floor":13,"turns":5},{"damage":0,"enemies":"Large Slime","floor":14,"turns":10},{"damage":8,"enemies":"Slime Boss","floor":16,"turns":13},{"damage":0,"enemies":"3 Byrds","floor":18,"turns":8},{"damage":0,"enemies":"Spheric Guardian","floor":23,"turns":3},{"damage":26,"enemies":"Slavers","floor":24,"turns":7},{"damage":0,"enemies":"Book of Stabbing","floor":27,"turns":8},{"damage":19,"enemies":"Slavers","floor":29,"turns":8},{"damage":0,"enemies":"Centurion and Healer","floor":31,"turns":5},{"damage":0,"enemies":"Champ","floor":33,"turns":11},{"damage":0,"enemies":"Orb Walker","floor":35,"turns":4},{"damage":2,"enemies":"3 Darklings","floor":37,"turns":5},{"damage":7,"enemies":"Maw","floor":38,"turns":12},{"damage":1,"enemies":"Reptomancer","floor":41,"turns":10},{"damage":5,"enemies":"Spire Growth","floor":46,"turns":7},{"damage":8,"enemies":"4 Shapes","floor":47,"turns":7},{"damage":0,"enemies":"Sphere and 2 Shapes","floor":48,"turns":8},{"damage":28,"enemies":"Awakened One","floor":50,"turns":18}],"seed_played":"-8147012701617810154","potions_obtained":[{"floor":2,"key":"SteroidPotion"},{"floor":5,"key":"SteroidPotion"},{"floor":14,"key":"Swift Potion"},{"floor":18,"key":"SteroidPotion"},{"floor":27,"key":"Explosive Potion"},{"floor":29,"key":"Regen Potion"},{"floor":33,"key":"Swift Potion"},{"floor":34,"key":"Energy Potion"},{"floor":38,"key":"Block Potion"},{"floor":41,"key":"EssenceOfSteel"}],"is_trial":false,"path_per_floor":["M","M","$","?","M","R","E","M","T","?","E","$","M","M","R","B",null,"M","?","?","$","?","M","E","?","T","E","R","E","?","M","R","B",null,"M","$","M","M","?","R","E","R","T","R","$","M","M","M","R","B",null],"character_chosen":"DEFECT","items_purchased":["DollysMirror","Defragment","Melter","Loop","Blizzard","FocusPotion","BootSequence","FocusPotion","Regen Potion"],"campfire_rested":1,"item_purchase_floors":[3,12,12,21,36,36,45,45,45],"current_hp_per_floor":[73,70,70,67,67,67,55,56,56,56,51,51,53,55,55,49,75,75,75,75,75,75,75,49,49,49,51,51,34,18,20,42,59,80,80,80,78,73,73,73,74,74,74,74,74,71,65,67,67,56],"gold":86,"neow_bonus":"HUNDRED_GOLD","is_prod":false,"is_daily":false,"chose_seed":false,"campfire_upgraded":7,"win_rate":0.0,"timestamp":1549491764,"path_taken":["M","M","$","?","M","R","E","M","T","?","E","$","M","M","R","BOSS","M","?","?","?","?","M","E","?","T","E","R","E","?","M","R","BOSS","M","$","M","M","?","R","E","R","T","R","$","?","M","M","R","BOSS"],"build_version":"2019-01-23","purchased_purges":2,"victory":true,"max_hp_per_floor":[75,75,75,75,75,75,75,75,75,75,75,75,75,75,75,75,75,75,75,75,75,75,75,75,75,75,75,75,75,75,75,75,75,80,80,80,80,80,80,80,80,80,80,80,80,80,80,80,80,80],"card_choices":[{"not_picked":["Beam Cell","Barrage"],"picked":"Glacier","floor":1},{"not_picked":["Conserve Battery","Ball Lightning"],"picked":"Defragment","floor":2},{"not_picked":["Multi-Cast","Undo"],"picked":"Skim","floor":5},{"not_picked":["FTL","Ball Lightning"],"picked":"Chill","floor":7},{"not_picked":["Fusion","Steam"],"picked":"Redo","floor":8},{"not_picked":["Steam Power","Consume"],"picked":"Conserve Battery","floor":11},{"not_picked":["Redo","Consume"],"picked":"FTL","floor":13},{"not_picked":["Buffer","Self Repair"],"picked":"FTL","floor":14},{"not_picked":["Multi-Cast","Amplify"],"picked":"All For One","floor":16},{"not_picked":["Genetic Algorithm","Reinforced Body"],"picked":"Streamline+1","floor":18},{"not_picked":["Steam","Go for the Eyes+1"],"picked":"BootSequence+1","floor":23},{"not_picked":["Scrape","Compile Driver"],"picked":"Aggregate+1","floor":24},{"not_picked":["Conserve Battery","Chaos+1"],"picked":"Barrage+1","floor":27},{"not_picked":["Steam","Go for the Eyes"],"picked":"Machine Learning","floor":29},{"not_picked":["Stack","Go for the Eyes+1"],"picked":"Capacitor+1","floor":31},{"not_picked":["Biased Cognition","Thunder Strike"],"picked":"Echo Form","floor":33},{"not_picked":["Gash","Self Repair"],"picked":"Hologram+1","floor":34},{"not_picked":["Static Discharge","Ball Lightning","Leap"],"picked":"SKIP","floor":35},{"not_picked":["Beam Cell+1","Leap+1","Steam"],"picked":"SKIP","floor":37},{"not_picked":["Ball Lightning","Coolheaded"],"picked":"Undo+1","floor":38},{"not_picked":["Heatsinks","Fusion"],"picked":"Creative AI","floor":41},{"not_picked":["Reprogram+1","Lockon"],"picked":"Redo","floor":46},{"not_picked":["Barrage+1","White Noise","Hello World"],"picked":"SKIP","floor":47},{"not_picked":["Force Field","Double Energy"],"picked":"Streamline","floor":48}],"player_experience":42632,"relics_obtained":[{"floor":7,"key":"Blood Vial"},{"floor":9,"key":"Omamori"},{"floor":11,"key":"Art of War"},{"floor":24,"key":"Tiny Chest"},{"floor":26,"key":"Bottled Tornado"},{"floor":27,"key":"Incense Burner"},{"floor":29,"key":"The Courier"},{"floor":30,"key":"Necronomicon"},{"floor":41,"key":"Pen Nib"},{"floor":43,"key":"Sundial"}],"event_choices":[{"damage_healed":0,"gold_gain":0,"player_choice":"Success","damage_taken":3,"relics_obtained":["Bag of Preparation"],"max_hp_gain":0,"max_hp_loss":0,"event_name":"Scrap Ooze","floor":4,"gold_loss":0},{"damage_healed":0,"gold_gain":0,"player_choice":"Ignored","damage_taken":0,"max_hp_gain":0,"max_hp_loss":0,"event_name":"WeMeetAgain","floor":10,"gold_loss":0},{"cards_removed":["Defend_B"],"damage_healed":0,"gold_gain":0,"player_choice":"Elegance","damage_taken":0,"max_hp_gain":0,"max_hp_loss":0,"event_name":"Back to Basics","floor":19,"gold_loss":0},{"damage_healed":0,"gold_gain":0,"cards_transformed":["Defend_B","Defend_B"],"player_choice":"Became Test Subject","damage_taken":0,"max_hp_gain":0,"max_hp_loss":0,"event_name":"Drug Dealer","floor":20,"gold_loss":0,"cards_obtained":["Fission","Amplify"]},{"damage_healed":0,"gold_gain":0,"player_choice":"Ignored","damage_taken":0,"max_hp_gain":0,"max_hp_loss":0,"event_name":"Ghosts","floor":22,"gold_loss":0},{"damage_healed":0,"gold_gain":0,"player_choice":"Smashed Altar","damage_taken":0,"max_hp_gain":0,"max_hp_loss":0,"event_name":"Forgotten Altar","floor":25,"gold_loss":0,"cards_obtained":["Decay"]},{"damage_healed":0,"gold_gain":0,"player_choice":"Obtained Book","damage_taken":16,"max_hp_gain":0,"max_hp_loss":0,"event_name":"Cursed Tome","floor":30,"gold_loss":0},{"damage_healed":0,"gold_gain":0,"player_choice":"Copied","damage_taken":0,"max_hp_gain":0,"max_hp_loss":0,"event_name":"Duplicator","floor":39,"gold_loss":0,"cards_obtained":["Glacier"]}],"is_beta":false,"boss_relics":[{"not_picked":["Runic Dome","Coffee Dripper"],"picked":"Empty Cage"},{"not_picked":["Fusion Hammer","FrozenCore"],"picked":"Tiny House"}],"items_purged_floors":[36,45],"is_endless":false,"potions_floor_spawned":[2,5,14,18,27,29,33,37,38,41,46],"ascension_level":0}