{"gold_per_floor":[111,111,129,129,18,18,47,47,47,47,47,47,85,103,103,196,259,278,203,227,207,227,227,227],"floor_reached":24,"playtime":1128,"items_purged":["Strike_B"],"score":431,"play_id":"27f561ef-f1c7-4f4f-bac3-69e1a8944a18","local_time":"20181221082929","is_ascension_mode":true,"campfire_choices":[{"data":"Zap","floor":6,"key":"SMITH"},{"data":"Coolheaded","floor":8,"key":"SMITH"},{"data":"Dualcast","floor":10,"key":"SMITH"},{"data":"Cold Snap","floor":12,"key":"SMITH"},{"floor":15,"key":"REST"},{"floor":23,"key":"REST"}],"neow_cost":"NONE","seed_source_timestamp":1078388945362,"circlet_count":0,"master_deck":["AscendersBane","Strike_B","Strike_B","Strike_B","Defend_B","Defend_B","Defend_B","Defend_B+1","Zap+1","Dualcast+1","Conserve Battery","Loop+1","Coolheaded+1","Conserve Battery","Cold Snap+1","Glacier","Ball Lightning","Buffer+1","Coolheaded","Melter","White Noise","Hologram"],"relics":["Cracked Core","NeowsBlessing","WingedGreaves","Frozen Egg 2","Unceasing Top","Golden Idol","Bag of Preparation","Tiny House"],"potions_floor_usage":[16],"damage_taken":[{"damage":0,"enemies":"Small Slimes","floor":1,"turns":1},{"damage":0,"enemies":"2 Louse","floor":3,"turns":1},{"damage":0,"enemies":"Gremlin Nob","floor":7,"turns":1},{"damage":17,"enemies":"3 Sentries","floor":13,"turns":8},{"damage":0,"enemies":"Cultist","floor":14,"turns":4},{"damage":33,"enemies":"The Guardian","floor":16,"turns":18},{"damage":1,"enemies":"Spheric Guardian","floor":18,"turns":8},{"damage":5,"enemies":"Chosen","floor":20,"turns":7},{"damage":30,"enemies":"Shelled Parasite and Fungi","floor":22,"turns":9},{"damage":44,"enemies":"Gremlin Leader","floor":24,"turns":4}],"seed_played":"-8679050716766252058","potions_obtained":[{"floor":3,"key":"LiquidBronze"},{"floor":7,"key":"Energy Potion"},{"floor":16,"key":"Dexterity Potion"}],"is_trial":false,"path_per_floor":["M","?","M","?","$","R","E","R","T","R","?","R","E","M","R","B",null,"M","$","M","?","M","R","E"],"character_chosen":"DEFECT","items_purchased":["Coolheaded","Conserve Battery"],"campfire_rested":2,"item_purchase_floors":[5,5],"current_hp_per_floor":[64,46,46,46,46,46,46,46,46,46,46,46,29,29,48,15,57,56,56,51,51,21,41,0],"gold":227,"neow_bonus":"THREE_ENEMY_KILL","is_prod":false,"is_daily":false,"chose_seed":false,"campfire_upgraded":4,"win_rate":0,"timestamp":1545409769,"path_taken":["M","?","M","?","$","R","E","R","T","R","?","R","E","M","R","BOSS","M","$","M","?","M","R","E"],"build_version":"2018-12-20","purchased_purges":1,"victory":false,"max_hp_per_floor":[71,71,71,71,71,71,71,71,71,71,64,64,64,64,64,64,69,69,69,69,69,69,69,69],"card_choices":[{"not_picked":["Beam Cell","Go for the Eyes"],"picked":"Conserve Battery","floor":1},{"not_picked":["Leap","Turbo"],"picked":"Loop","floor":3},{"not_picked":["Hello World","Loop"],"picked":"Cold Snap","floor":7},{"not_picked":["Sweeping Beam","Steam Power"],"picked":"Glacier","floor":13},{"not_picked":["Cold Snap","Machine Learning+1"],"picked":"Ball Lightning","floor":14},{"not_picked":["Reboot","Meteor Strike"],"picked":"Buffer+1","floor":16},{"not_picked":["Genetic Algorithm","Consume"],"picked":"Coolheaded","floor":17},{"not_picked":["Aggregate","Consume"],"picked":"Melter","floor":18},{"not_picked":["Go for the Eyes","Beam Cell"],"picked":"White Noise","floor":20},{"not_picked":["Scrape","Compile Driver"],"picked":"Hologram","floor":22}],"player_experience":1595547,"relics_obtained":[{"floor":7,"key":"Frozen Egg 2"},{"floor":9,"key":"Unceasing Top"},{"floor":13,"key":"Bag of Preparation"}],"event_choices":[{"damage_healed":0,"gold_gain":0,"player_choice":"Success","damage_taken":18,"relics_obtained":["WingedGreaves"],"max_hp_gain":0,"max_hp_loss":0,"event_name":"Scrap Ooze","floor":2,"gold_loss":0},{"damage_healed":0,"gold_gain":0,"player_choice":"Grow","damage_taken":0,"max_hp_gain":0,"max_hp_loss":0,"event_name":"Living Wall","floor":4,"gold_loss":0,"cards_upgraded":["Loop"]},{"damage_healed":0,"gold_gain":0,"player_choice":"Lose Max HP","damage_taken":0,"relics_obtained":["Golden Idol"],"max_hp_gain":0,"max_hp_loss":7,"event_name":"Golden Idol","floor":11,"gold_loss":0},{"damage_healed":0,"gold_gain":0,"player_choice":"Bought 1 Potion","damage_taken":0,"max_hp_gain":0,"max_hp_loss":0,"event_name":"The Woman in Blue","floor":21,"gold_loss":0}],"is_beta":false,"boss_relics":[{"not_picked":["Philosopher\u0027s Stone","Lizard Tail"],"picked":"Tiny House"}],"items_purged_floors":[19],"is_endless":false,"potions_floor_spawned":[3,7,16,18],"killed_by":"Gremlin Leader","ascension_level":18}