{"path_per_floor":["M","M","$","M","$","R","M","R","T","?","M","M","R","?","R","B",null,"M","M","$","?","M","R","M","R","T","M","$","M","M","M","R","B",null,"M","?","M","M","?","R","M","R","T","M","M","M","R","?","R"],"character_chosen":"THE_SILENT","items_purchased":["Footwork","Apotheosis","Accuracy","Noxious Fumes"],"gold_per_floor":[110,124,124,138,68,68,85,85,85,85,97,115,115,115,115,216,216,227,246,30,30,46,46,63,63,63,74,6,6,23,38,38,139,139,159,159,178,194,194,194,206,206,232,248,267,280,280,280,280,280],"floor_reached":50,"campfire_rested":4,"playtime":9271,"item_purchase_floors":[],"current_hp_per_floor":[63,63,63,62,62,62,61,61,61,61,50,50,50,50,50,44,64,57,44,44,44,38,38,31,52,52,51,51,51,35,29,50,31,60,43,43,41,31,49,49,35,56,63,60,32,3,26,67,67,0],"items_purged":[],"gold":280,"score":688,"play_id":"424945f9-3621-4e4b-9691-b946a69be1d4","local_time":"20180529115708","is_prod":false,"is_daily":false,"chose_seed":false,"is_ascension_mode":true,"campfire_upgraded":7,"win_rate":0,"timestamp":1527620228,"campfire_choices":[{"data":"Cloak And Dagger","floor":6.0,"key":"SMITH"},{"data":"Footwork","floor":8.0,"key":"SMITH"},{"data":"Dagger Spray","floor":13.0,"key":"SMITH"},{"data":"Backflip","floor":15.0,"key":"SMITH"},{"data":"Apotheosis","floor":23.0,"key":"SMITH"},{"floor":25.0,"key":"REST"},{"floor":32.0,"key":"REST"},{"data":"Noxious Fumes","floor":40.0,"key":"SMITH"},{"floor":42.0,"key":"REST"},{"floor":47,"key":"REST"},{"data":"Bouncing Flask","floor":49,"key":"SMITH"}],"path_taken":["M","M","?","M","$","R","M","R","T","?","M","M","R","?","R","BOSS","M","M","$","?","?","R","?","R","T","M","?","M","M","M","R","BOSS","M","?","M","M","?","R","?","R","T","M","M","M","R","?","R","BOSS"],"build_version":"2018-05-24","seed_source_timestamp":0,"purchased_purges":0,"victory":false,"master_deck":["Defend_G","Defend_G","Defend_G","Defend_G","Defend_G","Strike_G","Strike_G","Strike_G","Survivor","Neutralize+1","AscendersBane","Backflip+1","Cloak And Dagger+1","Well Laid Plans","Footwork+1","Dagger Spray+1","Infinite Blades","Venomology","Deflect+1","Apotheosis+1","Accuracy","Skewer+1","Noxious Fumes+1","Cloak And Dagger","Cloak And Dagger","Backstab","Dash","Slice","Catalyst+1","Writhe","Bouncing Flask+1","Cloak And Dagger+1","Prepared+1"],"max_hp_per_floor":[70,70,70,70,70,70,70,70,70,70,70,70,70,70,70,70,70,70,70,70,70,70,70,70,70,70,70,70,70,70,70,70,70,70,70,70,70,70,70,70,70,70,77,77,77,77,77,67,67,67],"relics":["Ring of the Snake","Matryoshka","Kunai","Lizard Tail","Bronze Scales","Tough Bandages","Orrery","Ancient Tea Set","Strawberry"],"card_choices":[{"not_picked":["Prepared","Acrobatics"],"picked":"Backflip","floor":1.0},{"not_picked":["Dagger Throw","Deadly Poison"],"picked":"Cloak And Dagger","floor":2.0},{"not_picked":["Dodge and Roll","Terror"],"picked":"Well Laid Plans","floor":4.0},{"not_picked":["Dodge and Roll","Flying Knee","Endless Agony"],"picked":"SKIP","floor":7.0},{"not_picked":["Deadly Poison","PiercingWail"],"picked":"Dagger Spray","floor":11.0},{"not_picked":["Slice","Skewer"],"picked":"Infinite Blades","floor":12.0},{"not_picked":["Grand Finale","Doppelganger"],"picked":"Venomology","floor":16.0},{"not_picked":["PiercingWail","Distraction+1"],"picked":"Deflect+1","floor":18.0},{"not_picked":["Outmaneuver","Prepared","Terror"],"picked":"SKIP","floor":19.0},{"not_picked":["Footwork","Sucker Punch","Dagger Spray"],"picked":"SKIP","floor":22.0},{"not_picked":["Quick Slash","Underhanded Strike","Catalyst+1"],"picked":"SKIP","floor":24.0},{"not_picked":["Sucker Punch","Expertise"],"picked":"Skewer+1","floor":27.0},{"not_picked":["Blade Dance","PiercingWail"],"picked":"Cloak And Dagger","floor":30.0},{"not_picked":["Slice","Skewer"],"picked":"Cloak And Dagger","floor":31.0},{"not_picked":["Cloak And Dagger","Sucker Punch"],"picked":"Backstab","floor":34.0},{"not_picked":["Acrobatics","Dodge and Roll+1"],"picked":"Dash","floor":34.0},{"not_picked":["Flying Knee","Quick Slash"],"picked":"Slice","floor":34.0},{"not_picked":["Dagger Throw+1","Dodge and Roll+1"],"picked":"Catalyst+1","floor":35.0},{"not_picked":["Outmaneuver+1","Deadly Poison","Quick Slash+1"],"picked":"SKIP","floor":37.0},{"not_picked":["Doppelganger","Infinite Blades+1","Choke"],"picked":"SKIP","floor":38.0},{"not_picked":["Poisoned Stab","Reflex"],"picked":"Bouncing Flask","floor":41.0},{"not_picked":["Dagger Spray+1","Terror","Flying Knee"],"picked":"SKIP","floor":44.0},{"not_picked":["Dash","Dodge and Roll"],"picked":"Cloak And Dagger+1","floor":45.0},{"not_picked":["Acrobatics","Bane"],"picked":"Prepared+1","floor":46}],"player_experience":711940,"potions_floor_usage":[46,46,50,50,50],"damage_taken":[{"damage":0.0,"enemies":"Cultist","floor":1.0,"turns":5.0},{"damage":0.0,"enemies":"Small Slimes","floor":2.0,"turns":5.0},{"damage":1.0,"enemies":"2 Louse","floor":4.0,"turns":4.0},{"damage":1.0,"enemies":"Looter","floor":7.0,"turns":4.0},{"damage":11.0,"enemies":"Gremlin Gang","floor":11.0,"turns":8.0},{"damage":0.0,"enemies":"Large Slime","floor":12.0,"turns":6.0},{"damage":6.0,"enemies":"The Guardian","floor":16.0,"turns":16.0},{"damage":7.0,"enemies":"Spheric Guardian","floor":18.0,"turns":10.0},{"damage":13.0,"enemies":"3 Byrds","floor":19.0,"turns":4.0},{"damage":6.0,"enemies":"Snecko","floor":22.0,"turns":11.0},{"damage":7.0,"enemies":"Snake Plant","floor":24.0,"turns":9.0},{"damage":1.0,"enemies":"Centurion and Healer","floor":27.0,"turns":9.0},{"damage":0.0,"enemies":"Snecko","floor":29.0,"turns":1.0},{"damage":16.0,"enemies":"Snake Plant","floor":30.0,"turns":6.0},{"damage":6.0,"enemies":"Sentry and Sphere","floor":31.0,"turns":6.0},{"damage":19.0,"enemies":"Champ","floor":33.0,"turns":13.0},{"damage":17.0,"enemies":"3 Shapes","floor":35.0,"turns":6.0},{"damage":2.0,"enemies":"Orb Walker","floor":37.0,"turns":4.0},{"damage":10.0,"enemies":"3 Darklings","floor":38.0,"turns":7.0},{"damage":14.0,"enemies":"Sphere and 2 Shapes","floor":41.0,"turns":7.0},{"damage":3.0,"enemies":"4 Shapes","floor":44.0,"turns":6.0},{"damage":28.0,"enemies":"3 Darklings","floor":45.0,"turns":5.0},{"damage":29,"enemies":"Sphere and 2 Shapes","floor":46,"turns":9},{"damage":105,"enemies":"Donu and Deca","floor":50,"turns":8}],"relics_obtained":[{"floor":9.0,"key":"Matryoshka"},{"floor":26.0,"key":"Bronze Scales"},{"floor":26.0,"key":"Tough Bandages"},{"floor":43.0,"key":"Ancient Tea Set"},{"floor":43.0,"key":"Strawberry"}],"event_choices":[{"event_name":"Purifier","player_choice":"One Purge","floor":10.0,"damage_taken":0.0},{"event_name":"Dead Adventurer","player_choice":"Searched \u00271\u0027 times","floor":14.0,"damage_taken":0.0},{"event_name":"Ghosts","player_choice":"Ignored","floor":21.0,"damage_taken":0.0},{"event_name":"Bonfire Elementals","player_choice":"BASIC","floor":36.0,"damage_taken":0.0},{"event_name":"Winding Halls","player_choice":"Writhe","floor":39.0,"damage_taken":0.0},{"event_name":"The Moai Head","player_choice":"Heal","floor":48,"damage_taken":0}],"boss_relics":[],"items_purged_floors":[],"potions_floor_spawned":[11,16,24,27,31,35,41,44,46],"seed_played":"-8320712517858196712","killed_by":"Donu and Deca","ascension_level":10,"potions_obtained":[{"floor":11.0,"key":"GhostInAJar"},{"floor":16.0,"key":"LiquidBronze"},{"floor":24.0,"key":"Weak Potion"},{"floor":27.0,"key":"SteroidPotion"},{"floor":31.0,"key":"EssenceOfSteel"},{"floor":35.0,"key":"Weak Potion"},{"floor":41.0,"key":"EssenceOfSteel"},{"floor":46,"key":"EssenceOfSteel"}],"is_trial":false}