{"gold_per_floor":[117,128,147,159,11,11,45,45,45,45,55,83,97,97,97,200,200,215,227,207,217,231,262,262,289,313,313,332,332,20,40,40,145,145,157,82,82,82,94,94,94,94],"floor_reached":42,"playtime":2568,"items_purged":["Strike_B"],"score":710,"play_id":"98b32386-13a9-4ea6-bd12-c198525fceac","local_time":"20190116172103","is_ascension_mode":true,"campfire_choices":[{"data":"Sunder","floor":6,"key":"SMITH"},{"floor":8,"key":"REST"},{"floor":10,"key":"REST"},{"data":"Streamline","floor":15,"key":"SMITH"},{"floor":24,"key":"REST"},{"floor":29,"key":"REST"},{"data":"Reboot","floor":32,"key":"SMITH"},{"floor":40,"key":"RECALL"}],"neow_cost":"NONE","seed_source_timestamp":152348256185683,"circlet_count":0,"master_deck":["AscendersBane","Strike_B","Strike_B","Defend_B","Defend_B","Defend_B","Defend_B","Zap","Dualcast","Sunder+1","Leap","Defragment","Hologram","Cold Snap","Steam","Streamline+1","Capacitor","Reboot+1","Hello World","Beam Cell","Defragment+1","Conserve Battery+1","Loop+1","Storm+1","Static Discharge+1","Electrodynamics+1","Compile Driver+1"],"relics":["Cracked Core","NeowsBlessing","Anchor","Pocketwatch","Torii","Gremlin Horn","Ancient Tea Set","Runic Pyramid","Du-Vu Doll","Bronze Scales","Bag of Marbles","Pantograph","Inserter"],"potions_floor_usage":[12,21,23,25,33,42,42],"damage_taken":[{"damage":0,"enemies":"Cultist","floor":1,"turns":1},{"damage":0,"enemies":"Small Slimes","floor":2,"turns":1},{"damage":0,"enemies":"Jaw Worm","floor":3,"turns":1},{"damage":24,"enemies":"Exordium Thugs","floor":4,"turns":6},{"damage":33,"enemies":"Lagavulin","floor":7,"turns":6},{"damage":0,"enemies":"Red Slaver","floor":11,"turns":4},{"damage":0,"enemies":"Gremlin Nob","floor":12,"turns":3},{"damage":0,"enemies":"3 Louse","floor":13,"turns":3},{"damage":1,"enemies":"Slime Boss","floor":16,"turns":10},{"damage":13,"enemies":"2 Thieves","floor":18,"turns":3},{"damage":1,"enemies":"Chosen","floor":19,"turns":5},{"damage":0,"enemies":"Centurion and Healer","floor":21,"turns":5},{"damage":1,"enemies":"Chosen and Byrds","floor":22,"turns":6},{"damage":21,"enemies":"Gremlin Leader","floor":23,"turns":7},{"damage":14,"enemies":"Book of Stabbing","floor":25,"turns":9},{"damage":16,"enemies":"Snake Plant","floor":28,"turns":5},{"damage":1,"enemies":"Centurion and Healer","floor":31,"turns":4},{"damage":30,"enemies":"Collector","floor":33,"turns":8},{"damage":11,"enemies":"Orb Walker","floor":35,"turns":3},{"damage":1,"enemies":"3 Shapes","floor":39,"turns":2},{"damage":108,"enemies":"Giant Head","floor":42,"turns":7}],"seed_played":"-6082531294100593317","potions_obtained":[{"floor":1,"key":"SneckoOil"},{"floor":11,"key":"Weak Potion"},{"floor":13,"key":"Dexterity Potion"},{"floor":18,"key":"AttackPotion"},{"floor":22,"key":"SpeedPotion"},{"floor":23,"key":"FairyPotion"},{"floor":35,"key":"Strength Potion"}],"is_trial":false,"path_per_floor":["M","M","M","M","$","R","E","R","T","R","M","E","M","?","R","B",null,"M","M","?","M","M","E","R","E","T","?","M","R","$","M","R","B",null,"M","$","?","?","M","R","$","E"],"character_chosen":"DEFECT","items_purchased":["Anchor","Pantograph","AttackPotion"],"campfire_rested":4,"item_purchase_floors":[5,30,30],"current_hp_per_floor":[68,68,68,44,44,44,11,33,33,55,55,55,55,43,43,42,67,54,53,53,53,52,31,53,39,39,39,23,45,45,44,44,39,66,55,55,55,55,54,54,54,0],"gold":94,"neow_bonus":"THREE_ENEMY_KILL","is_prod":false,"is_daily":false,"chose_seed":false,"campfire_upgraded":3,"win_rate":0,"timestamp":1547677263,"path_taken":["M","M","M","M","$","R","E","R","T","R","M","E","M","?","R","BOSS","M","M","?","M","?","E","R","E","T","?","M","R","$","M","R","BOSS","M","$","?","?","?","R","?","E"],"build_version":"2019-01-10","purchased_purges":1,"victory":false,"max_hp_per_floor":[75,75,75,75,75,75,75,75,75,75,75,75,75,75,75,75,75,75,75,75,75,75,75,75,75,75,75,75,75,75,75,75,75,75,75,75,75,75,75,75,75,75],"card_choices":[{"not_picked":["Hello World","Coolheaded"],"picked":"Sunder","floor":1},{"not_picked":["Fusion","Streamline"],"picked":"Leap","floor":2},{"not_picked":["Gash","Hello World"],"picked":"Defragment","floor":3},{"not_picked":["Stack","Streamline"],"picked":"Hologram","floor":4},{"not_picked":["Stack","Loop"],"picked":"Cold Snap","floor":7},{"not_picked":["Genetic Algorithm","Redo"],"picked":"Steam","floor":11},{"not_picked":["Heatsinks","Storm"],"picked":"Streamline","floor":12},{"not_picked":["Go for the Eyes","Beam Cell"],"picked":"Capacitor","floor":13},{"not_picked":["Rainbow","Machine Learning"],"picked":"Reboot","floor":16},{"not_picked":["Genetic Algorithm","Leap"],"picked":"Hello World","floor":18},{"not_picked":["Double Energy","Streamline"],"picked":"Beam Cell","floor":19},{"not_picked":["Cold Snap","Aggregate+1"],"picked":"Defragment+1","floor":21},{"not_picked":["Barrage+1","Stack"],"picked":"Conserve Battery+1","floor":22},{"not_picked":["Darkness+1","Tempest"],"picked":"Loop","floor":23},{"not_picked":["Streamline","Redo","Turbo"],"picked":"SKIP","floor":25},{"not_picked":["Streamline+1","Sweeping Beam"],"picked":"Storm+1","floor":28},{"not_picked":["Tempest","Hello World"],"picked":"Static Discharge+1","floor":31},{"not_picked":["Meteor Strike","Reboot"],"picked":"Electrodynamics","floor":33},{"not_picked":["Hologram","Heatsinks"],"picked":"Compile Driver+1","floor":35},{"not_picked":["Coolheaded+1","Cold Snap+1","Sweeping Beam+1"],"picked":"SKIP","floor":39}],"player_experience":502824,"relics_obtained":[{"floor":7,"key":"Pocketwatch"},{"floor":9,"key":"Torii"},{"floor":12,"key":"Gremlin Horn"},{"floor":23,"key":"Du-Vu Doll"},{"floor":25,"key":"Bronze Scales"},{"floor":26,"key":"Bag of Marbles"}],"event_choices":[{"damage_healed":0,"gold_gain":0,"player_choice":"Success","damage_taken":12,"relics_obtained":["Ancient Tea Set"],"max_hp_gain":0,"max_hp_loss":0,"event_name":"Scrap Ooze","floor":14,"gold_loss":0},{"damage_healed":0,"gold_gain":0,"player_choice":"Bought 1 Potion","damage_taken":0,"max_hp_gain":0,"max_hp_loss":0,"event_name":"The Woman in Blue","floor":20,"gold_loss":0},{"damage_healed":0,"gold_gain":0,"player_choice":"Upgraded","damage_taken":0,"max_hp_gain":0,"max_hp_loss":0,"event_name":"Upgrade Shrine","floor":27,"gold_loss":0,"cards_upgraded":["Loop"]},{"cards_removed":["Strike_B"],"damage_healed":0,"gold_gain":0,"player_choice":"Removed Attack","damage_taken":0,"max_hp_gain":0,"max_hp_loss":0,"event_name":"Falling","floor":37,"gold_loss":0},{"damage_healed":0,"gold_gain":0,"player_choice":"Upgraded","damage_taken":0,"max_hp_gain":0,"max_hp_loss":0,"event_name":"Upgrade Shrine","floor":38,"gold_loss":0,"cards_upgraded":["Electrodynamics"]}],"is_beta":false,"boss_relics":[{"not_picked":["Velvet Choker","Orrery"],"picked":"Runic Pyramid"},{"not_picked":["Sozu","Fusion Hammer"],"picked":"Inserter"}],"items_purged_floors":[36],"is_endless":false,"potions_floor_spawned":[1,11,13,18,22,23,31,35],"killed_by":"Giant Head","ascension_level":10}