{"gold_per_floor":[13,74,74,84,102,128,128,141,141,175,190,190,190],"floor_reached":13,"playtime":287,"items_purged":[],"score":190,"play_id":"a426945b-cad7-42db-b95e-da1bef53294d","local_time":"20190128213507","is_ascension_mode":true,"campfire_choices":[{"floor":7,"key":"REST"},{"floor":12,"key":"REST"}],"neow_cost":"NO_GOLD","seed_source_timestamp":470254265777007,"circlet_count":0,"master_deck":["AscendersBane","Strike_R","Strike_R","Strike_R","Strike_R","Strike_R","Defend_R","Defend_R","Defend_R","Defend_R","Bash","Immolate","Disarm","Iron Wave","Anger","Sentinel","Feed","True Grit","Pommel Strike"],"relics":["Burning Blood","Kunai","Blood Vial","Ancient Tea Set","Bird Faced Urn"],"potions_floor_usage":[10,11],"damage_taken":[{"damage":0,"enemies":"2 Louse","floor":1,"turns":1},{"damage":12,"enemies":"Jaw Worm","floor":4,"turns":2},{"damage":9,"enemies":"Small Slimes","floor":5,"turns":2},{"damage":34,"enemies":"Gremlin Nob","floor":6,"turns":4},{"damage":28,"enemies":"Gremlin Gang","floor":8,"turns":3},{"damage":37,"enemies":"3 Sentries","floor":10,"turns":7},{"damage":27,"enemies":"Exordium Thugs","floor":11,"turns":4},{"damage":39,"enemies":"Lagavulin","floor":13,"turns":6}],"seed_played":"1035256363550088306","potions_obtained":[{"floor":1,"key":"BloodPotion"},{"floor":8,"key":"Regen Potion"}],"is_trial":false,"path_per_floor":["M","?","T","M","M","E","R","M","T","E","M","R","E"],"character_chosen":"IRONCLAD","items_purchased":[],"campfire_rested":2,"item_purchase_floors":[],"current_hp_per_floor":[74,74,74,68,65,37,59,39,39,25,13,35,0],"gold":190,"neow_bonus":"THREE_RARE_CARDS","is_prod":false,"is_daily":false,"chose_seed":false,"campfire_upgraded":0,"win_rate":0,"timestamp":1548736507,"path_taken":["M","?","?","M","M","E","R","M","T","E","M","R","E"],"build_version":"2019-01-23","purchased_purges":0,"victory":false,"max_hp_per_floor":[75,75,75,75,75,75,75,75,75,75,75,75,75],"card_choices":[{"not_picked":["Exhume","Bludgeon"],"picked":"Immolate","floor":0},{"not_picked":["Perfected Strike","Clash"],"picked":"Disarm","floor":1},{"not_picked":["Body Slam","Reckless Charge"],"picked":"Iron Wave","floor":4},{"not_picked":["Thunderclap","Hemokinesis"],"picked":"Anger","floor":5},{"not_picked":["Headbutt","Twin Strike"],"picked":"Sentinel","floor":6},{"not_picked":["Bloodletting","Sword Boomerang"],"picked":"Feed","floor":8},{"not_picked":["Dropkick","Power Through"],"picked":"True Grit","floor":10},{"not_picked":["Dropkick","Burning Pact"],"picked":"Pommel Strike","floor":11}],"player_experience":752313,"relics_obtained":[{"floor":3,"key":"Kunai"},{"floor":6,"key":"Blood Vial"},{"floor":9,"key":"Ancient Tea Set"},{"floor":10,"key":"Bird Faced Urn"}],"event_choices":[{"damage_healed":0,"gold_gain":61,"player_choice":"Gained Gold","damage_taken":0,"max_hp_gain":0,"max_hp_loss":0,"event_name":"Golden Wing","floor":2,"gold_loss":0}],"is_beta":false,"boss_relics":[],"items_purged_floors":[],"is_endless":false,"potions_floor_spawned":[1,8],"killed_by":"Lagavulin","ascension_level":20}