{"gold_per_floor":[117,130,48,48,64,97,97,122,214,226,257,269,297,319,331,418,430,430,430,28,28,28,28,28,28,28,28,28,28,28,28,28,28,28,28,28,28,28,28,28,28,28,28,28,28,28,0,0,0,0],"floor_reached":50,"playtime":2941,"items_purged":["Strike_B"],"score":814,"play_id":"34841a0f-26d1-4926-af95-d67d19044bb7","local_time":"20181108104410","is_ascension_mode":true,"campfire_choices":[{"floor":7.0,"key":"REST"},{"data":"Coolheaded","floor":12.0,"key":"SMITH"},{"data":"Go for the Eyes","floor":15.0,"key":"SMITH"},{"floor":23.0,"key":"REST"},{"data":"Coolheaded","floor":25.0,"key":"SMITH"},{"data":"Dualcast","floor":28.0,"key":"SMITH"},{"floor":32.0,"key":"REST"},{"floor":40.0,"key":"REST"},{"floor":42.0,"key":"REST"},{"data":"Biased Cognition","floor":44.0,"key":"SMITH"},{"data":"Hologram","floor":46.0,"key":"SMITH"},{"floor":49.0,"key":"REST"}],"neow_cost":"NONE","seed_source_timestamp":0,"circlet_count":0,"master_deck":["AscendersBane","Strike_B","Strike_B","Defend_B","Defend_B","Defend_B","Defend_B","Zap+1","Dualcast+1","All For One","Hologram+1","Cold Snap","Gash","Beam Cell","Coolheaded+1","Chill","Go for the Eyes+1","Beam Cell","Electrodynamics","Steam","Echo Form","Ball Lightning","White Noise+1","Coolheaded+1","Conserve Battery","Force Field","Melter","Biased Cognition+1","Beam Cell+1","Ball Lightning+1","Stack"],"special_seed":0,"relics":["Cracked Core","Du-Vu Doll","MawBank","Darkstone Periapt","Ectoplasm","Ice Cream","Centennial Puzzle","Busted Crown","Bottled Flame","Red Mask"],"potions_floor_usage":[50,50],"damage_taken":[{"damage":7.0,"enemies":"Small Slimes","floor":1.0,"turns":3.0},{"damage":6.0,"enemies":"Cultist","floor":2.0,"turns":4.0},{"damage":2.0,"enemies":"Jaw Worm","floor":5.0,"turns":3.0},{"damage":19.0,"enemies":"Lagavulin","floor":6.0,"turns":6.0},{"damage":23.0,"enemies":"3 Sentries","floor":8.0,"turns":6.0},{"damage":0.0,"enemies":"3 Louse","floor":11.0,"turns":4.0},{"damage":5.0,"enemies":"Looter","floor":13.0,"turns":3.0},{"damage":4.0,"enemies":"Gremlin Gang","floor":14.0,"turns":4.0},{"damage":26.0,"enemies":"The Guardian","floor":16.0,"turns":10.0},{"damage":8.0,"enemies":"Chosen","floor":18.0,"turns":4.0},{"damage":21.0,"enemies":"Shell Parasite","floor":19.0,"turns":4.0},{"damage":0.0,"enemies":"Sentry and Sphere","floor":22.0,"turns":3.0},{"damage":10.0,"enemies":"Centurion and Healer","floor":24.0,"turns":4.0},{"damage":5.0,"enemies":"Snake Plant","floor":31.0,"turns":4.0},{"damage":34.0,"enemies":"Automaton","floor":33.0,"turns":10.0},{"damage":0.0,"enemies":"Orb Walker","floor":35.0,"turns":3.0},{"damage":7.0,"enemies":"3 Shapes","floor":36.0,"turns":3.0},{"damage":17.0,"enemies":"Sphere and 2 Shapes","floor":38.0,"turns":3.0},{"damage":28.0,"enemies":"Transient","floor":39.0,"turns":5.0},{"damage":14.0,"enemies":"Maw","floor":48.0,"turns":6.0},{"damage":56,"enemies":"Donu and Deca","floor":50,"turns":7}],"seed_played":"-1077367833449946575","potions_obtained":[{"floor":2.0,"key":"SkillPotion"},{"floor":11.0,"key":"Block Potion"},{"floor":18.0,"key":"Block Potion"},{"floor":38.0,"key":"EssenceOfSteel"},{"floor":48.0,"key":"Dexterity Potion"}],"is_trial":false,"path_per_floor":["M","M","$","?","M","E","R","E","T","?","M","R","M","M","R","B",null,"M","M","$","?","M","R","M","R","T","$","R","?","$","M","R","B",null,"M","M","?","M","M","R","?","R","T","R","$","R","?","M","R","B"],"character_chosen":"DEFECT","items_purchased":["Gash","Beam Cell","Ice Cream"],"campfire_rested":6,"item_purchase_floors":[3,3,20],"current_hp_per_floor":[57,51,51,51,49,30,51,28,28,51,51,51,46,42,42,16,57,49,28,28,28,28,49,39,39,39,39,39,39,39,34,55,21,59,59,52,52,35,7,27,27,47,47,47,47,47,47,33,53,0],"gold":0,"neow_bonus":"ONE_RANDOM_RARE_CARD","is_prod":false,"is_daily":false,"chose_seed":false,"campfire_upgraded":6,"win_rate":0,"timestamp":1541702650,"path_taken":["M","M","$","?","?","E","R","E","T","?","M","R","M","M","R","BOSS","M","M","$","?","M","R","M","R","T","$","R","?","$","M","R","BOSS","M","?","?","M","M","R","?","R","T","R","$","R","?","?","R","BOSS"],"build_version":"2018-11-01","purchased_purges":1,"victory":false,"max_hp_per_floor":[71,71,71,71,71,71,71,71,71,71,71,71,71,71,71,71,71,71,71,71,71,71,71,71,71,71,71,71,71,71,71,71,71,71,71,71,67,67,67,67,67,67,67,67,67,67,67,67,67,67],"card_choices":[{"not_picked":["Turbo","Reinforced Body"],"picked":"Hologram","floor":1.0},{"not_picked":["Darkness","Steam"],"picked":"Cold Snap","floor":2.0},{"not_picked":["Rebound","Beam Cell"],"picked":"Coolheaded","floor":5.0},{"not_picked":["Turbo","Rebound"],"picked":"Chill","floor":6.0},{"not_picked":["Turbo","Stack"],"picked":"Go for the Eyes","floor":8.0},{"not_picked":["Fusion","Cold Snap"],"picked":"Beam Cell","floor":11.0},{"not_picked":["Steam","Rebound"],"picked":"Electrodynamics","floor":13.0},{"not_picked":["Static Discharge","Barrage"],"picked":"Steam","floor":14.0},{"not_picked":["Electrodynamics","Machine Learning"],"picked":"Echo Form","floor":16.0},{"not_picked":["Gash","Self Repair"],"picked":"Ball Lightning","floor":18.0},{"not_picked":["Beam Cell","Conserve Battery"],"picked":"White Noise+1","floor":19.0},{"not_picked":["Streamline","Rebound"],"picked":"Coolheaded","floor":22.0},{"not_picked":["Leap","Scrape"],"picked":"Conserve Battery","floor":24.0},{"not_picked":["Leap+1","Steam"],"picked":"Melter","floor":31.0},{"not_picked":["Rainbow","Fission"],"picked":"Biased Cognition","floor":33.0},{"not_picked":[],"picked":"Beam Cell+1","floor":35.0},{"not_picked":["Turbo"],"picked":"SKIP","floor":36.0},{"not_picked":["Rebound"],"picked":"SKIP","floor":38.0},{"not_picked":[],"picked":"Ball Lightning+1","floor":39.0},{"not_picked":[],"picked":"Stack","floor":48.0}],"player_experience":1258582,"relics_obtained":[{"floor":6.0,"key":"Du-Vu Doll"},{"floor":8.0,"key":"MawBank"},{"floor":9.0,"key":"Darkstone Periapt"},{"floor":26.0,"key":"Centennial Puzzle"},{"floor":43.0,"key":"Bottled Flame"}],"event_choices":[{"damage_healed":0.0,"max_hp_gain":0.0,"max_hp_loss":0.0,"gold_gain":0.0,"event_name":"Accursed Blacksmith","player_choice":"Forge","floor":4.0,"gold_loss":0.0,"damage_taken":0.0,"cards_upgraded":["Zap"]},{"damage_healed":23.0,"max_hp_gain":0.0,"max_hp_loss":0.0,"gold_gain":0.0,"event_name":"Big Fish","player_choice":"Banana","floor":10.0,"gold_loss":0.0,"damage_taken":0.0},{"damage_healed":0.0,"max_hp_gain":0.0,"max_hp_loss":0.0,"gold_gain":0.0,"event_name":"The Mausoleum","player_choice":"Ignored","floor":21.0,"gold_loss":0.0,"damage_taken":0.0},{"damage_healed":0.0,"max_hp_gain":0.0,"max_hp_loss":0.0,"gold_gain":0.0,"cards_transformed":["Strike_B"],"event_name":"Transmorgrifier","player_choice":"Transformed","floor":29.0,"gold_loss":0.0,"damage_taken":0.0,"cards_obtained":["Force Field"]},{"damage_healed":0.0,"max_hp_gain":0.0,"max_hp_loss":4.0,"gold_gain":0.0,"event_name":"Winding Halls","player_choice":"Max HP","floor":37.0,"gold_loss":0.0,"damage_taken":0.0},{"damage_healed":0.0,"max_hp_gain":0.0,"max_hp_loss":0.0,"gold_gain":0.0,"event_name":"Mysterious Sphere","player_choice":"Ignored","floor":41.0,"gold_loss":0.0,"damage_taken":0.0},{"damage_healed":0.0,"max_hp_gain":0.0,"max_hp_loss":0.0,"gold_gain":0.0,"event_name":"Tomb of Lord Red Mask","player_choice":"Paid","floor":47.0,"gold_loss":28.0,"damage_taken":0.0,"relics_obtained":["Red Mask"]}],"is_beta":false,"boss_relics":[{"not_picked":["Runic Pyramid","Eternal Feather"],"picked":"Ectoplasm"},{"not_picked":["Fusion Hammer","Runic Dome"],"picked":"Busted Crown"}],"items_purged_floors":[20],"is_endless":false,"potions_floor_spawned":[2,11,14,18,22,38,48],"killed_by":"Donu and Deca","ascension_level":16}