{"gold_per_floor":[117,128,53,69,69,97,97,97,97,97,115,115,149,161,161,261,261,278,297,212,137,137,137,167,177,177,276,294,294,294,321,321,416,416,431,431,451,551,551,579,579,611,636,647,134,134,134,153,153,153],"floor_reached":51,"playtime":2789,"items_purged":["Normality","Strike_R"],"score":1071,"play_id":"748eac90-acde-4230-81e3-94d44e7f5062","local_time":"20181229125638","is_ascension_mode":true,"campfire_choices":[{"data":"Exhume","floor":7,"key":"SMITH"},{"floor":12,"key":"REST"},{"data":"Body Slam","floor":15,"key":"SMITH"},{"data":"Intimidate","floor":23,"key":"SMITH"},{"floor":30,"key":"REST"},{"data":"Iron Wave","floor":32,"key":"SMITH"},{"floor":41,"key":"REST"},{"data":"Trip","floor":49,"key":"SMITH"}],"neow_cost":"CURSE","seed_source_timestamp":712630570956824,"circlet_count":0,"master_deck":["Defend_R","Defend_R","Defend_R","Defend_R","Bash","Exhume+1","Pommel Strike+1","Thunderclap+1","Body Slam+1","Iron Wave+1","Intimidate+1","Pommel Strike+1","Sword Boomerang+1","Headbutt+1","Feed+1","Sword Boomerang+1","Thunderclap+1","Ghostly Armor+1","Ghostly Armor","Rage+1","Dropkick+1","Immolate+1","Headbutt+1","Ghostly Armor+1","Pommel Strike+1","Sadistic Nature+1","Flash of Steel+1","Trip+1","Iron Wave+1","Impervious","Regret","Rage+1","Uppercut+1","Madness","Madness","Armaments","Metallicize+1"],"relics":["Burning Blood","Pantograph","Pear","Paper Frog","Molten Egg 2","Bronze Scales","Cursed Key","Juzu Bracelet","Calipers","Dodecahedron","Frozen Egg 2","Gremlin Horn","Empty Cage","Mango","Lantern","Pen Nib","Blood Vial","Membership Card","StoneCalendar","Omamori"],"potions_floor_usage":[6,14,18,31,33,40,48,50,50,50,50,50,50],"damage_taken":[{"damage":11,"enemies":"Cultist","floor":1,"turns":4},{"damage":10,"enemies":"Small Slimes","floor":2,"turns":4},{"damage":4,"enemies":"2 Louse","floor":4,"turns":3},{"damage":25,"enemies":"Gremlin Nob","floor":6,"turns":4},{"damage":0,"enemies":"Blue Slaver","floor":11,"turns":4},{"damage":22,"enemies":"3 Sentries","floor":13,"turns":8},{"damage":6,"enemies":"Exordium Thugs","floor":14,"turns":4},{"damage":60,"enemies":"The Guardian","floor":16,"turns":11},{"damage":15,"enemies":"Shell Parasite","floor":18,"turns":3},{"damage":0,"enemies":"3 Byrds","floor":19,"turns":3},{"damage":46,"enemies":"Gremlin Leader","floor":24,"turns":5},{"damage":10,"enemies":"Centurion and Healer","floor":25,"turns":4},{"damage":28,"enemies":"Snake Plant","floor":28,"turns":4},{"damage":33,"enemies":"Slavers","floor":31,"turns":5},{"damage":63,"enemies":"Champ","floor":33,"turns":12},{"damage":1,"enemies":"Orb Walker","floor":35,"turns":2},{"damage":2,"enemies":"3 Shapes","floor":37,"turns":2},{"damage":0,"enemies":"Mind Bloom Boss Battle","floor":38,"turns":4},{"damage":67,"enemies":"Giant Head","floor":40,"turns":7},{"damage":25,"enemies":"Nemesis","floor":42,"turns":5},{"damage":6,"enemies":"3 Darklings","floor":44,"turns":3},{"damage":2,"enemies":"Spire Growth","floor":48,"turns":6},{"damage":50,"enemies":"Awakened One","floor":50,"turns":10}],"seed_played":"5062843657716285601","potions_obtained":[{"floor":1,"key":"Ancient Potion"},{"floor":4,"key":"FearPotion"},{"floor":13,"key":"SpeedPotion"},{"floor":14,"key":"Weak Potion"},{"floor":28,"key":"PowerPotion"},{"floor":31,"key":"FearPotion"},{"floor":33,"key":"Regen Potion"},{"floor":40,"key":"SpeedPotion"},{"floor":42,"key":"FearPotion"},{"floor":44,"key":"Swift Potion"},{"floor":48,"key":"EntropicBrew"}],"is_trial":false,"path_per_floor":["M","M","$","M","?","E","R","?","T","T","M","R","E","M","R","B",null,"M","M","?","?","?","R","E","M","T","?","M","?","R","E","R","B",null,"M","?","M","?","?","E","R","E","T","M","$","?","?","M","R","B",null],"character_chosen":"IRONCLAD","items_purchased":["Membership Card","StoneCalendar","Uppercut+1","Omamori"],"campfire_rested":3,"item_purchase_floors":[45,45,45,45],"current_hp_per_floor":[67,63,63,65,53,44,44,26,26,26,32,59,43,43,43,14,71,62,76,76,76,76,76,36,36,36,36,14,48,78,55,55,23,83,92,92,100,125,115,59,96,77,77,79,79,63,63,69,69,52],"gold":153,"neow_bonus":"TRANSFORM_TWO_CARDS","is_prod":false,"is_daily":false,"chose_seed":false,"campfire_upgraded":5,"win_rate":0,"timestamp":1546109798,"path_taken":["M","M","$","?","?","E","R","?","T","?","?","R","E","M","R","BOSS","M","M","?","?","?","R","E","M","T","?","M","?","R","E","R","BOSS","M","?","M","?","?","E","R","E","T","M","$","?","?","M","R","BOSS"],"build_version":"2018-12-20","purchased_purges":2,"victory":true,"max_hp_per_floor":[80,80,80,80,80,90,90,90,90,90,90,90,90,90,90,90,90,90,98,98,98,98,98,98,102,102,102,102,102,102,106,106,106,103,107,107,111,125,125,125,125,125,125,125,125,125,125,125,125,125],"card_choices":[{"not_picked":["Havoc","Perfected Strike"],"picked":"Thunderclap","floor":1},{"not_picked":["Rupture","Thunderclap"],"picked":"Body Slam","floor":2},{"not_picked":["Warcry","Twin Strike"],"picked":"Iron Wave","floor":4},{"not_picked":["Wild Strike","Havoc"],"picked":"Intimidate","floor":6},{"not_picked":["Double Tap","Cleave+1"],"picked":"Pommel Strike+1","floor":11},{"not_picked":["Ghostly Armor","Wild Strike+1"],"picked":"Sword Boomerang+1","floor":13},{"not_picked":["Sword Boomerang+1","Twin Strike+1"],"picked":"Headbutt+1","floor":14},{"not_picked":["Barricade","Exhume"],"picked":"Feed+1","floor":16},{"not_picked":["Burning Pact","Warcry"],"picked":"Sword Boomerang+1","floor":18},{"not_picked":["Shockwave","Flex"],"picked":"Thunderclap+1","floor":19},{"not_picked":["Clash+1","Armaments"],"picked":"Ghostly Armor+1","floor":24},{"not_picked":["Havoc","Wild Strike+1"],"picked":"Ghostly Armor","floor":25},{"not_picked":["Hemokinesis+1","Wild Strike+1"],"picked":"Rage+1","floor":28},{"not_picked":["Shrug It Off","Whirlwind+1"],"picked":"Dropkick+1","floor":31},{"not_picked":["Bludgeon+1","Limit Break"],"picked":"Immolate+1","floor":33},{"not_picked":["Twin Strike+1","Intimidate"],"picked":"Headbutt+1","floor":35},{"not_picked":["True Grit","Wild Strike+1"],"picked":"Ghostly Armor+1","floor":37},{"not_picked":["Sword Boomerang+1","Wild Strike+1"],"picked":"Pommel Strike+1","floor":38},{"not_picked":["Magnetism+1","Mayhem+1"],"picked":"Sadistic Nature+1","floor":39},{"not_picked":["Enlightenment","Metamorphosis"],"picked":"Flash of Steel+1","floor":39},{"not_picked":["Discovery","Jack Of All Trades"],"picked":"Trip","floor":39},{"not_picked":["Armaments+1","Bloodletting+1"],"picked":"Iron Wave+1","floor":40},{"not_picked":["Armaments+1","Flex"],"picked":"Impervious","floor":42},{"not_picked":["Reckless Charge+1","Body Slam+1"],"picked":"Rage+1","floor":44},{"not_picked":["Heavy Blade+1","Wild Strike+1"],"picked":"Metallicize+1","floor":48}],"player_experience":325455,"relics_obtained":[{"floor":6,"key":"Pear"},{"floor":9,"key":"Paper Frog"},{"floor":10,"key":"Molten Egg 2"},{"floor":13,"key":"Bronze Scales"},{"floor":24,"key":"Dodecahedron"},{"floor":26,"key":"Frozen Egg 2"},{"floor":31,"key":"Gremlin Horn"},{"floor":38,"key":"Mango"},{"floor":40,"key":"Lantern"},{"floor":42,"key":"Pen Nib"},{"floor":43,"key":"Blood Vial"}],"event_choices":[{"damage_healed":0,"gold_gain":0,"player_choice":"Success","damage_taken":12,"relics_obtained":["Pantograph"],"max_hp_gain":0,"max_hp_loss":0,"event_name":"Scrap Ooze","floor":5,"gold_loss":0},{"damage_healed":0,"gold_gain":0,"player_choice":"Entered Light","damage_taken":18,"max_hp_gain":0,"max_hp_loss":0,"event_name":"Shining Light","floor":8,"gold_loss":0,"cards_upgraded":["Pommel Strike","Thunderclap"]},{"damage_healed":0,"gold_gain":0,"player_choice":"Obtained Relic","damage_taken":0,"relics_obtained":["Juzu Bracelet"],"max_hp_gain":0,"max_hp_loss":0,"event_name":"Addict","floor":20,"gold_loss":85},{"cards_removed":["Strike_R"],"damage_healed":0,"gold_gain":0,"player_choice":"Gave Gold","damage_taken":0,"max_hp_gain":0,"max_hp_loss":0,"event_name":"Beggar","floor":21,"gold_loss":75},{"damage_healed":0,"gold_gain":0,"player_choice":"Opened","damage_taken":0,"relics_obtained":["Calipers"],"max_hp_gain":0,"max_hp_loss":0,"event_name":"The Mausoleum","floor":22,"gold_loss":0,"cards_obtained":["Writhe"]},{"damage_healed":0,"gold_gain":99,"player_choice":"Stole From Cult","damage_taken":0,"max_hp_gain":0,"max_hp_loss":0,"event_name":"Nest","floor":27,"gold_loss":0},{"damage_healed":34,"gold_gain":0,"player_choice":"Heal","damage_taken":0,"max_hp_gain":0,"max_hp_loss":0,"event_name":"The Library","floor":29,"gold_loss":0},{"damage_healed":0,"gold_gain":0,"player_choice":"Ignored","damage_taken":0,"max_hp_gain":0,"max_hp_loss":0,"event_name":"Tomb of Lord Red Mask","floor":36,"gold_loss":0},{"damage_healed":0,"gold_gain":0,"player_choice":"Fight","damage_taken":0,"max_hp_gain":0,"max_hp_loss":0,"event_name":"MindBloom","floor":38,"gold_loss":0},{"damage_healed":0,"gold_gain":0,"player_choice":"Memory 3","damage_taken":10,"max_hp_gain":0,"max_hp_loss":0,"event_name":"SensoryStone","floor":39,"gold_loss":0},{"damage_healed":0,"gold_gain":0,"player_choice":"Embrace Madness","damage_taken":16,"max_hp_gain":0,"max_hp_loss":0,"event_name":"Winding Halls","floor":46,"gold_loss":0,"cards_obtained":["Madness","Madness"]},{"damage_healed":0,"gold_gain":0,"cards_transformed":["Strike_R"],"player_choice":"Transformed","damage_taken":0,"max_hp_gain":0,"max_hp_loss":0,"event_name":"Transmorgrifier","floor":47,"gold_loss":0,"cards_obtained":["Armaments"]}],"is_beta":false,"boss_relics":[{"not_picked":["Snecko Eye","Tiny House"],"picked":"Cursed Key"},{"not_picked":["Runic Cube","Calling Bell"],"picked":"Empty Cage"}],"items_purged_floors":[3,45],"is_endless":false,"potions_floor_spawned":[1,4,13,14,28,31,33,40,42,44,48],"ascension_level":7}