{"gold_per_floor":[360,69,69,69,34,77,77,91,91,91,91,91,91,129,129,129],"floor_reached":16,"playtime":390,"items_purged":[],"score":208,"play_id":"b9c77dbf-b8ba-4a6d-aa56-bfab4f639ae8","local_time":"20190206101649","is_ascension_mode":true,"campfire_choices":[{"floor":7,"key":"REST"},{"floor":10,"key":"REST"},{"data":"Havoc","floor":13,"key":"SMITH"},{"floor":15,"key":"REST"}],"neow_cost":"TEN_PERCENT_HP_LOSS","seed_source_timestamp":165629846556750,"circlet_count":0,"master_deck":["AscendersBane","Strike_R","Strike_R","Strike_R","Strike_R","Strike_R","Defend_R","Defend_R","Defend_R","Bash","Inflame","Havoc+1","Iron Wave","Evolve","Regret","Barricade"],"special_seed":0,"relics":["Burning Blood","Mummified Hand","Golden Idol","Question Card","Molten Egg 2","The Courier","Mercury Hourglass","Strawberry"],"potions_floor_usage":[6,16],"damage_taken":[{"damage":11.0,"enemies":"2 Louse","floor":1.0,"turns":3.0},{"damage":45,"enemies":"3 Sentries","floor":6,"turns":8},{"damage":7,"enemies":"Jaw Worm","floor":8,"turns":3},{"damage":35,"enemies":"Gremlin Nob","floor":14,"turns":4},{"damage":48,"enemies":"The Guardian","floor":16,"turns":7}],"seed_played":"112735718218343546","potions_obtained":[{"floor":1.0,"key":"SteroidPotion"},{"floor":14,"key":"Dexterity Potion"}],"is_trial":false,"path_per_floor":["M","$","?","?","?","E","R","M","T","R","?","T","R","E","R","B"],"character_chosen":"IRONCLAD","items_purchased":["Mummified Hand","Havoc"],"campfire_rested":3,"item_purchase_floors":[2,2],"current_hp_per_floor":[63,63,40,33,50,11,31,30,30,50,50,50,50,28,50,2],"gold":129,"neow_bonus":"TWO_FIFTY_GOLD","is_prod":false,"is_daily":false,"chose_seed":false,"campfire_upgraded":1,"win_rate":0,"timestamp":1549473409,"path_taken":["M","$","?","?","?","E","R","M","T","R","?","?","R","E","R","BOSS"],"build_version":"2019-01-23","purchased_purges":0,"victory":false,"max_hp_per_floor":[68,68,68,68,68,68,68,68,68,68,68,68,68,75,75,75],"card_choices":[{"not_picked":["True Grit","Anger"],"picked":"Inflame","floor":1.0},{"not_picked":["Sentinel","Heavy Blade"],"picked":"Iron Wave","floor":6},{"not_picked":["Warcry","Shrug It Off","Pommel Strike"],"picked":"Evolve","floor":8},{"not_picked":["Pommel Strike+1","Hemokinesis+1","Warcry"],"picked":"Barricade","floor":14}],"player_experience":766752,"relics_obtained":[{"floor":6,"key":"Question Card"},{"floor":9,"key":"Molten Egg 2"},{"floor":12,"key":"Mercury Hourglass"},{"floor":14,"key":"Strawberry"}],"event_choices":[{"damage_healed":0.0,"max_hp_gain":0.0,"max_hp_loss":0.0,"gold_gain":0.0,"event_name":"Golden Idol","player_choice":"Take Damage","floor":3.0,"gold_loss":0.0,"damage_taken":23.0,"relics_obtained":["Golden Idol"]},{"cards_removed":["Defend_R"],"damage_healed":0.0,"max_hp_gain":0.0,"max_hp_loss":0.0,"gold_gain":0.0,"event_name":"Golden Wing","player_choice":"Card Removal","floor":4.0,"gold_loss":0.0,"damage_taken":7.0},{"damage_healed":17.0,"max_hp_gain":0.0,"max_hp_loss":0.0,"gold_gain":0.0,"event_name":"The Cleric","player_choice":"Healed","floor":5.0,"gold_loss":35.0,"damage_taken":0.0},{"damage_healed":0,"gold_gain":0,"player_choice":"Box","damage_taken":0,"relics_obtained":["The Courier"],"max_hp_gain":0,"max_hp_loss":0,"event_name":"Big Fish","floor":11,"gold_loss":0,"cards_obtained":["Regret"]}],"is_beta":false,"boss_relics":[],"items_purged_floors":[],"is_endless":false,"potions_floor_spawned":[1,14],"killed_by":"The Guardian","ascension_level":20}