{"gold_per_floor":[115,126,126,143,163,163,178,203,228,303,21,33,3,3],"floor_reached":14,"playtime":947,"items_purged":["Strike_B"],"score":147,"play_id":"e005b716-b19d-48fd-bfd8-97e89a5ca1cb","local_time":"20190127141119","is_ascension_mode":true,"campfire_choices":[{"data":"Hologram","floor":6,"key":"SMITH"}],"neow_cost":"NONE","seed_source_timestamp":1195695112919304,"circlet_count":0,"master_deck":["AscendersBane","Strike_B","Strike_B","Strike_B","Defend_B","Defend_B","Defend_B","Defend_B","Zap","Dualcast","Coolheaded","Blizzard","Hologram+1","Coolheaded","Rebound","Glacier","Aggregate","Cold Snap"],"relics":["Cracked Core","Pear","Vajra","OrangePellets"],"potions_floor_usage":[14],"damage_taken":[{"damage":0,"enemies":"Cultist","floor":1,"turns":4},{"damage":5,"enemies":"Small Slimes","floor":2,"turns":4},{"damage":5,"enemies":"Jaw Worm","floor":4,"turns":5},{"damage":3,"enemies":"Blue Slaver","floor":5,"turns":6},{"damage":3,"enemies":"Large Slime","floor":7,"turns":7},{"damage":23,"enemies":"Lagavulin","floor":8,"turns":11},{"damage":1,"enemies":"3 Louse","floor":12,"turns":4},{"damage":2,"enemies":"Looter","floor":13,"turns":4},{"damage":28,"enemies":"Gremlin Nob","floor":14,"turns":4}],"seed_played":"-5230850318446541518","potions_obtained":[{"floor":1,"key":"Ancient Potion"},{"floor":7,"key":"EssenceOfSteel"}],"is_trial":false,"path_per_floor":["M","M","$","M","M","R","M","E","T","?","$","M","M","E"],"character_chosen":"DEFECT","items_purchased":["OrangePellets"],"campfire_rested":0,"item_purchase_floors":[11],"current_hp_per_floor":[68,63,63,58,55,55,52,39,39,28,28,27,25,0],"gold":3,"neow_bonus":"THREE_CARDS","is_prod":false,"is_daily":false,"chose_seed":false,"campfire_upgraded":1,"win_rate":0,"timestamp":1548619879,"path_taken":["M","?","?","M","M","R","M","E","T","?","$","M","M","E"],"build_version":"2019-01-23","purchased_purges":1,"victory":false,"max_hp_per_floor":[75,75,75,75,75,75,75,85,85,85,85,85,85,85],"card_choices":[{"not_picked":["Compile Driver","Hologram"],"picked":"Coolheaded","floor":0},{"not_picked":["Tempest","Barrage"],"picked":"Blizzard","floor":1},{"not_picked":["Barrage","Scrape"],"picked":"Hologram","floor":2},{"not_picked":["Hello World","Turbo"],"picked":"Coolheaded","floor":4},{"not_picked":["Chaos","Tempest"],"picked":"Rebound","floor":5},{"not_picked":["Go for the Eyes","White Noise"],"picked":"Glacier","floor":7},{"not_picked":["Doom and Gloom","Melter"],"picked":"Aggregate","floor":8},{"not_picked":["Stack","Sweeping Beam"],"picked":"Cold Snap","floor":12},{"not_picked":["Scrape","Fusion","Sunder"],"picked":"SKIP","floor":13}],"player_experience":479411,"relics_obtained":[{"floor":8,"key":"Pear"},{"floor":9,"key":"Vajra"}],"event_choices":[{"damage_healed":0,"gold_gain":75,"player_choice":"Gather Gold","damage_taken":11,"max_hp_gain":0,"max_hp_loss":0,"event_name":"World of Goop","floor":10,"gold_loss":0}],"is_beta":false,"boss_relics":[],"items_purged_floors":[11],"is_endless":false,"potions_floor_spawned":[1,7],"killed_by":"Gremlin Nob","ascension_level":12}