{"gold_per_floor":[14,14,33,50,50,50,62,62,62,62,81,109,14,29,29,108,108,119,119,42,42,42,42,74,56,56,56,56,71,71,134,134,211,211,227,227,227,237,36,36,69,69,94,94],"floor_reached":44,"playtime":2043,"items_purged":[],"score":1018,"play_id":"5ac1c60e-b5ca-4851-b3ab-f9e7881e89d6","local_time":"20181223130039","is_ascension_mode":true,"campfire_choices":[{"data":"Neutralize","floor":6,"key":"SMITH"},{"data":"Bullet Time","floor":8,"key":"SMITH"},{"data":"Caltrops","floor":10,"key":"SMITH"},{"floor":15,"key":"REST"},{"data":"Well Laid Plans","floor":23,"key":"SMITH"},{"floor":28,"key":"REST"},{"data":"Footwork","floor":30,"key":"SMITH"},{"floor":32,"key":"REST"},{"floor":40,"key":"REST"},{"floor":42,"key":"REST"}],"neow_cost":"NO_GOLD","seed_source_timestamp":1242665149142397,"circlet_count":0,"master_deck":["AscendersBane","Defend_G","Defend_G","Defend_G+1","Defend_G+1","Defend_G","Strike_G+1","Strike_G","Strike_G","Survivor","Neutralize+1","Bullet Time+1","Sucker Punch+1","Caltrops+1","Terror","Blur","All Out Attack+1","Backflip","Footwork+1","Infinite Blades","Adrenaline","Crippling Poison+1","Well Laid Plans+1","Bullet Time","Escape Plan","Backstab","Dodge and Roll+1","Blur","Burst","Catalyst","Chrysalis","Poisoned Stab+1","Magnetism","Regret"],"relics":["Ring of the Snake","Dodecahedron","War Paint","Orichalcum","Cursed Key","Snake Skull","Tiny Chest","Lizard Tail","Smiling Mask","Whetstone"],"potions_floor_usage":[7,12,16,16,24,31,33,44],"damage_taken":[{"damage":3,"enemies":"2 Louse","floor":1,"turns":3},{"damage":0,"enemies":"Cultist","floor":3,"turns":4},{"damage":5,"enemies":"Jaw Worm","floor":4,"turns":4},{"damage":3,"enemies":"Looter","floor":7,"turns":4},{"damage":4,"enemies":"Large Slime","floor":11,"turns":10},{"damage":12,"enemies":"Gremlin Nob","floor":12,"turns":4},{"damage":24,"enemies":"Exordium Thugs","floor":14,"turns":8},{"damage":0,"enemies":"Hexaghost","floor":16,"turns":7},{"damage":10,"enemies":"Chosen","floor":18,"turns":5},{"damage":23,"enemies":"Gremlin Leader","floor":24,"turns":7},{"damage":10,"enemies":"2 Thieves","floor":25,"turns":5},{"damage":3,"enemies":"Snecko","floor":29,"turns":5},{"damage":23,"enemies":"Slavers","floor":31,"turns":5},{"damage":20,"enemies":"Automaton","floor":33,"turns":16},{"damage":30,"enemies":"3 Darklings","floor":35,"turns":15},{"damage":10,"enemies":"Orb Walker","floor":38,"turns":5},{"damage":26,"enemies":"Nemesis","floor":41,"turns":9},{"damage":65,"enemies":"Maw","floor":44,"turns":8}],"seed_played":"2070798223431676763","potions_obtained":[{"floor":3,"key":"AttackPotion"},{"floor":4,"key":"FearPotion"},{"floor":11,"key":"Block Potion"},{"floor":14,"key":"Poison Potion"},{"floor":18,"key":"Explosive Potion"},{"floor":29,"key":"SteroidPotion"},{"floor":31,"key":"Poison Potion"},{"floor":38,"key":"GhostInAJar"},{"floor":41,"key":"Strength Potion"}],"is_trial":false,"path_per_floor":["M","?","M","M","?","R","M","R","T","R","M","E","$","M","R","B",null,"M","?","$","T","?","R","E","M","T","?","R","M","R","E","R","B",null,"M","?","?","M","$","R","E","R","T","M"],"character_chosen":"THE_SILENT","items_purchased":["Footwork","Strength Potion","Well Laid Plans","Magnetism"],"campfire_rested":5,"item_purchase_floors":[13,13,20,39],"current_hp_per_floor":[56,51,51,46,46,46,43,43,43,43,39,27,27,3,22,22,55,45,45,45,45,45,45,22,12,12,12,31,28,28,5,24,4,51,21,21,21,11,11,30,4,23,23,0],"gold":94,"neow_bonus":"THREE_RARE_CARDS","is_prod":false,"is_daily":false,"chose_seed":false,"campfire_upgraded":5,"win_rate":0,"timestamp":1545598839,"path_taken":["M","?","M","M","?","R","M","R","T","R","M","E","$","M","R","BOSS","M","?","?","?","?","R","E","M","T","?","R","M","R","E","R","BOSS","M","?","?","?","$","R","E","R","T","M"],"build_version":"2018-12-20","purchased_purges":0,"victory":false,"max_hp_per_floor":[66,66,66,66,66,66,66,66,66,66,66,66,66,66,66,66,66,66,66,66,66,66,66,66,66,66,66,66,66,66,66,66,66,66,66,66,66,66,66,66,66,66,66,66],"card_choices":[{"not_picked":["Wraith Form v2","Burst"],"picked":"Bullet Time","floor":0},{"not_picked":["Catalyst","Setup"],"picked":"Sucker Punch","floor":1},{"not_picked":["Quick Slash","Sucker Punch"],"picked":"Caltrops","floor":3},{"not_picked":["Slice","Deadly Poison"],"picked":"Terror","floor":4},{"not_picked":["Setup","Dagger Throw"],"picked":"Blur","floor":7},{"not_picked":["Eviscerate","Blade Dance"],"picked":"All Out Attack","floor":11},{"not_picked":["Underhanded Strike","Night Terror"],"picked":"Backflip","floor":12},{"not_picked":["Outmaneuver","Escape Plan"],"picked":"Infinite Blades","floor":14},{"not_picked":["Storm of Steel","Die Die Die"],"picked":"Adrenaline","floor":16},{"not_picked":["Deadly Poison","Blade Dance"],"picked":"Crippling Poison","floor":18},{"not_picked":["Choke","Expertise","Setup"],"picked":"SKIP","floor":24},{"not_picked":["Dagger Throw","Deadly Poison"],"picked":"Backstab","floor":25},{"not_picked":["Envenom","Slice"],"picked":"Dodge and Roll+1","floor":29},{"not_picked":["Masterful Stab","Heel Hook"],"picked":"Blur","floor":31},{"not_picked":["Unload","After Image"],"picked":"Burst","floor":33},{"not_picked":["Expertise","Infinite Blades"],"picked":"Catalyst","floor":35},{"not_picked":["Impatience","Dramatic Entrance"],"picked":"Chrysalis","floor":36},{"not_picked":["Blur","Backstab"],"picked":"Poisoned Stab+1","floor":38},{"not_picked":["Grand Finale","Sucker Punch","Skewer+1"],"picked":"SKIP","floor":41}],"player_experience":975694,"relics_obtained":[{"floor":9,"key":"War Paint"},{"floor":12,"key":"Orichalcum"},{"floor":24,"key":"Snake Skull"},{"floor":31,"key":"Tiny Chest"},{"floor":41,"key":"Smiling Mask"},{"floor":43,"key":"Whetstone"}],"event_choices":[{"damage_healed":0,"gold_gain":0,"player_choice":"Success","damage_taken":5,"relics_obtained":["Dodecahedron"],"max_hp_gain":0,"max_hp_loss":0,"event_name":"Scrap Ooze","floor":2,"gold_loss":0},{"damage_healed":0,"gold_gain":0,"player_choice":"Grow","damage_taken":0,"max_hp_gain":0,"max_hp_loss":0,"event_name":"Living Wall","floor":5,"gold_loss":0,"cards_upgraded":["Sucker Punch"]},{"damage_healed":0,"gold_gain":0,"player_choice":"Upgraded","damage_taken":0,"max_hp_gain":0,"max_hp_loss":0,"event_name":"Upgrade Shrine","floor":19,"gold_loss":0,"cards_upgraded":["Crippling Poison"]},{"damage_healed":0,"gold_gain":0,"cards_transformed":["Strike_G","Strike_G"],"player_choice":"Became Test Subject","damage_taken":0,"max_hp_gain":0,"max_hp_loss":0,"event_name":"Drug Dealer","floor":22,"gold_loss":0,"cards_obtained":["Bullet Time","Escape Plan"]},{"damage_healed":0,"gold_gain":0,"player_choice":"Ignored","damage_taken":0,"max_hp_gain":0,"max_hp_loss":0,"event_name":"Beggar","floor":27,"gold_loss":0},{"damage_healed":0,"gold_gain":0,"player_choice":"Memory 1","damage_taken":0,"max_hp_gain":0,"max_hp_loss":0,"event_name":"SensoryStone","floor":36,"gold_loss":0},{"damage_healed":0,"gold_gain":0,"player_choice":"Ignored","damage_taken":0,"max_hp_gain":0,"max_hp_loss":0,"event_name":"Mysterious Sphere","floor":37,"gold_loss":0}],"is_beta":true,"boss_relics":[{"not_picked":["Coffee Dripper","Calling Bell"],"picked":"Cursed Key"},{"not_picked":["Pandora\u0027s Box","Runic Pyramid"],"picked":"Lizard Tail"}],"items_purged_floors":[],"is_endless":false,"potions_floor_spawned":[3,4,11,14,18,29,31,38,41],"killed_by":"Maw","ascension_level":19}