{"gold_per_floor":[116,191,191,203,203,203,247,247,274,74,118,134,173,188,188,307,307,323,448,448,472,176,216,216,234,257,257,172,24,40,40,40,40],"floor_reached":33,"playtime":1529,"items_purged":["Strike_G","Strike_G"],"score":339,"play_id":"d2722bc3-539a-4ef2-a42f-edc5c34c4b0b","local_time":"20190207215346","is_ascension_mode":true,"campfire_choices":[{"data":"Backflip","floor":6.0,"key":"SMITH"},{"data":"Neutralize","floor":8.0,"key":"SMITH"},{"floor":15.0,"key":"REST"},{"floor":24,"key":"REST"},{"floor":32,"key":"REST"}],"neow_cost":"NONE","seed_source_timestamp":0,"circlet_count":0,"master_deck":["Defend_G","Defend_G","Defend_G","Defend_G","Defend_G","Strike_G","Survivor","Neutralize+1","Backflip+1","Quick Slash","Heel Hook","Corpse Explosion","Dodge and Roll","Cloak And Dagger","Well Laid Plans","Catalyst","Deadly Poison","Envenom","Poisoned Stab","Cloak And Dagger","Catalyst","Poisoned Stab","Leg Sweep","PiercingWail","Jack Of All Trades","Blur+1","Deadly Poison+1","Backflip+1","PiercingWail","Poisoned Stab"],"special_seed":0,"relics":["Ring of the Snake","NeowsBlessing","Golden Idol","Orichalcum","Snake Skull","Pocketwatch","Blood Vial","Lizard Tail","Ice Cream","Dodecahedron","Oddly Smooth Stone","Bag of Marbles","Torii"],"potions_floor_usage":[19,19,25,27,30],"damage_taken":[{"damage":0.0,"enemies":"Jaw Worm","floor":1.0,"turns":1.0},{"damage":0.0,"enemies":"Small Slimes","floor":4.0,"turns":1.0},{"damage":0.0,"enemies":"3 Sentries","floor":7.0,"turns":1.0},{"damage":13.0,"enemies":"Lagavulin","floor":11.0,"turns":5.0},{"damage":0.0,"enemies":"Cultist","floor":12.0,"turns":3.0},{"damage":9.0,"enemies":"3 Sentries","floor":13.0,"turns":3.0},{"damage":0.0,"enemies":"Looter","floor":14.0,"turns":4.0},{"damage":20.0,"enemies":"The Guardian","floor":16.0,"turns":10.0},{"damage":3.0,"enemies":"3 Byrds","floor":18.0,"turns":3.0},{"damage":34,"enemies":"Colosseum Slavers","floor":19,"turns":4},{"damage":35,"enemies":"Colosseum Nobs","floor":19,"turns":4},{"damage":0,"enemies":"Chosen","floor":21,"turns":5},{"damage":19,"enemies":"Book of Stabbing","floor":23,"turns":7},{"damage":11,"enemies":"Centurion and Healer","floor":25,"turns":6},{"damage":19,"enemies":"3 Cultists","floor":27,"turns":5},{"damage":1,"enemies":"Snecko","floor":30,"turns":5},{"damage":37,"enemies":"Champ","floor":33,"turns":8}],"seed_played":"-4309945645498883303","potions_obtained":[{"floor":1.0,"key":"Regen Potion"},{"floor":3.0,"key":"Poison Potion"},{"floor":3.0,"key":"Dexterity Potion"},{"floor":12.0,"key":"Block Potion"},{"floor":14.0,"key":"Swift Potion"},{"floor":18.0,"key":"SmokeBomb"},{"floor":21,"key":"Swift Potion"}],"is_trial":false,"path_per_floor":["M","?","?","M","?","R","E","R","T","$","E","M","E","M","R","B",null,"M","?","?","M","$","E","R","M","T","M","?","$","M","?","R","B"],"character_chosen":"THE_SILENT","items_purchased":["Corpse Explosion","Dodge and Roll","Leg Sweep","PiercingWail","Jack Of All Trades","Energy Potion"],"campfire_rested":3,"item_purchase_floors":[10,10,22,22,22,29],"current_hp_per_floor":[70,59,59,59,59,59,59,59,59,59,58,58,49,51,65,45,65,62,32,32,34,34,17,36,27,27,10,10,10,11,11,30,0],"gold":40,"neow_bonus":"THREE_ENEMY_KILL","is_prod":false,"is_daily":false,"chose_seed":false,"campfire_upgraded":2,"win_rate":0,"timestamp":1549598026,"path_taken":["M","?","?","?","?","R","E","R","T","$","E","M","E","M","R","BOSS","M","?","?","M","$","E","R","?","T","M","?","$","M","?","R","BOSS"],"build_version":"2019-01-23","purchased_purges":2,"victory":false,"max_hp_per_floor":[70,70,70,70,65,65,65,65,65,65,65,65,65,65,65,65,65,65,65,65,65,65,65,65,65,65,65,65,65,65,65,65,65],"card_choices":[{"not_picked":["Acrobatics","Masterful Stab"],"picked":"Backflip","floor":1.0},{"not_picked":["Deflect","Outmaneuver"],"picked":"Quick Slash","floor":4.0},{"not_picked":["Caltrops","Flechettes"],"picked":"Heel Hook","floor":7.0},{"not_picked":["Bouncing Flask","Flechettes"],"picked":"Cloak And Dagger","floor":11.0},{"not_picked":["Outmaneuver","Deadly Poison"],"picked":"Well Laid Plans","floor":12.0},{"not_picked":["Backflip","PiercingWail"],"picked":"Catalyst","floor":13.0},{"not_picked":["Quick Slash","Storm of Steel"],"picked":"Deadly Poison","floor":14.0},{"not_picked":["Venomology","A Thousand Cuts"],"picked":"Envenom","floor":16.0},{"not_picked":["PiercingWail+1","Well Laid Plans"],"picked":"Poisoned Stab","floor":18.0},{"not_picked":["Outmaneuver","Flying Knee"],"picked":"Cloak And Dagger","floor":19},{"not_picked":["Sucker Punch+1","Outmaneuver"],"picked":"Poisoned Stab","floor":21},{"not_picked":["Heel Hook+1","Underhanded Strike"],"picked":"Blur+1","floor":23},{"not_picked":["Prepared","Blade Dance"],"picked":"Deadly Poison+1","floor":25},{"not_picked":["Bane","Flying Knee"],"picked":"Backflip+1","floor":30}],"player_experience":128905,"relics_obtained":[{"floor":7.0,"key":"Orichalcum"},{"floor":9.0,"key":"Snake Skull"},{"floor":11.0,"key":"Pocketwatch"},{"floor":13.0,"key":"Blood Vial"},{"floor":19,"key":"Ice Cream"},{"floor":19,"key":"Dodecahedron"},{"floor":23,"key":"Oddly Smooth Stone"},{"floor":26,"key":"Bag of Marbles"}],"event_choices":[{"damage_healed":0.0,"max_hp_gain":0.0,"max_hp_loss":0.0,"gold_gain":75.0,"event_name":"World of Goop","player_choice":"Gather Gold","floor":2.0,"gold_loss":0.0,"damage_taken":11.0},{"damage_healed":0.0,"max_hp_gain":0.0,"max_hp_loss":0.0,"gold_gain":0.0,"event_name":"Lab","player_choice":"Got Potions","floor":3.0,"gold_loss":0.0,"damage_taken":0.0},{"damage_healed":0.0,"max_hp_gain":0.0,"max_hp_loss":5.0,"gold_gain":0.0,"event_name":"Golden Idol","player_choice":"Lose Max HP","floor":5.0,"gold_loss":0.0,"damage_taken":0.0,"relics_obtained":["Golden Idol"]},{"damage_healed":0,"gold_gain":0,"player_choice":"Fight","damage_taken":0,"max_hp_gain":0,"max_hp_loss":0,"event_name":"Colosseum","floor":19,"gold_loss":0},{"damage_healed":0,"gold_gain":0,"player_choice":"Fought Nobs","damage_taken":0,"max_hp_gain":0,"max_hp_loss":0,"event_name":"Colosseum","floor":19,"gold_loss":0},{"damage_healed":0,"gold_gain":0,"player_choice":"Copied","damage_taken":0,"max_hp_gain":0,"max_hp_loss":0,"event_name":"Duplicator","floor":20,"gold_loss":0,"cards_obtained":["Catalyst"]},{"damage_healed":0,"gold_gain":0,"player_choice":"Obtained Relic","damage_taken":0,"relics_obtained":["Torii"],"max_hp_gain":0,"max_hp_loss":0,"event_name":"Addict","floor":28,"gold_loss":85},{"damage_healed":0,"gold_gain":0,"cards_transformed":["Strike_G","Strike_G"],"player_choice":"Became Test Subject","damage_taken":0,"max_hp_gain":0,"max_hp_loss":0,"event_name":"Drug Dealer","floor":31,"gold_loss":0,"cards_obtained":["PiercingWail","Poisoned Stab"]}],"is_beta":false,"boss_relics":[{"not_picked":["Fusion Hammer","Coffee Dripper"],"picked":"Lizard Tail"}],"items_purged_floors":[22,29],"is_endless":false,"potions_floor_spawned":[1,4,12,14,18,19,21],"killed_by":"Champ","ascension_level":2}