{"gold_per_floor":[362,312,241,260,272,272,289,289,289,304,323,323,343,343,343,446,446,462,462],"floor_reached":19,"playtime":1159,"items_purged":[],"score":201,"play_id":"c206e926-0b23-48c8-9e96-572efa19245f","local_time":"20180831090746","is_ascension_mode":true,"campfire_choices":[{"data":"Defragment","floor":6.0,"key":"SMITH"},{"data":"Zap","floor":8.0,"key":"SMITH"},{"data":"Go for the Eyes","floor":12.0,"key":"SMITH"},{"floor":15.0,"key":"REST"}],"neow_cost":"TEN_PERCENT_HP_LOSS","seed_source_timestamp":0,"circlet_count":0,"master_deck":["Strike_B","Strike_B","Strike_B","Defend_B","Defend_B","Defend_B","Defend_B","Zap+1","Dualcast","Conserve Battery","Cold Snap","Go for the Eyes+1","Defragment+1","Doom and Gloom","Genetic Algorithm","Leap","Capacitor+1","Echo Form"],"special_seed":0,"relics":["Cracked Core","Matryoshka","Philosopher\u0027s Stone"],"potions_floor_usage":[],"damage_taken":[{"damage":7.0,"enemies":"Jaw Worm","floor":1.0,"turns":3.0},{"damage":1.0,"enemies":"Cultist","floor":4.0,"turns":4.0},{"damage":8.0,"enemies":"2 Louse","floor":5.0,"turns":3.0},{"damage":0.0,"enemies":"Large Slime","floor":7.0,"turns":3.0},{"damage":7.0,"enemies":"Exordium Wildlife","floor":10.0,"turns":3.0},{"damage":7.0,"enemies":"2 Fungi Beasts","floor":11.0,"turns":3.0},{"damage":14.0,"enemies":"3 Louse","floor":13.0,"turns":3.0},{"damage":10.0,"enemies":"Hexaghost","floor":16.0,"turns":10.0},{"damage":29,"enemies":"Chosen","floor":18,"turns":5},{"damage":33,"enemies":"Colosseum Slavers","floor":19,"turns":3}],"seed_played":"8326125505797395740","potions_obtained":[{"floor":5.0,"key":"GamblersBrew"},{"floor":11.0,"key":"Swift Potion"},{"floor":16.0,"key":"SteroidPotion"}],"is_trial":false,"path_per_floor":["M","?","$","M","M","R","M","R","T","M","M","R","M","?","R","B",null,"M"],"character_chosen":"DEFECT","items_purchased":["Cold Snap","Go for the Eyes"],"campfire_rested":1,"item_purchase_floors":[3,3],"current_hp_per_floor":[61,61,61,60,52,52,52,52,52,45,38,38,24,24,44,34,60,31,0],"gold":462,"neow_bonus":"TWO_FIFTY_GOLD","is_prod":false,"is_daily":false,"chose_seed":false,"campfire_upgraded":3,"win_rate":0,"timestamp":1535731666,"path_taken":["M","?","$","?","M","R","M","R","T","?","M","R","M","?","R","BOSS","M","?"],"build_version":"2018-08-30","purchased_purges":0,"victory":false,"max_hp_per_floor":[68,68,68,68,68,68,68,68,68,68,68,68,68,68,68,68,68,68,68],"card_choices":[{"not_picked":["Redo","Go for the Eyes"],"picked":"Conserve Battery","floor":1.0},{"not_picked":["Ball Lightning","Streamline"],"picked":"Defragment","floor":4.0},{"not_picked":["Gash","Fusion"],"picked":"Doom and Gloom","floor":5.0},{"not_picked":["Ball Lightning","Auto Shields"],"picked":"Genetic Algorithm","floor":7.0},{"not_picked":["Ball Lightning","Sweeping Beam"],"picked":"Leap","floor":10.0},{"not_picked":["Fission","Darkness","Sweeping Beam"],"picked":"SKIP","floor":11.0},{"not_picked":["Beam Cell","Lockon"],"picked":"Capacitor","floor":13.0},{"not_picked":["Thunder Strike","Meteor Strike"],"picked":"Echo Form","floor":16.0},{"not_picked":["Gash+1","Genetic Algorithm","Beam Cell"],"picked":"SKIP","floor":18}],"player_experience":994340,"relics_obtained":[{"floor":9.0,"key":"Matryoshka"}],"event_choices":[{"event_name":"The Cleric","player_choice":"Card Removal","floor":2.0,"damage_taken":0.0},{"event_name":"Living Wall","player_choice":"Grow","floor":14.0,"damage_taken":0.0},{"event_name":"Colosseum","player_choice":"Fight","floor":19,"damage_taken":0}],"is_beta":false,"boss_relics":[{"not_picked":["Ectoplasm","Calling Bell"],"picked":"Philosopher\u0027s Stone"}],"items_purged_floors":[],"is_endless":false,"potions_floor_spawned":[5,11,16],"killed_by":"Colosseum Slavers","ascension_level":5}