{"gold_per_floor":[115,134,134,134,134,159,159,174,174,174,0,25,45,77,77,154,154,168,168,83,93,173,173,187,212,212,212,226,226,236,250,250,323,323,336,11,11,111,121,121,152,77,101,120,150,150,161,181,181,181,181,181,181,26,26],"floor_reached":55,"playtime":2001,"items_purged":["Defend_R"],"score":1930,"play_id":"10511fcb-ff74-4da7-a689-9c1848cf9841","local_time":"20181210155208","is_ascension_mode":true,"campfire_choices":[{"data":"Armaments","floor":7.0,"key":"SMITH"},{"data":"Pommel Strike","floor":10.0,"key":"SMITH"},{"floor":15.0,"key":"REST"},{"data":"Double Tap","floor":23.0,"key":"SMITH"},{"floor":29.0,"key":"REST"},{"floor":32.0,"key":"REST"},{"floor":40.0,"key":"RECALL"},{"data":"Apotheosis","floor":49.0,"key":"SMITH"},{"data":"Exhume","floor":53.0,"key":"SMITH"}],"neow_cost":"NONE","seed_source_timestamp":265764723907581,"circlet_count":0,"master_deck":["AscendersBane","Strike_R","Strike_R","Strike_R","Strike_R","Defend_R","Defend_R","Bash","Armaments+1","Pommel Strike","Pommel Strike+1","Sword Boomerang","Demon Form+1","Pommel Strike","Double Tap+1","Reaper","Shrug It Off","Metallicize+1","Searing Blow","Feel No Pain+1","Heavy Blade+1","Impervious","Exhume+1","Burning Pact","Apotheosis+1","Enlightenment","Headbutt+1","Havoc","Demon Form+1","Parasite","Dark Embrace+1"],"special_seed":0,"relics":["Burning Blood","NeowsBlessing","Sundial","Centennial Puzzle","Question Card","Frozen Egg 2","Bronze Scales","Mercury Hourglass","Sozu","Ancient Tea Set","Bottled Lightning","FossilizedHelix","Shuriken","Busted Crown","Dead Branch","Pocketwatch","Art of War","Thread and Needle"],"potions_floor_usage":[55],"damage_taken":[{"damage":0.0,"enemies":"Cultist","floor":1.0,"turns":1.0},{"damage":0.0,"enemies":"Jaw Worm","floor":2.0,"turns":1.0},{"damage":0.0,"enemies":"Gremlin Nob","floor":6.0,"turns":1.0},{"damage":8.0,"enemies":"Small Slimes","floor":8.0,"turns":3.0},{"damage":35.0,"enemies":"3 Sentries","floor":12.0,"turns":8.0},{"damage":0.0,"enemies":"3 Louse","floor":13.0,"turns":1.0},{"damage":22.0,"enemies":"Lagavulin","floor":14.0,"turns":6.0},{"damage":24.0,"enemies":"Hexaghost","floor":16.0,"turns":8.0},{"damage":22.0,"enemies":"2 Thieves","floor":18.0,"turns":3.0},{"damage":24.0,"enemies":"Chosen","floor":21.0,"turns":4.0},{"damage":20.0,"enemies":"Centurion and Healer","floor":24.0,"turns":4.0},{"damage":51.0,"enemies":"Gremlin Leader","floor":25.0,"turns":6.0},{"damage":23.0,"enemies":"Snake Plant","floor":28.0,"turns":4.0},{"damage":16.0,"enemies":"Shelled Parasite and Fungi","floor":30.0,"turns":4.0},{"damage":18.0,"enemies":"3 Cultists","floor":31.0,"turns":4.0},{"damage":33.0,"enemies":"Collector","floor":33.0,"turns":7.0},{"damage":0.0,"enemies":"3 Shapes","floor":35.0,"turns":3.0},{"damage":0.0,"enemies":"Mind Bloom Boss Battle","floor":38.0,"turns":4.0},{"damage":0.0,"enemies":"Orb Walker","floor":39.0,"turns":4.0},{"damage":7.0,"enemies":"Nemesis","floor":41.0,"turns":5.0},{"damage":34.0,"enemies":"3 Darklings","floor":44.0,"turns":4.0},{"damage":41.0,"enemies":"Giant Head","floor":45.0,"turns":6.0},{"damage":2.0,"enemies":"Maw","floor":47.0,"turns":7.0},{"damage":0.0,"enemies":"Writhing Mass","floor":48.0,"turns":5.0},{"damage":46.0,"enemies":"Time Eater","floor":50.0,"turns":6.0},{"damage":43.0,"enemies":"Donu and Deca","floor":51.0,"turns":7.0},{"damage":81,"enemies":"Shield and Spear","floor":55,"turns":4}],"seed_played":"-4853981175695206281","potions_obtained":[{"floor":12.0,"key":"Explosive Potion"},{"floor":13.0,"key":"FearPotion"},{"floor":16.0,"key":"Regen Potion"}],"is_trial":false,"path_per_floor":["M","M","?","?","?","E","R","M","T","R","$","E","M","E","R","B",null,"M","?","?","M","T","R","M","E","T","?","M","R","M","M","R","B",null,"M","$","?","?","M","R","E","$","T","M","E","?","M","M","R","B","B",null,"R","$","E"],"character_chosen":"IRONCLAD","items_purchased":["Demon Form+1","Dead Branch","Dark Embrace+1"],"campfire_rested":3,"item_purchase_floors":[11,36,54],"current_hp_per_floor":[74,75,75,57,57,63,63,61,61,61,61,32,38,22,44,26,63,51,66,66,49,49,49,60,26,26,26,9,31,29,32,54,48,68,74,74,64,71,75,75,75,75,75,65,30,30,75,75,75,35,8,58,58,58,0],"gold":26,"neow_bonus":"THREE_ENEMY_KILL","is_prod":false,"is_daily":false,"chose_seed":false,"campfire_upgraded":5,"win_rate":0,"timestamp":1544482328,"path_taken":["M","?","?","?","?","E","R","M","T","R","$","E","M","E","R","BOSS","M","?","?","M","?","R","M","E","T","?","M","R","?","M","R","BOSS","M","$","?","?","M","R","E","$","T","?","E","?","M","M","R","BOSS","BOSS","R","$","E"],"build_version":"2018-12-06","purchased_purges":1,"victory":false,"max_hp_per_floor":[75,75,75,75,75,75,75,75,75,75,75,75,75,75,75,75,75,75,75,75,75,75,75,75,75,75,75,75,75,75,75,75,75,75,75,75,75,75,75,75,75,75,75,75,75,75,75,75,75,75,75,75,75,75,75],"card_choices":[{"not_picked":["Wild Strike","Shrug It Off"],"picked":"Armaments","floor":1.0},{"not_picked":["Iron Wave","True Grit"],"picked":"Pommel Strike","floor":2.0},{"not_picked":["Thunderclap","Blood for Blood"],"picked":"Pommel Strike","floor":6.0},{"not_picked":["Perfected Strike","Wild Strike","Combust"],"picked":"Sword Boomerang","floor":8.0},{"not_picked":["Entrench","Rage","Combust+1"],"picked":"Pommel Strike","floor":12.0},{"not_picked":["Second Wind","Burning Pact","Wild Strike","Clothesline"],"picked":"SKIP","floor":13.0},{"not_picked":["Dual Wield","Sword Boomerang","Havoc"],"picked":"Double Tap","floor":14.0},{"not_picked":["Barricade+1","Juggernaut+1","Fiend Fire"],"picked":"Reaper","floor":16.0},{"not_picked":["Uppercut","Clothesline","Thunderclap"],"picked":"Shrug It Off","floor":18.0},{"not_picked":["Thunderclap","Spot Weakness","Feed"],"picked":"Metallicize+1","floor":21.0},{"not_picked":["Anger+1","Flex+1","Burning Pact","Clothesline"],"picked":"SKIP","floor":24.0},{"not_picked":["Power Through","Clash+1","Anger","Perfected Strike"],"picked":"SKIP","floor":25.0},{"not_picked":["Shrug It Off","Rupture+1","Uppercut"],"picked":"Heavy Blade+1","floor":28.0},{"not_picked":["Battle Trance","Power Through","Perfected Strike","Armaments"],"picked":"SKIP","floor":30.0},{"not_picked":["Seeing Red+1","Heavy Blade","Havoc+1"],"picked":"Impervious","floor":31.0},{"not_picked":["Barricade+1","Immolate","Juggernaut+1"],"picked":"Exhume","floor":33.0},{"not_picked":["Shrug It Off"],"picked":"Burning Pact","floor":35.0},{"not_picked":["Transmutation"],"picked":"Apotheosis","floor":37.0},{"not_picked":["Transmutation"],"picked":"Dramatic Entrance","floor":37.0},{"not_picked":["Deep Breath"],"picked":"Enlightenment","floor":37.0},{"not_picked":["Clothesline"],"picked":"Headbutt+1","floor":38.0},{"not_picked":["Power Through","Warcry"],"picked":"SKIP","floor":39.0},{"not_picked":["Bloodletting"],"picked":"Havoc","floor":41.0},{"not_picked":["Warcry","Shrug It Off"],"picked":"SKIP","floor":44.0},{"not_picked":["Thunderclap"],"picked":"Demon Form+1","floor":45.0},{"not_picked":["Wild Strike","Body Slam"],"picked":"SKIP","floor":47.0},{"not_picked":["Rage+1","Warcry"],"picked":"SKIP","floor":48.0}],"player_experience":587354,"relics_obtained":[{"floor":6.0,"key":"Question Card"},{"floor":9.0,"key":"Frozen Egg 2"},{"floor":12.0,"key":"Bronze Scales"},{"floor":14.0,"key":"Mercury Hourglass"},{"floor":22.0,"key":"Bottled Lightning"},{"floor":25.0,"key":"FossilizedHelix"},{"floor":26.0,"key":"Shuriken"},{"floor":38.0,"key":"Pocketwatch"},{"floor":41.0,"key":"Art of War"},{"floor":45.0,"key":"Thread and Needle"}],"event_choices":[{"damage_healed":0.0,"max_hp_gain":0.0,"max_hp_loss":0.0,"gold_gain":0.0,"event_name":"Big Fish","player_choice":"Box","floor":3.0,"gold_loss":0.0,"damage_taken":0.0,"relics_obtained":["Sundial"],"cards_obtained":["Regret"]},{"damage_healed":0.0,"max_hp_gain":0.0,"max_hp_loss":0.0,"gold_gain":0.0,"event_name":"Scrap Ooze","player_choice":"Success","floor":4.0,"gold_loss":0.0,"damage_taken":18.0,"relics_obtained":["Centennial Puzzle"]},{"cards_removed":["Regret"],"damage_healed":0.0,"max_hp_gain":0.0,"max_hp_loss":0.0,"gold_gain":0.0,"event_name":"Living Wall","player_choice":"Forget","floor":5.0,"gold_loss":0.0,"damage_taken":0.0},{"damage_healed":15.0,"max_hp_gain":0.0,"max_hp_loss":0.0,"gold_gain":0.0,"event_name":"The Library","player_choice":"Heal","floor":19.0,"gold_loss":0.0,"damage_taken":0.0},{"damage_healed":0.0,"max_hp_gain":0.0,"max_hp_loss":0.0,"gold_gain":0.0,"event_name":"Addict","player_choice":"Obtained Relic","floor":20.0,"gold_loss":85.0,"damage_taken":0.0,"relics_obtained":["Ancient Tea Set"]},{"damage_healed":0.0,"max_hp_gain":0.0,"max_hp_loss":0.0,"gold_gain":0.0,"cards_transformed":["Defend_R","Strike_R"],"event_name":"Drug Dealer","player_choice":"Became Test Subject","floor":27.0,"gold_loss":0.0,"damage_taken":0.0,"cards_obtained":["Searing Blow","Feel No Pain"]},{"damage_healed":0.0,"max_hp_gain":0.0,"max_hp_loss":0.0,"gold_gain":0.0,"event_name":"SensoryStone","player_choice":"Memory 3","floor":37.0,"gold_loss":0.0,"damage_taken":10.0},{"damage_healed":0.0,"max_hp_gain":0.0,"max_hp_loss":0.0,"gold_gain":0.0,"event_name":"MindBloom","player_choice":"Fight","floor":38.0,"gold_loss":0.0,"damage_taken":0.0},{"cards_removed":["Dramatic Entrance"],"damage_healed":0.0,"max_hp_gain":0.0,"max_hp_loss":0.0,"gold_gain":0.0,"event_name":"Falling","player_choice":"Removed Attack","floor":46.0,"gold_loss":0.0,"damage_taken":0.0}],"is_beta":false,"boss_relics":[{"not_picked":["Pandora\u0027s Box","Runic Pyramid"],"picked":"Sozu"},{"not_picked":["Tiny House","Orrery"],"picked":"Busted Crown"}],"items_purged_floors":[42],"is_endless":false,"potions_floor_spawned":[12,13,16,21,25,31,33,38,39,44,47],"killed_by":"Shield and Spear","ascension_level":20}