{"gold_per_floor":[114,129,141,151,166,198,211,211,211,211,237,250,263,277,277,381,381,393,422,422,439,459,476,18,18,18,18,18,52,151,165,165,165],"floor_reached":33,"playtime":2848,"items_purged":[],"score":368,"play_id":"72cd99fb-82c8-4e82-ba32-8c5555756e12","local_time":"20181228155738","is_ascension_mode":true,"campfire_choices":[{"floor":8.0,"key":"REST"},{"floor":10.0,"key":"REST"},{"data":"Armaments","floor":15.0,"key":"SMITH"},{"floor":25,"key":"REST"},{"floor":27,"key":"REST"},{"data":"Flame Barrier","floor":32,"key":"SMITH"}],"neow_cost":"NONE","seed_source_timestamp":847193642943162,"circlet_count":0,"master_deck":["Strike_R","Strike_R","Strike_R","Strike_R","Defend_R","Defend_R","Defend_R","Defend_R","Bash+1","Burning Pact","Pommel Strike+1","Wild Strike","Uppercut","Impervious","Headbutt","Cleave","Iron Wave","Fiend Fire","Dropkick","Armaments+1","Power Through","Bludgeon","Clothesline+1","Wild Strike+1","Warcry","Flame Barrier+1","Shrug It Off+1","Flex+1"],"special_seed":0,"relics":["Burning Blood","Whetstone","Mummified Hand","Mark of Pain","Red Mask","Meat on the Bone","Toy Ornithopter","Pantograph","Bottled Lightning"],"potions_floor_usage":[21,22,22,23,29],"damage_taken":[{"damage":1.0,"enemies":"Cultist","floor":1.0,"turns":4.0},{"damage":14.0,"enemies":"Jaw Worm","floor":2.0,"turns":3.0},{"damage":9.0,"enemies":"Small Slimes","floor":3.0,"turns":4.0},{"damage":7.0,"enemies":"3 Louse","floor":4.0,"turns":4.0},{"damage":9.0,"enemies":"Blue Slaver","floor":5.0,"turns":3.0},{"damage":30.0,"enemies":"Gremlin Nob","floor":6.0,"turns":6.0},{"damage":16.0,"enemies":"Lots of Slimes","floor":7.0,"turns":3.0},{"damage":20.0,"enemies":"3 Sentries","floor":11.0,"turns":5.0},{"damage":8.0,"enemies":"Looter","floor":12.0,"turns":2.0},{"damage":0.0,"enemies":"Large Slime","floor":13.0,"turns":4.0},{"damage":6.0,"enemies":"Blue Slaver","floor":14.0,"turns":3.0},{"damage":60.0,"enemies":"Hexaghost","floor":16.0,"turns":10.0},{"damage":23.0,"enemies":"2 Thieves","floor":18.0,"turns":3.0},{"damage":38,"enemies":"Masked Bandits","floor":19,"turns":4},{"damage":0,"enemies":"Spheric Guardian","floor":21,"turns":3},{"damage":0,"enemies":"Snecko","floor":22,"turns":3},{"damage":19,"enemies":"Sentry and Sphere","floor":23,"turns":4},{"damage":29,"enemies":"Book of Stabbing","floor":29,"turns":5},{"damage":21,"enemies":"Centurion and Healer","floor":31,"turns":5},{"damage":83,"enemies":"Champ","floor":33,"turns":11}],"seed_played":"3521973721028764397","potions_obtained":[{"floor":2.0,"key":"Block Potion"},{"floor":3.0,"key":"Weak Potion"},{"floor":7.0,"key":"AttackPotion"},{"floor":13.0,"key":"Block Potion"},{"floor":16.0,"key":"Regen Potion"},{"floor":19,"key":"Block Potion"},{"floor":20,"key":"Weak Potion"},{"floor":20,"key":"Swift Potion"},{"floor":20,"key":"Energy Potion"},{"floor":21,"key":"Regen Potion"},{"floor":22,"key":"SkillPotion"},{"floor":31,"key":"Ancient Potion"}],"is_trial":false,"path_per_floor":["M","M","M","M","M","E","M","R","T","R","E","M","M","M","R","B",null,"M","?","?","M","M","M","$","R","T","R","$","E","?","M","R","B"],"character_chosen":"IRONCLAD","items_purchased":["Meat on the Bone","Toy Ornithopter"],"campfire_rested":4,"item_purchase_floors":[24,24],"current_hp_per_floor":[77,69,66,65,62,38,28,52,52,76,62,60,66,66,66,12,63,55,23,23,29,44,31,31,55,55,79,79,61,61,58,58,0],"gold":165,"neow_bonus":"TRANSFORM_CARD","is_prod":false,"is_daily":false,"chose_seed":false,"campfire_upgraded":2,"win_rate":0,"timestamp":1546030658,"path_taken":["M","M","M","M","M","E","M","R","T","R","E","M","M","M","R","BOSS","M","?","?","?","M","M","$","R","T","R","$","E","?","M","R","BOSS"],"build_version":"2018-12-20","purchased_purges":0,"victory":false,"max_hp_per_floor":[80,80,80,80,80,80,80,80,80,80,80,80,80,80,80,80,80,80,80,80,80,80,80,80,80,80,80,80,80,80,80,80,80],"card_choices":[{"not_picked":["Twin Strike","Blood for Blood"],"picked":"Pommel Strike","floor":1.0},{"not_picked":["Twin Strike","Heavy Blade"],"picked":"Wild Strike","floor":2.0},{"not_picked":["Clash","Inflame"],"picked":"Uppercut","floor":3.0},{"not_picked":["Heavy Blade","Disarm"],"picked":"Impervious","floor":4.0},{"not_picked":["Ghostly Armor","Clash"],"picked":"Headbutt","floor":5.0},{"not_picked":["Headbutt","Twin Strike"],"picked":"Cleave","floor":6.0},{"not_picked":["Body Slam","Combust"],"picked":"Iron Wave","floor":7.0},{"not_picked":["Sword Boomerang","Headbutt"],"picked":"Fiend Fire","floor":11.0},{"not_picked":["Clash","Clothesline"],"picked":"Dropkick","floor":12.0},{"not_picked":["Headbutt","Ghostly Armor"],"picked":"Armaments","floor":13.0},{"not_picked":["Ghostly Armor","True Grit"],"picked":"Power Through","floor":14.0},{"not_picked":["Impervious","Exhume"],"picked":"Bludgeon","floor":16.0},{"not_picked":["Ghostly Armor","Seeing Red"],"picked":"Clothesline+1","floor":18.0},{"not_picked":["Clothesline","Reckless Charge"],"picked":"Wild Strike+1","floor":19},{"not_picked":["Dual Wield","Disarm"],"picked":"Warcry","floor":21},{"not_picked":["Second Wind","Ghostly Armor"],"picked":"Flame Barrier","floor":22},{"not_picked":["Perfected Strike","Havoc","Body Slam"],"picked":"SKIP","floor":23},{"not_picked":["Dual Wield","Anger"],"picked":"Shrug It Off+1","floor":29},{"not_picked":["Cleave+1","Seeing Red+1"],"picked":"Flex+1","floor":31}],"player_experience":270841,"relics_obtained":[{"floor":6.0,"key":"Whetstone"},{"floor":11.0,"key":"Mummified Hand"},{"floor":19,"key":"Red Mask"},{"floor":26,"key":"Pantograph"},{"floor":29,"key":"Bottled Lightning"}],"event_choices":[{"damage_healed":0,"gold_gain":0,"player_choice":"Fought Bandits","damage_taken":0,"max_hp_gain":0,"max_hp_loss":0,"event_name":"Masked Bandits","floor":19,"gold_loss":0},{"damage_healed":0,"gold_gain":0,"player_choice":"Got Potions","damage_taken":0,"max_hp_gain":0,"max_hp_loss":0,"event_name":"Lab","floor":20,"gold_loss":0},{"damage_healed":0,"gold_gain":99,"player_choice":"Stole From Cult","damage_taken":0,"max_hp_gain":0,"max_hp_loss":0,"event_name":"Nest","floor":30,"gold_loss":0}],"is_beta":false,"boss_relics":[{"not_picked":["Coffee Dripper","Runic Dome"],"picked":"Mark of Pain"}],"items_purged_floors":[],"is_endless":false,"potions_floor_spawned":[2,3,7,13,16,19,21,22,31],"killed_by":"Champ","ascension_level":6}