{"gold_per_floor":[114,134,134,146,146,146,157,157,157,172,172,198,198,225,225,299,299,312,312],"floor_reached":19,"playtime":2244,"items_purged":[],"score":345,"play_id":"87b6fc53-fcda-4ea8-bf30-171fe7d9b524","local_time":"20190123114406","is_ascension_mode":true,"campfire_choices":[{"data":"Streamline","floor":6.0,"key":"SMITH"},{"data":"Zap","floor":8.0,"key":"SMITH"},{"floor":11.0,"key":"REST"},{"floor":13.0,"key":"REST"},{"data":"Coolheaded","floor":15.0,"key":"SMITH"}],"neow_cost":"NONE","seed_source_timestamp":586250877644711,"circlet_count":0,"master_deck":["AscendersBane","Strike_B","Strike_B","Strike_B","Defend_B","Defend_B","Defend_B","Defend_B","Zap+1","Dualcast","Coolheaded+1","Streamline+1","Sweeping Beam","Compile Driver","Conserve Battery","Multi-Cast","Cold Snap","Creative AI","Go for the Eyes"],"special_seed":0,"relics":["Cracked Core","Bag of Marbles","Darkstone Periapt","WingedGreaves","Blue Candle","Pantograph","Nuclear Battery"],"potions_floor_usage":[],"damage_taken":[{"damage":7.0,"enemies":"Jaw Worm","floor":1.0,"turns":3.0},{"damage":11.0,"enemies":"2 Louse","floor":2.0,"turns":3.0},{"damage":6.0,"enemies":"Cultist","floor":4.0,"turns":3.0},{"damage":10.0,"enemies":"Large Slime","floor":7.0,"turns":4.0},{"damage":9.0,"enemies":"Red Slaver","floor":10.0,"turns":2.0},{"damage":19.0,"enemies":"Lagavulin","floor":12.0,"turns":6.0},{"damage":9.0,"enemies":"3 Sentries","floor":14.0,"turns":4.0},{"damage":19.0,"enemies":"The Guardian","floor":16.0,"turns":12.0},{"damage":59,"enemies":"3 Byrds","floor":18,"turns":5},{"damage":0,"enemies":"Chosen","floor":19,"turns":3}],"seed_played":"8959089947144767174","potions_obtained":[{"floor":1.0,"key":"Explosive Potion"},{"floor":10.0,"key":"Regen Potion"},{"floor":12.0,"key":"SneckoOil"},{"floor":16.0,"key":"EssenceOfSteel"}],"is_trial":false,"path_per_floor":["?","?"],"character_chosen":"DEFECT","items_purchased":[],"campfire_rested":2,"item_purchase_floors":[],"current_hp_per_floor":[57,46,41,35,35,35,25,25,25,16,37,33,54,45,45,51,66,7,7],"gold":312,"neow_bonus":"RANDOM_COMMON_RELIC","is_prod":false,"is_daily":false,"chose_seed":false,"campfire_upgraded":3,"win_rate":0,"timestamp":1548272646,"path_taken":["M","M","?","M","?","R","M","R","T","M","R","E","R","E","R","BOSS","M","M"],"build_version":"2019-01-23","purchased_purges":0,"victory":false,"max_hp_per_floor":[71,71,71,71,71,71,71,71,71,71,71,71,71,71,71,71,71,71,71],"card_choices":[{"not_picked":["Darkness","Hello World"],"picked":"Coolheaded","floor":1.0},{"not_picked":["Turbo","Genetic Algorithm"],"picked":"Streamline","floor":2.0},{"not_picked":["Auto Shields","Go for the Eyes"],"picked":"Sweeping Beam","floor":4.0},{"not_picked":["Streamline","Reboot"],"picked":"Compile Driver","floor":7.0},{"not_picked":["Tempest","Double Energy"],"picked":"Conserve Battery","floor":10.0},{"not_picked":["Heatsinks","Skim"],"picked":"Multi-Cast","floor":12.0},{"not_picked":["Lockon","Chaos"],"picked":"Cold Snap","floor":14.0},{"not_picked":["Meteor Strike","Amplify"],"picked":"Creative AI","floor":16.0},{"not_picked":["Fusion","Loop"],"picked":"Go for the Eyes","floor":18}],"player_experience":1730621,"relics_obtained":[{"floor":9.0,"key":"WingedGreaves"},{"floor":12.0,"key":"Blue Candle"},{"floor":14.0,"key":"Pantograph"}],"event_choices":[{"damage_healed":0.0,"max_hp_gain":0.0,"max_hp_loss":0.0,"gold_gain":0.0,"event_name":"Scrap Ooze","player_choice":"Success","floor":3.0,"gold_loss":0.0,"damage_taken":5.0,"relics_obtained":["Darkstone Periapt"]},{"cards_removed":["Strike_B"],"damage_healed":0.0,"max_hp_gain":0.0,"max_hp_loss":0.0,"gold_gain":0.0,"event_name":"Purifier","player_choice":"Purged","floor":5.0,"gold_loss":0.0,"damage_taken":0.0}],"is_beta":false,"boss_relics":[{"not_picked":["Empty Cage","Coffee Dripper"],"picked":"Nuclear Battery"}],"items_purged_floors":[],"is_endless":false,"potions_floor_spawned":[1,10,12,16],"killed_by":"Chosen","ascension_level":19}