{"gold_per_floor":[119,137,137,147,99,99,125,155,155,330,12,0,0,16,16,113,113,124,134,134,134,154,154,54,54,54,54,54,54,87,103,103,201,201,220,220,95,95,0,0,18,18,18,18,32,46,46],"floor_reached":47,"playtime":3499,"items_purged":["Doubt","Strike_B","Strike_B"],"score":508,"play_id":"e0521770-1c7d-4544-b1f1-91b32ff2248a","local_time":"20180704151015","is_ascension_mode":true,"campfire_choices":[{"data":"Hello World","floor":6,"key":"SMITH"},{"data":"Zap","floor":13,"key":"SMITH"},{"data":"Conserve Battery","floor":15,"key":"SMITH"},{"data":"Creative AI","floor":23,"key":"SMITH"},{"data":"Ball Lightning","floor":25,"key":"SMITH"},{"floor":28,"key":"REST"},{"floor":32,"key":"REST"},{"data":"Heatsinks","floor":40,"key":"SMITH"},{"data":"Echo Form","floor":42,"key":"SMITH"},{"floor":44,"key":"REST"}],"neow_cost":"NONE","seed_source_timestamp":610709587330208,"circlet_count":0,"master_deck":["Strike_B","Defend_B","Defend_B","Defend_B","Defend_B","Zap+1","Dualcast","Core Surge","Hello World+1","Cold Snap","Ball Lightning+1","Flash of Steel","Conserve Battery+1","Creative AI+1","Steam+1","Redo+1","Heatsinks+1","Echo Form+1","Echo Form","Bandage Up","Enlightenment","Blind","Force Field+1"],"relics":["Cracked Core","Kunai","Oddly Smooth Stone","Letter Opener","Bag of Marbles","Nuclear Battery","Gambling Chip","Symbiotic Virus","Philosopher\u0027s Stone","Red Mask","The Courier"],"potions_floor_usage":[14,30,30,33,45,46,47],"damage_taken":[{"damage":0,"enemies":"2 Louse","floor":1,"turns":1},{"damage":2,"enemies":"Jaw Worm","floor":2,"turns":3},{"damage":0,"enemies":"Cultist","floor":4,"turns":3},{"damage":21,"enemies":"Lagavulin","floor":7,"turns":5},{"damage":2,"enemies":"Exordium Thugs","floor":14,"turns":4},{"damage":9,"enemies":"The Guardian","floor":16,"turns":11},{"damage":8,"enemies":"3 Byrds","floor":18,"turns":4},{"damage":28,"enemies":"2 Thieves","floor":19,"turns":5},{"damage":3,"enemies":"Snake Plant","floor":22,"turns":4},{"damage":18,"enemies":"Book of Stabbing","floor":30,"turns":5},{"damage":3,"enemies":"Sentry and Sphere","floor":31,"turns":4},{"damage":1,"enemies":"Champ","floor":33,"turns":8},{"damage":8,"enemies":"Orb Walker","floor":35,"turns":4},{"damage":3,"enemies":"3 Shapes","floor":41,"turns":3},{"damage":30,"enemies":"Sphere and 2 Shapes","floor":45,"turns":4},{"damage":17,"enemies":"3 Darklings","floor":46,"turns":4},{"damage":39,"enemies":"2 Orb Walkers","floor":47,"turns":3}],"seed_played":"5635498218625891167","potions_obtained":[{"floor":1,"key":"Strength Potion"},{"floor":7,"key":"GamblersBrew"},{"floor":14,"key":"LiquidBronze"},{"floor":19,"key":"Energy Potion"},{"floor":22,"key":"Dexterity Potion"},{"floor":30,"key":"Explosive Potion"},{"floor":31,"key":"Weak Potion"},{"floor":41,"key":"Ancient Potion"},{"floor":45,"key":"Swift Potion"}],"is_trial":false,"path_per_floor":["M","M","?","M","$","R","E","?","T","?","$","?","R","M","R","B",null,"M","M","?","?","M","R","$","R","T","?","R","$","E","M","R","B",null,"M","?","$","$","?","R","M","R","T","R","M","M"],"character_chosen":"DEFECT","items_purchased":["Ball Lightning","Bag of Marbles","Flash of Steel"],"campfire_rested":3,"item_purchase_floors":[5,11,11],"current_hp_per_floor":[75,73,66,66,66,66,45,45,45,45,45,45,45,43,43,34,75,67,39,39,39,36,36,36,36,36,36,58,58,40,37,59,58,75,67,57,57,57,57,57,58,58,58,75,45,32,0],"gold":46,"neow_bonus":"ONE_RANDOM_RARE_CARD","is_prod":false,"is_daily":false,"chose_seed":false,"campfire_upgraded":7,"win_rate":0,"timestamp":1530681015,"path_taken":["M","M","?","M","?","R","E","?","T","?","$","?","R","?","R","BOSS","M","M","?","?","?","R","?","R","T","?","R","$","E","M","R","BOSS","M","?","?","$","?","R","M","R","T","R","?","M","E"],"build_version":"2018-06-28","purchased_purges":3,"victory":false,"max_hp_per_floor":[75,75,75,75,75,75,75,75,75,75,75,75,75,75,75,75,75,75,75,75,75,75,75,75,75,75,75,75,75,75,75,75,75,75,75,75,75,75,75,75,75,75,75,75,75,75,75],"card_choices":[{"not_picked":["Barrage","Redo"],"picked":"Hello World","floor":1},{"not_picked":["Gash","Barrage","Rebound"],"picked":"SKIP","floor":2},{"not_picked":["Rebound","Skim"],"picked":"Cold Snap","floor":4},{"not_picked":["Recycle","Conserve Battery","Seek"],"picked":"SKIP","floor":7},{"not_picked":["Coolheaded","Heatsinks"],"picked":"Conserve Battery","floor":14},{"not_picked":["Multi-Cast","All For One"],"picked":"Creative AI","floor":16},{"not_picked":["Gash","Redo"],"picked":"Steam+1","floor":18},{"not_picked":["Sweeping Beam","Stack+1","Compile Driver"],"picked":"SKIP","floor":19},{"not_picked":["BootSequence+1","Turbo"],"picked":"Redo+1","floor":22},{"not_picked":["Recycle+1","Melter"],"picked":"Heatsinks","floor":30},{"not_picked":["Steam+1","Beam Cell+1"],"picked":"Echo Form","floor":31},{"not_picked":["Hyperbeam","Electrodynamics"],"picked":"Echo Form","floor":33},{"not_picked":["Darkness","Coolheaded","Tempest+1"],"picked":"SKIP","floor":35},{"not_picked":["Panacea","Deep Breath"],"picked":"Bandage Up","floor":36},{"not_picked":["Trip","Mind Blast"],"picked":"Enlightenment","floor":36},{"not_picked":["Madness","Dramatic Entrance"],"picked":"Blind","floor":36},{"not_picked":["Leap","BootSequence+1"],"picked":"Force Field+1","floor":41},{"not_picked":["Steam+1","Darkness+1","Beam Cell"],"picked":"SKIP","floor":45},{"not_picked":["Cold Snap","Turbo","Hologram"],"picked":"SKIP","floor":46}],"player_experience":487742,"relics_obtained":[{"floor":7,"key":"Kunai"},{"floor":9,"key":"Letter Opener"},{"floor":26,"key":"Gambling Chip"},{"floor":30,"key":"Symbiotic Virus"},{"floor":43,"key":"The Courier"}],"event_choices":[{"event_name":"Golden Wing","player_choice":"Card Removal","floor":3,"damage_taken":0},{"event_name":"Dead Adventurer","player_choice":"Searched \u00272\u0027 times","floor":8,"damage_taken":0},{"event_name":"Liars Game","player_choice":"agreed","floor":10,"damage_taken":0},{"event_name":"World of Goop","player_choice":"Left","floor":12,"damage_taken":0},{"event_name":"Ghosts","player_choice":"Ignored","floor":20,"damage_taken":0},{"event_name":"Vampires","player_choice":"Ignored","floor":21,"damage_taken":0},{"event_name":"Beggar","player_choice":"Ignored","floor":27,"damage_taken":0},{"event_name":"SensoryStone","player_choice":"Memory 3","floor":36,"damage_taken":0},{"event_name":"Tomb of Lord Red Mask","player_choice":"Paid","floor":39,"damage_taken":0}],"boss_relics":[{"not_picked":["Ectoplasm","Coffee Dripper"],"picked":"Nuclear Battery"},{"not_picked":["Astrolabe","Calling Bell"],"picked":"Philosopher\u0027s Stone"}],"items_purged_floors":[11,24,37],"is_endless":false,"potions_floor_spawned":[1,7,14,19,22,30,31,41,45],"killed_by":"2 Orb Walkers","ascension_level":2}