{"gold_per_floor":[17,17,37,54,54,54,73,107,107,107],"floor_reached":10,"playtime":380,"items_purged":[],"score":99,"play_id":"467a2300-7044-4c92-bc5a-02813eb90826","local_time":"20181229200522","is_ascension_mode":true,"campfire_choices":[{"data":"Neutralize","floor":6,"key":"SMITH"}],"neow_cost":"NO_GOLD","seed_source_timestamp":740770750707739,"circlet_count":0,"master_deck":["Defend_G","Defend_G","Defend_G","Defend_G","Strike_G","Strike_G","Strike_G","Strike_G","Strike_G","Survivor","Neutralize+1","Accuracy","Finisher","Dagger Spray","Blade Dance","Cloak And Dagger"],"relics":["Ring of the Snake","Pocketwatch","PreservedInsect","Art of War"],"potions_floor_usage":[7,8],"damage_taken":[{"damage":0,"enemies":"Small Slimes","floor":1,"turns":3},{"damage":4,"enemies":"Cultist","floor":3,"turns":3},{"damage":0,"enemies":"2 Louse","floor":4,"turns":2},{"damage":8,"enemies":"Large Slime","floor":7,"turns":5},{"damage":45,"enemies":"Lagavulin","floor":8,"turns":7},{"damage":9,"enemies":"Gremlin Nob","floor":10,"turns":2}],"seed_played":"-2313217405687839345","potions_obtained":[{"floor":1,"key":"Weak Potion"},{"floor":4,"key":"Fire Potion"}],"is_trial":false,"path_per_floor":["M","?","M","M","$","R","M","E","T","E"],"character_chosen":"THE_SILENT","items_purchased":[],"campfire_rested":0,"item_purchase_floors":[],"current_hp_per_floor":[63,63,59,59,59,59,51,6,6,0],"gold":107,"neow_bonus":"ONE_RARE_RELIC","is_prod":false,"is_daily":false,"chose_seed":false,"campfire_upgraded":1,"win_rate":0,"timestamp":1546135522,"path_taken":["M","?","?","M","?","R","M","E","T","E"],"build_version":"2018-12-20","purchased_purges":0,"victory":false,"max_hp_per_floor":[70,70,70,70,70,70,70,70,70,70],"card_choices":[{"not_picked":["Riddle With Holes","Sucker Punch"],"picked":"Accuracy","floor":1},{"not_picked":["Dagger Spray","Quick Slash"],"picked":"Finisher","floor":3},{"not_picked":["Quick Slash","Dagger Throw"],"picked":"Dagger Spray","floor":4},{"not_picked":["Backflip","Sucker Punch"],"picked":"Blade Dance","floor":7},{"not_picked":["Slice","Backstab"],"picked":"Cloak And Dagger","floor":8}],"player_experience":342648,"relics_obtained":[{"floor":8,"key":"PreservedInsect"},{"floor":9,"key":"Art of War"}],"event_choices":[{"cards_removed":["Defend_G"],"damage_healed":0,"gold_gain":0,"player_choice":"Offered Basic","damage_taken":0,"max_hp_gain":0,"max_hp_loss":0,"event_name":"Bonfire Elementals","floor":2,"gold_loss":0}],"is_beta":false,"boss_relics":[],"items_purged_floors":[],"is_endless":false,"potions_floor_spawned":[1,4],"killed_by":"Gremlin Nob","ascension_level":9}