{"gold_per_floor":[112,112,122,137,32,32,52,52,79,79,3,20,20,20,20,122,122,141,129,144,144],"floor_reached":21,"playtime":970,"items_purged":[],"score":197,"play_id":"1aaa4748-1a9a-40e1-b511-f294eaaf9938","local_time":"20190206145222","is_ascension_mode":true,"campfire_choices":[{"data":"Hologram","floor":6,"key":"SMITH"},{"floor":8,"key":"RECALL"},{"data":"Defragment","floor":10,"key":"SMITH"},{"data":"Static Discharge","floor":13,"key":"SMITH"},{"floor":15,"key":"REST"}],"neow_cost":"NONE","seed_source_timestamp":439330000864316,"circlet_count":0,"master_deck":["Strike_B","Strike_B","Strike_B","Strike_B","Defend_B","Defend_B","Defend_B","Defend_B","Zap","Dualcast","Go for the Eyes","Decay","Hologram","Doom and Gloom","Self Repair","Hologram+1","Defragment+1","Static Discharge+1","Conserve Battery","Thunder Strike","Redo","Defragment","Leap"],"relics":["Cracked Core","Potion Belt","Runic Pyramid"],"potions_floor_usage":[],"damage_taken":[{"damage":2,"enemies":"Jaw Worm","floor":1,"turns":3},{"damage":2,"enemies":"Cultist","floor":3,"turns":3},{"damage":9,"enemies":"Small Slimes","floor":4,"turns":4},{"damage":17,"enemies":"Exordium Wildlife","floor":7,"turns":3},{"damage":18,"enemies":"2 Fungi Beasts","floor":12,"turns":4},{"damage":25,"enemies":"Slime Boss","floor":16,"turns":6},{"damage":13,"enemies":"3 Byrds","floor":18,"turns":3},{"damage":26,"enemies":"2 Thieves","floor":19,"turns":5},{"damage":27,"enemies":"Shelled Parasite and Fungi","floor":20,"turns":4},{"damage":31,"enemies":"Centurion and Healer","floor":21,"turns":2}],"seed_played":"-5566006431917882531","potions_obtained":[{"floor":1,"key":"Regen Potion"},{"floor":4,"key":"EssenceOfSteel"},{"floor":16,"key":"FearPotion"},{"floor":20,"key":"Strength Potion"}],"is_trial":false,"path_per_floor":["M","?","M","M","$","R","M","R","T","R","$","M","R","?","R","B",null,"M","M","M","M"],"character_chosen":"DEFECT","items_purchased":["Self Repair","Hologram","Static Discharge"],"campfire_rested":1,"item_purchase_floors":[5,5,11],"current_hp_per_floor":[80,80,78,69,69,69,59,59,59,59,59,48,48,45,69,44,82,69,50,23,0],"gold":144,"neow_bonus":"TEN_PERCENT_HP_BONUS","is_prod":false,"is_daily":false,"chose_seed":false,"campfire_upgraded":3,"win_rate":0,"timestamp":1549461142,"path_taken":["M","?","M","M","?","R","M","R","T","R","$","?","R","?","R","BOSS","M","M","M","M"],"build_version":"2019-01-23","purchased_purges":0,"victory":false,"max_hp_per_floor":[82,82,82,82,82,82,82,82,82,82,82,82,82,82,82,82,82,82,82,82,82],"card_choices":[{"not_picked":["Rebound","Consume"],"picked":"Go for the Eyes","floor":1},{"not_picked":["Turbo","Barrage"],"picked":"Hologram","floor":3},{"not_picked":["Hologram","Conserve Battery"],"picked":"Doom and Gloom","floor":4},{"not_picked":["Compile Driver","Chill"],"picked":"Defragment","floor":7},{"not_picked":["Reprogram","Barrage"],"picked":"Conserve Battery","floor":12},{"not_picked":["Amplify","Core Surge"],"picked":"Thunder Strike","floor":16},{"not_picked":["Melter","Turbo"],"picked":"Redo","floor":18},{"not_picked":["Double Energy+1","Stack+1"],"picked":"Defragment","floor":19},{"not_picked":["Gash","Storm"],"picked":"Leap","floor":20}],"player_experience":585393,"relics_obtained":[],"event_choices":[{"damage_healed":0,"gold_gain":0,"player_choice":"Cursed","damage_taken":0,"max_hp_gain":0,"max_hp_loss":0,"event_name":"Wheel of Change","floor":2,"gold_loss":0,"cards_obtained":["Decay"]},{"damage_healed":0,"gold_gain":0,"player_choice":"Success","damage_taken":3,"relics_obtained":["Potion Belt"],"max_hp_gain":0,"max_hp_loss":0,"event_name":"Scrap Ooze","floor":14,"gold_loss":0}],"is_beta":false,"boss_relics":[{"not_picked":["Tiny House","Lizard Tail"],"picked":"Runic Pyramid"}],"items_purged_floors":[],"is_endless":false,"potions_floor_spawned":[1,4,16,20],"killed_by":"Centurion and Healer","ascension_level":3}