{"gold_per_floor":[115,115,115,135,154,154,183,183,208,228,245,245,245,276,276,276],"floor_reached":16,"playtime":441,"items_purged":[],"score":220,"play_id":"c1ef19bf-c9e6-41ff-a215-86a675327448","local_time":"20181105030141","is_ascension_mode":true,"campfire_choices":[{"data":"Armaments","floor":6,"key":"SMITH"},{"data":"Hemokinesis","floor":8,"key":"SMITH"},{"data":"Shockwave","floor":12,"key":"SMITH"},{"data":"Dual Wield","floor":15,"key":"SMITH"}],"neow_cost":"NONE","seed_source_timestamp":642788959092257,"circlet_count":0,"master_deck":["Strike_R","Strike_R","Strike_R","Defend_R","Defend_R","Defend_R","Defend_R","Bash","AscendersBane","Dual Wield+1","Hemokinesis+1","Armaments+1","Clothesline","Cleave","Feel No Pain","Shockwave+1"],"relics":["Burning Blood","NeowsBlessing","Strawberry","Pen Nib","Golden Idol","Juzu Bracelet"],"potions_floor_usage":[],"damage_taken":[{"damage":0,"enemies":"Small Slimes","floor":1,"turns":1},{"damage":0,"enemies":"Jaw Worm","floor":4,"turns":1},{"damage":0,"enemies":"Cultist","floor":5,"turns":1},{"damage":28,"enemies":"Gremlin Nob","floor":7,"turns":4},{"damage":33,"enemies":"Exordium Wildlife","floor":10,"turns":7},{"damage":8,"enemies":"Looter","floor":11,"turns":3},{"damage":23,"enemies":"3 Sentries","floor":14,"turns":13},{"damage":4,"enemies":"Hexaghost","floor":16,"turns":7}],"seed_played":"8945148816307233101","potions_obtained":[{"floor":1,"key":"SpeedPotion"},{"floor":4,"key":"SpeedPotion"}],"is_trial":false,"path_per_floor":["M","?","?","M","M","R","E","R","T","M","M","R","?","E","R","B"],"character_chosen":"IRONCLAD","items_purchased":[],"campfire_rested":0,"item_purchase_floors":[],"current_hp_per_floor":[74,74,74,75,75,75,60,60,60,33,31,31,31,14,14,10],"gold":276,"neow_bonus":"THREE_ENEMY_KILL","is_prod":false,"is_daily":false,"chose_seed":false,"campfire_upgraded":4,"win_rate":0,"timestamp":1541404901,"path_taken":["M","?","?","M","?","R","E","R","T","M","M","R","?","E","R","BOSS"],"build_version":"2018-10-30","purchased_purges":0,"victory":false,"max_hp_per_floor":[75,75,75,75,75,75,82,82,82,82,82,82,74,74,74,74],"card_choices":[{"not_picked":["Second Wind","Combust"],"picked":"Dual Wield","floor":1},{"not_picked":["Anger","Wild Strike"],"picked":"Armaments","floor":4},{"not_picked":["Anger","Combust"],"picked":"Clothesline","floor":5},{"not_picked":["Twin Strike","Anger"],"picked":"Cleave","floor":7},{"not_picked":["Disarm","Fire Breathing"],"picked":"Feel No Pain","floor":10},{"not_picked":["Flex","Anger"],"picked":"Shockwave","floor":11},{"not_picked":["Perfected Strike","Second Wind","Clash"],"picked":"SKIP","floor":14}],"player_experience":920898,"relics_obtained":[{"floor":7,"key":"Strawberry"},{"floor":9,"key":"Pen Nib"},{"floor":14,"key":"Juzu Bracelet"}],"event_choices":[{"damage_healed":0,"gold_gain":0,"cards_transformed":["Strike_R"],"player_choice":"Change","damage_taken":0,"max_hp_gain":0,"max_hp_loss":0,"event_name":"Living Wall","floor":2,"gold_loss":0,"cards_obtained":["Hemokinesis"]},{"cards_removed":["Strike_R"],"damage_healed":0,"gold_gain":0,"player_choice":"Card Removal","damage_taken":0,"max_hp_gain":0,"max_hp_loss":0,"event_name":"Wheel of Change","floor":3,"gold_loss":0},{"damage_healed":0,"gold_gain":0,"player_choice":"Lose Max HP","damage_taken":0,"relics_obtained":["Golden Idol"],"max_hp_gain":0,"max_hp_loss":8,"event_name":"Golden Idol","floor":13,"gold_loss":0}],"is_beta":true,"boss_relics":[],"items_purged_floors":[],"is_endless":false,"potions_floor_spawned":[1,4,5],"killed_by":"Hexaghost","ascension_level":20}