{"gold_per_floor":[111,22,22,39,57,88,88,120,120,15,0],"floor_reached":11,"playtime":380,"items_purged":[],"score":150,"play_id":"c7228e6e-fe40-4e10-a5a7-232bf3bdfb59","local_time":"20181203095727","is_ascension_mode":true,"campfire_choices":[{"data":"Defragment","floor":7,"key":"SMITH"}],"neow_cost":"NONE","seed_source_timestamp":1527260124531290,"circlet_count":0,"master_deck":["AscendersBane","Strike_B","Strike_B","Strike_B","Strike_B","Defend_B","Defend_B","Defend_B","Defend_B","Zap","Dualcast","Ball Lightning","Defragment+1","Hologram","Coolheaded","Undo","Glacier","Conserve Battery","Cold Snap"],"relics":["Cracked Core","GremlinMask","Mercury Hourglass","Boot","Symbiotic Virus"],"potions_floor_usage":[6],"damage_taken":[{"damage":1,"enemies":"Cultist","floor":1,"turns":4},{"damage":7,"enemies":"Small Slimes","floor":4,"turns":3},{"damage":2,"enemies":"Jaw Worm","floor":5,"turns":3},{"damage":41,"enemies":"Lagavulin","floor":6,"turns":6},{"damage":9,"enemies":"Gremlin Nob","floor":8,"turns":3},{"damage":27,"enemies":"Exordium Thugs","floor":11,"turns":3}],"seed_played":"2450676160315195885","potions_obtained":[{"floor":4,"key":"Regen Potion"}],"is_trial":false,"path_per_floor":["M","$","?","M","M","E","R","E","T","$","M"],"character_chosen":"DEFECT","items_purchased":["Defragment","Conserve Battery","Cold Snap"],"campfire_rested":0,"item_purchase_floors":[2,10,10],"current_hp_per_floor":[70,70,70,63,61,35,35,26,26,26,0],"gold":0,"neow_bonus":"TEN_PERCENT_HP_BONUS","is_prod":false,"is_daily":false,"chose_seed":false,"campfire_upgraded":1,"win_rate":0,"timestamp":1543859847,"path_taken":["M","$","?","M","M","E","R","E","T","$","M"],"build_version":"2018-11-15","purchased_purges":0,"victory":false,"max_hp_per_floor":[78,78,78,78,78,78,78,78,78,78,78],"card_choices":[{"not_picked":["Gash","Compile Driver"],"picked":"Ball Lightning","floor":1},{"not_picked":["Stack","Steam"],"picked":"Hologram","floor":4},{"not_picked":["Rebound","Turbo"],"picked":"Coolheaded","floor":5},{"not_picked":["Aggregate","Force Field"],"picked":"Undo","floor":6},{"not_picked":["Meteor Strike","Coolheaded"],"picked":"Glacier","floor":8}],"player_experience":1527174,"relics_obtained":[{"floor":6,"key":"Mercury Hourglass"},{"floor":8,"key":"Boot"},{"floor":9,"key":"Symbiotic Virus"}],"event_choices":[{"damage_healed":0,"gold_gain":0,"player_choice":"Trade","damage_taken":0,"relics_obtained":["GremlinMask"],"max_hp_gain":0,"max_hp_loss":0,"event_name":"FaceTrader","floor":3,"gold_loss":0}],"is_beta":false,"boss_relics":[],"items_purged_floors":[],"is_endless":false,"potions_floor_spawned":[4],"killed_by":"Exordium Thugs","ascension_level":17}