{"gold_per_floor":[117,67,67,67,82,111,111,143,143,163,163,163,189,202,202,302,302,302,302,302,302,302,302,302,302,302,302,302,302,302],"floor_reached":30,"playtime":852,"items_purged":[],"score":478,"play_id":"ce1d5bd7-0fae-4176-8e48-b6c20e44635d","local_time":"20181221230854","is_ascension_mode":true,"campfire_choices":[{"data":"Carnage","floor":12,"key":"SMITH"},{"data":"Reaper","floor":15,"key":"SMITH"}],"neow_cost":"CURSE","seed_source_timestamp":60113282711037,"circlet_count":0,"master_deck":["Strike_R","Strike_R","Strike_R","Strike_R","Strike_R","Defend_R","Defend_R","Defend_R+1","Defend_R+1","Bash","Bludgeon+1","Pommel Strike","Whirlwind","Thunderclap","Carnage+1","Regret","Iron Wave","Reaper+1","Reaper","Flex+1","Pommel Strike","Twin Strike","Twin Strike","Feed","Flex","Headbutt","Bludgeon+1"],"relics":["Burning Blood","FossilizedHelix","Bag of Marbles","Dodecahedron","Ancient Tea Set","Torii","Ectoplasm","Red Mask","War Paint","Kunai","Frozen Egg 2","Bag of Preparation","Toxic Egg 2","Smiling Mask"],"potions_floor_usage":[16,19,23,25,28,30],"damage_taken":[{"damage":3,"enemies":"Jaw Worm","floor":1,"turns":3},{"damage":5,"enemies":"Small Slimes","floor":5,"turns":2},{"damage":40,"enemies":"Lagavulin","floor":6,"turns":4},{"damage":0,"enemies":"Gremlin Nob","floor":8,"turns":3},{"damage":0,"enemies":"Cultist","floor":10,"turns":1},{"damage":0,"enemies":"Lagavulin","floor":13,"turns":3},{"damage":0,"enemies":"Blue Slaver","floor":14,"turns":1},{"damage":62,"enemies":"Hexaghost","floor":16,"turns":6},{"damage":0,"enemies":"Spheric Guardian","floor":18,"turns":3},{"damage":0,"enemies":"Masked Bandits","floor":19,"turns":2},{"damage":0,"enemies":"Chosen","floor":21,"turns":3},{"damage":14,"enemies":"Book of Stabbing","floor":23,"turns":3},{"damage":15,"enemies":"Centurion and Healer","floor":24,"turns":3},{"damage":22,"enemies":"Gremlin Leader","floor":25,"turns":5},{"damage":45,"enemies":"Book of Stabbing","floor":28,"turns":4},{"damage":36,"enemies":"Snake Plant","floor":30,"turns":2}],"seed_played":"2280591197907058094","potions_obtained":[{"floor":1,"key":"Fire Potion"},{"floor":6,"key":"SteroidPotion"},{"floor":10,"key":"Fire Potion"},{"floor":18,"key":"Block Potion"},{"floor":21,"key":"GamblersBrew"},{"floor":28,"key":"AttackPotion"}],"is_trial":false,"path_per_floor":["M","?","?","$","M","E","?","E","T","M","?","R","E","M","R","B",null,"M","?","?","M","T","E","M","E","T","?","E","?","M"],"character_chosen":"IRONCLAD","items_purchased":[],"campfire_rested":0,"item_purchase_floors":[],"current_hp_per_floor":[75,75,75,75,76,42,90,90,90,90,90,90,90,90,90,39,77,83,90,90,90,90,82,73,57,57,57,25,25,0],"gold":302,"neow_bonus":"THREE_RARE_CARDS","is_prod":false,"is_daily":false,"chose_seed":false,"campfire_upgraded":2,"win_rate":0,"timestamp":1545455334,"path_taken":["M","?","?","?","M","E","?","E","T","?","?","R","E","M","R","BOSS","M","?","?","?","?","E","M","E","T","?","E","?","?"],"build_version":"2018-12-20","purchased_purges":0,"victory":false,"max_hp_per_floor":[80,80,80,80,80,80,90,90,90,90,90,90,90,90,90,90,90,90,90,90,90,90,90,90,90,90,90,90,90,90],"card_choices":[{"not_picked":["Double Tap","Exhume"],"picked":"Bludgeon","floor":0},{"not_picked":["Rage","Shrug It Off"],"picked":"Pommel Strike","floor":1},{"not_picked":["Headbutt","Shrug It Off"],"picked":"Whirlwind","floor":5},{"not_picked":["Havoc","Sword Boomerang"],"picked":"Exhume","floor":6},{"not_picked":["Searing Blow","Dual Wield"],"picked":"Thunderclap","floor":8},{"not_picked":["Warcry","Disarm"],"picked":"Carnage","floor":10},{"not_picked":["True Grit","Warcry"],"picked":"Iron Wave","floor":13},{"not_picked":["Thunderclap","Wild Strike"],"picked":"Reaper","floor":14},{"not_picked":["Barricade","Limit Break"],"picked":"Reaper","floor":16},{"not_picked":["Inflame","Entrench+1"],"picked":"Flex+1","floor":18},{"not_picked":["Sword Boomerang","Clash"],"picked":"Pommel Strike","floor":19},{"not_picked":["True Grit","Wild Strike"],"picked":"Twin Strike","floor":21},{"not_picked":["Burning Pact","Body Slam"],"picked":"Twin Strike","floor":23},{"not_picked":["Feel No Pain","Pommel Strike+1"],"picked":"Feed","floor":24},{"not_picked":["Evolve","True Grit+1"],"picked":"Flex","floor":25},{"not_picked":["Warcry+1","Iron Wave"],"picked":"Headbutt","floor":28}],"player_experience":315998,"relics_obtained":[{"floor":6,"key":"FossilizedHelix"},{"floor":8,"key":"Bag of Marbles"},{"floor":9,"key":"Dodecahedron"},{"floor":13,"key":"Torii"},{"floor":19,"key":"Red Mask"},{"floor":22,"key":"War Paint"},{"floor":23,"key":"Kunai"},{"floor":25,"key":"Frozen Egg 2"},{"floor":26,"key":"Bag of Preparation"},{"floor":28,"key":"Smiling Mask"}],"event_choices":[{"cards_removed":["Pain"],"damage_healed":0,"gold_gain":0,"player_choice":"Card Removal","damage_taken":0,"max_hp_gain":0,"max_hp_loss":0,"event_name":"The Cleric","floor":2,"gold_loss":50},{"damage_healed":0,"gold_gain":0,"player_choice":"Grow","damage_taken":0,"max_hp_gain":0,"max_hp_loss":0,"event_name":"Living Wall","floor":3,"gold_loss":0,"cards_upgraded":["Bludgeon"]},{"cards_removed":["Exhume"],"damage_healed":38,"gold_gain":0,"player_choice":"Offered Rare","damage_taken":0,"max_hp_gain":10,"max_hp_loss":0,"event_name":"Bonfire Elementals","floor":7,"gold_loss":0},{"damage_healed":0,"gold_gain":0,"player_choice":"Box","damage_taken":0,"relics_obtained":["Ancient Tea Set"],"max_hp_gain":0,"max_hp_loss":0,"event_name":"Big Fish","floor":11,"gold_loss":0,"cards_obtained":["Regret"]},{"damage_healed":0,"gold_gain":0,"player_choice":"Fought Bandits","damage_taken":0,"max_hp_gain":0,"max_hp_loss":0,"event_name":"Masked Bandits","floor":19,"gold_loss":0},{"damage_healed":0,"gold_gain":100,"player_choice":"Pray","damage_taken":0,"max_hp_gain":0,"max_hp_loss":0,"event_name":"Golden Shrine","floor":20,"gold_loss":0},{"damage_healed":0,"gold_gain":0,"player_choice":"Opened","damage_taken":0,"relics_obtained":["Toxic Egg 2"],"max_hp_gain":0,"max_hp_loss":0,"event_name":"The Mausoleum","floor":27,"gold_loss":0},{"damage_healed":0,"gold_gain":0,"player_choice":"Copied","damage_taken":0,"max_hp_gain":0,"max_hp_loss":0,"event_name":"Duplicator","floor":29,"gold_loss":0,"cards_obtained":["Bludgeon"]}],"is_beta":false,"boss_relics":[{"not_picked":["White Beast Statue","Lizard Tail"],"picked":"Ectoplasm"}],"items_purged_floors":[],"is_endless":false,"potions_floor_spawned":[1,6,10,13,18,21,28],"killed_by":"Snake Plant","ascension_level":7}