{"gold_per_floor":[14,14,24,24,24,24,54,54,54,54,54,125,151,169,169,269,269,283,283,208,221,221,221,221],"floor_reached":24,"playtime":1166,"items_purged":[],"score":315,"play_id":"7688eabc-4658-4e21-bfbb-2f551f01f188","local_time":"20190106155823","is_ascension_mode":true,"campfire_choices":[{"data":"Adrenaline","floor":6,"key":"SMITH"},{"floor":8,"key":"REST"},{"data":"Setup","floor":10,"key":"SMITH"},{"floor":15,"key":"REST"},{"floor":23,"key":"REST"}],"neow_cost":"NO_GOLD","seed_source_timestamp":1416371421378974,"circlet_count":0,"master_deck":["Defend_G","Defend_G","Defend_G","Defend_G","Defend_G","Strike_G","Strike_G","Survivor","Neutralize","Adrenaline+1","Setup+1","All Out Attack","Underhanded Strike","Choke","All Out Attack","Deadly Poison","Bullet Time","Acrobatics","Dodge and Roll","Necronomicurse"],"relics":["Ring of the Serpent","Ginger","Strawberry","Kunai","Gremlin Horn","Tough Bandages","Necronomicon"],"potions_floor_usage":[7,16,18],"damage_taken":[{"damage":2,"enemies":"Jaw Worm","floor":1,"turns":4},{"damage":1,"enemies":"Cultist","floor":3,"turns":5},{"damage":45,"enemies":"Gremlin Nob","floor":7,"turns":6},{"damage":11,"enemies":"3 Sentries","floor":13,"turns":8},{"damage":0,"enemies":"Small Slimes","floor":14,"turns":2},{"damage":47,"enemies":"Hexaghost","floor":16,"turns":11},{"damage":12,"enemies":"2 Thieves","floor":18,"turns":4},{"damage":18,"enemies":"Shell Parasite","floor":21,"turns":6},{"damage":35,"enemies":"Gremlin Leader","floor":24,"turns":6}],"seed_played":"-1225923429116659723","potions_obtained":[{"floor":1,"key":"AttackPotion"},{"floor":13,"key":"GamblersBrew"},{"floor":14,"key":"Energy Potion"},{"floor":21,"key":"Ancient Potion"}],"is_trial":false,"path_per_floor":["M","?","M","?","?","R","E","R","T","R","?","T","E","M","R","B",null,"M","?","?","M","?","R","E"],"character_chosen":"THE_SILENT","items_purchased":[],"campfire_rested":3,"item_purchase_floors":[],"current_hp_per_floor":[61,61,60,65,53,53,15,39,39,39,39,39,28,28,52,5,63,51,35,35,17,1,27,0],"gold":221,"neow_bonus":"THREE_RARE_CARDS","is_prod":false,"is_daily":false,"chose_seed":false,"campfire_upgraded":2,"win_rate":0,"timestamp":1546811903,"path_taken":["M","?","?","?","?","R","E","R","T","R","?","?","E","?","R","BOSS","M","?","?","M","?","R","E"],"build_version":"2019-01-03v4","purchased_purges":0,"victory":false,"max_hp_per_floor":[70,70,70,75,75,75,82,82,82,82,82,82,82,82,82,82,82,82,87,87,87,87,87,87],"card_choices":[{"not_picked":["Grand Finale","Die Die Die"],"picked":"Adrenaline","floor":0},{"not_picked":["Dash","Outmaneuver"],"picked":"Setup","floor":1},{"not_picked":["Backflip","Slice"],"picked":"All Out Attack","floor":3},{"not_picked":["Poisoned Stab","PiercingWail"],"picked":"Underhanded Strike","floor":7},{"not_picked":["Dagger Throw","Slice"],"picked":"All Out Attack","floor":13},{"not_picked":["Quick Slash","Outmaneuver"],"picked":"Deadly Poison","floor":14},{"not_picked":["Wraith Form v2","Night Terror"],"picked":"Bullet Time","floor":16},{"not_picked":["Predator","Eviscerate+1"],"picked":"Acrobatics","floor":18},{"not_picked":["Slice","Bane"],"picked":"Dodge and Roll","floor":21}],"player_experience":408854,"relics_obtained":[{"floor":7,"key":"Strawberry"},{"floor":9,"key":"Kunai"},{"floor":12,"key":"Gremlin Horn"},{"floor":13,"key":"Tough Bandages"},{"floor":22,"key":"Necronomicon"}],"event_choices":[{"cards_removed":["Strike_G"],"damage_healed":0,"gold_gain":0,"player_choice":"Card Removal","damage_taken":0,"max_hp_gain":0,"max_hp_loss":0,"event_name":"Wheel of Change","floor":2,"gold_loss":0},{"damage_healed":0,"gold_gain":0,"player_choice":"Donut","damage_taken":0,"max_hp_gain":5,"max_hp_loss":0,"event_name":"Big Fish","floor":4,"gold_loss":0},{"damage_healed":0,"gold_gain":0,"player_choice":"Success","damage_taken":12,"relics_obtained":["Ginger"],"max_hp_gain":0,"max_hp_loss":0,"event_name":"Scrap Ooze","floor":5,"gold_loss":0},{"damage_healed":0,"gold_gain":0,"cards_transformed":["Strike_G"],"player_choice":"Change","damage_taken":0,"max_hp_gain":0,"max_hp_loss":0,"event_name":"Living Wall","floor":11,"gold_loss":0,"cards_obtained":["Choke"]},{"damage_healed":0,"gold_gain":0,"player_choice":"Shed Blood","damage_taken":21,"max_hp_gain":5,"max_hp_loss":0,"event_name":"Forgotten Altar","floor":19,"gold_loss":0},{"cards_removed":["Strike_G"],"damage_healed":0,"gold_gain":0,"player_choice":"Gave Gold","damage_taken":0,"max_hp_gain":0,"max_hp_loss":0,"event_name":"Beggar","floor":20,"gold_loss":75},{"damage_healed":0,"gold_gain":0,"player_choice":"Obtained Book","damage_taken":16,"max_hp_gain":0,"max_hp_loss":0,"event_name":"Cursed Tome","floor":22,"gold_loss":0}],"is_beta":false,"boss_relics":[{"not_picked":["Tiny House","WristBlade"],"picked":"Ring of the Serpent"}],"items_purged_floors":[],"is_endless":false,"potions_floor_spawned":[1,13,14,21],"killed_by":"Gremlin Leader","ascension_level":9}