{"path_per_floor":["M","?","M","M","?","R","E","?","T","R","M","M","?","$","R","B",null,"M","M","?","M","M","R","$","M","T","$","R","E","M","M","R","B",null,"M","?","?","$","M","$","R","M","T","R","M","T","M","M","R","B"],"character_chosen":"IRONCLAD","items_purchased":["Bag of Marbles","Searing Blow","Apotheosis","Vajra","Whetstone"],"gold_per_floor":[114,114,129,144,144,144,174,174,224,224,239,254,254,30,30,130,130,145,160,340,355,370,370,11,26,26,26,26,56,71,86,86,186,186,201,201,201,51,66,66,66,81,106,136,151,151,166,181,181,181],"floor_reached":51,"campfire_rested":1,"playtime":1199,"current_hp_per_floor":[78,71,65,65,53,60,24,24,30,30,32,34,60,60,60,39,87,72,74,50,41,37,37,37,37,43,43,43,40,42,33,33,24,100,85,73,73,73,64,64,64,42,48,48,40,46,26,22,67,24],"items_purged":[],"gold":181,"score":896,"play_id":"1941809d-e1bb-4189-9df5-86ec876aa934","local_time":"20180420215246","daily_mods":["Heirloom","Cursed Run","Terminal"],"is_prod":false,"is_daily":true,"chose_seed":false,"is_ascension_mode":false,"campfire_upgraded":0,"timestamp":1524225166,"path_taken":["M","?","M","M","?","R","E","?","T","R","M","M","?","$","R","BOSS","M","M","?","M","?","R","$","M","T","$","R","E","M","M","R","BOSS","M","?","?","$","M","$","R","?","T","R","?","?","M","M","R","BOSS"],"build_version":"2018-04-19","seed_source_timestamp":0,"purchased_purges":0,"victory":true,"master_deck":["Strike_R","Strike_R","Strike_R","Strike_R","Defend_R","Defend_R","Defend_R","Defend_R","Bash","Twin Strike+1","Corruption","Pommel Strike+1","Iron Wave","Injury","Ghostly Armor","Pummel+1","Parasite","Searing Blow","Doubt","Impervious","Cleave","Shrug It Off","Infernal Blade+1","Sword Boomerang+1","Apotheosis","Pain","Dropkick+1","Decay","Offering","Injury","Decay","Clumsy","Perfected Strike+1","Madness","Madness","Clumsy","Spot Weakness","Pain","Doubt"],"max_hp_per_floor":[78,77,76,75,74,80,79,78,83,82,81,80,85,84,83,88,87,86,85,84,83,82,81,80,79,84,83,82,81,80,79,78,83,100,99,98,97,96,95,94,93,92,97,96,95,100,101,102,101,106],"relics":["Cursed Key","Darkstone Periapt","Du-Vu Doll","Shovel","Blood Vial","Strawberry","Mummified Hand","Regal Pillow","Self Forming Clay","Bag of Marbles","Lantern","Velvet Choker","Unceasing Top","Vajra","Matryoshka","Molten Egg 2","Mercury Hourglass","Bag of Preparation","Calling Bell","Happy Flower","Kunai","Thread and Needle","Whetstone","Toolbox","Dodecahedron","Ancient Tea Set","Tiny Chest","Centennial Puzzle","Singing Bowl"],"card_choices":[{"not_picked":["True Grit","Second Wind"],"picked":"Twin Strike","floor":1},{"not_picked":["Shockwave","Thunderclap"],"picked":"Corruption","floor":3},{"not_picked":["Cleave","Sword Boomerang"],"picked":"Pommel Strike","floor":4},{"not_picked":["Thunderclap","Rupture"],"picked":"Iron Wave","floor":7},{"not_picked":["Evolve","Wild Strike"],"picked":"Ghostly Armor","floor":11},{"not_picked":["Intimidate","Uppercut"],"picked":"Pummel","floor":12},{"not_picked":["Immolate","Reaper"],"picked":"Impervious","floor":16},{"not_picked":["Thunderclap","Perfected Strike"],"picked":"Cleave","floor":18},{"not_picked":["Blood for Blood","Flame Barrier"],"picked":"Shrug It Off","floor":19},{"not_picked":["Sword Boomerang","True Grit"],"picked":"Infernal Blade","floor":21},{"not_picked":["Wild Strike","Anger"],"picked":"Sword Boomerang","floor":22},{"not_picked":["True Grit","Cleave"],"picked":"Dropkick","floor":29},{"not_picked":["Juggernaut","Feed"],"picked":"Offering","floor":33},{"not_picked":["Blood for Blood","Flex"],"picked":"Perfected Strike","floor":35},{"not_picked":["Blood for Blood","Pummel"],"picked":"Spot Weakness","floor":45}],"player_experience":285916,"potions_floor_usage":[33,33,33,50,50,50],"damage_taken":[{"damage":1,"enemies":"2 Louse","floor":1,"turns":4},{"damage":6,"enemies":"Jaw Worm","floor":3,"turns":2},{"damage":0,"enemies":"Cultist","floor":4,"turns":3},{"damage":38,"enemies":"Lagavulin","floor":7,"turns":6},{"damage":0,"enemies":"2 Fungi Beasts","floor":11,"turns":2},{"damage":0,"enemies":"Blue Slaver","floor":12,"turns":2},{"damage":29,"enemies":"Hexaghost","floor":16,"turns":8},{"damage":15,"enemies":"2 Thieves","floor":18,"turns":3},{"damage":0,"enemies":"Chosen","floor":19,"turns":3},{"damage":11,"enemies":"Snake Plant","floor":21,"turns":4},{"damage":6,"enemies":"Chosen and Byrds","floor":22,"turns":5},{"damage":2,"enemies":"Centurion and Healer","floor":25,"turns":4},{"damage":5,"enemies":"Slavers","floor":29,"turns":5},{"damage":0,"enemies":"3 Cultists","floor":30,"turns":3},{"damage":11,"enemies":"Snake Plant","floor":31,"turns":2},{"damage":44,"enemies":"Automaton","floor":33,"turns":8},{"damage":15,"enemies":"3 Shapes","floor":35,"turns":3},{"damage":11,"enemies":"3 Darklings","floor":39,"turns":5},{"damage":24,"enemies":"4 Shapes","floor":42,"turns":4},{"damage":10,"enemies":"Sphere and 2 Shapes","floor":45,"turns":1},{"damage":24,"enemies":"Maw","floor":47,"turns":4},{"damage":8,"enemies":"3 Darklings","floor":48,"turns":3},{"damage":60,"enemies":"Donu and Deca","floor":50,"turns":8}],"event_choices":[{"event_name":"Golden Wing","player_choice":"Card Removal","floor":2,"damage_taken":0},{"event_name":"Scrap Ooze","player_choice":"success","floor":5,"damage_taken":12},{"event_name":"Living Wall","player_choice":"Grow","floor":8,"damage_taken":0},{"event_name":"Mushrooms","player_choice":"Healed and dodged fight","floor":13,"damage_taken":0},{"event_name":"Knowing Skull","player_choice":"GOLD GOLD ","floor":20,"damage_taken":0},{"event_name":"Winding Halls","player_choice":"Embrace Madness","floor":36,"damage_taken":0},{"event_name":"Mysterious Sphere","player_choice":"Ignore","floor":37,"damage_taken":0}],"boss_relics":[{"not_picked":["Runic Dome","White Beast Statue"],"picked":"Velvet Choker"},{"not_picked":["Snecko Eye","Astrolabe"],"picked":"Calling Bell"}],"potions_floor_spawned":[3,7,11,18,21,22,30,33,45,47,48],"seed_played":"8167839930029530236","ascension_level":0,"is_trial":false}