{"gold_per_floor":[111,123,136,61,61,124,124,24,75,86,117,117,143,143,143,240,240,222,235,250,3,19,52,64,64,64,78,104,19,32,67,67,169,169,184,194,194,212,212,212,16,16,41,68,68,81,108,128,128,128,128,128,31,61,61],"floor_reached":56,"playtime":3827,"items_purged":["Strike_R","Strike_R"],"score":1882,"play_id":"706f8240-76f8-4c7f-9308-1c25370bead2","local_time":"20190114212725","is_ascension_mode":true,"campfire_choices":[{"data":"Anger","floor":7,"key":"SMITH"},{"data":"True Grit","floor":12,"key":"SMITH"},{"data":"Shrug It Off","floor":15,"key":"SMITH"},{"floor":25,"key":"REST"},{"floor":32,"key":"REST"},{"floor":40,"key":"RECALL"},{"floor":42,"key":"REST"},{"floor":45,"key":"REST"},{"floor":49,"key":"REST"},{"floor":52,"key":"REST"}],"neow_cost":"NONE","seed_source_timestamp":95751348791230,"circlet_count":0,"master_deck":["AscendersBane","Strike_R+1","Strike_R+1","Defend_R+1","Defend_R","Defend_R","Defend_R","Bash+1","Shrug It Off+1","True Grit+1","Shrug It Off","Wild Strike","Ghostly Armor","Wild Strike","Impervious","Dropkick","Disarm","Shockwave+1","Uppercut","Sever Soul","Armaments+1","Metallicize","Evolve","Dropkick+1","Impervious","Limit Break","Wild Strike+1","Evolve","Rupture+1","Seeing Red","Havoc","Panache","Havoc+1","Havoc+1","Bludgeon","Metallicize","Sever Soul+1"],"relics":["Burning Blood","Tiny Chest","Whetstone","Shuriken","Blood Vial","Fusion Hammer","Paper Frog","Incense Burner","Bottled Flame","Dead Branch","Regal Pillow","Oddly Smooth Stone","Snecko Eye","Bag of Preparation","The Courier","Boot"],"potions_floor_usage":[13,16,28,33,50,50,54,55,55],"damage_taken":[{"damage":10,"enemies":"Cultist","floor":1,"turns":4},{"damage":8,"enemies":"Jaw Worm","floor":2,"turns":5},{"damage":4,"enemies":"Small Slimes","floor":3,"turns":3},{"damage":19,"enemies":"3 Sentries","floor":6,"turns":13},{"damage":2,"enemies":"Gremlin Gang","floor":10,"turns":6},{"damage":11,"enemies":"Gremlin Nob","floor":11,"turns":4},{"damage":25,"enemies":"3 Sentries","floor":13,"turns":11},{"damage":46,"enemies":"Slime Boss","floor":16,"turns":14},{"damage":1,"enemies":"2 Thieves","floor":18,"turns":4},{"damage":0,"enemies":"Chosen","floor":19,"turns":5},{"damage":31,"enemies":"Centurion and Healer","floor":20,"turns":8},{"damage":7,"enemies":"Snake Plant","floor":22,"turns":5},{"damage":23,"enemies":"Slavers","floor":23,"turns":7},{"damage":19,"enemies":"3 Cultists","floor":24,"turns":5},{"damage":23,"enemies":"Cultist and Chosen","floor":27,"turns":7},{"damage":4,"enemies":"Book of Stabbing","floor":28,"turns":7},{"damage":4,"enemies":"Snecko","floor":30,"turns":6},{"damage":21,"enemies":"Slavers","floor":31,"turns":5},{"damage":24,"enemies":"Automaton","floor":33,"turns":10},{"damage":0,"enemies":"Orb Walker","floor":35,"turns":3},{"damage":19,"enemies":"3 Darklings","floor":36,"turns":6},{"damage":12,"enemies":"Transient","floor":38,"turns":5},{"damage":71,"enemies":"Reptomancer","floor":44,"turns":7},{"damage":0,"enemies":"Maw","floor":46,"turns":6},{"damage":0,"enemies":"Nemesis","floor":47,"turns":5},{"damage":12,"enemies":"3 Darklings","floor":48,"turns":3},{"damage":64,"enemies":"Donu and Deca","floor":50,"turns":6},{"damage":15,"enemies":"Shield and Spear","floor":54,"turns":6},{"damage":16,"enemies":"The Heart","floor":55,"turns":4}],"seed_played":"-8194522730186773458","potions_obtained":[{"floor":3,"key":"BloodPotion"},{"floor":10,"key":"Swift Potion"},{"floor":11,"key":"Regen Potion"},{"floor":20,"key":"EssenceOfSteel"},{"floor":24,"key":"Dexterity Potion"},{"floor":28,"key":"FearPotion"},{"floor":30,"key":"Dexterity Potion"},{"floor":33,"key":"Explosive Potion"},{"floor":37,"key":"Strength Potion"},{"floor":54,"key":"Poison Potion"}],"is_trial":false,"path_per_floor":["M","M","M","$","?","E","R","$","T","M","E","R","E","?","R","B",null,"M","M","M","$","M","E","M","R","T","M","E","?","M","E","R","B",null,"M","M","?","M","?","R","$","R","T","E","R","M","E","M","R","B",null,"R","$","E","B",null],"character_chosen":"IRONCLAD","items_purchased":["Paper Frog","Havoc","Panache","Swift Potion","GamblersBrew"],"campfire_rested":6,"item_purchase_floors":[21,41,41,53,53],"current_hp_per_floor":[76,74,76,76,58,45,45,45,45,49,44,44,40,40,40,10,69,76,84,61,61,62,47,36,62,62,47,51,51,55,42,83,67,83,88,75,75,71,71,71,71,88,88,23,64,72,80,76,88,30,74,88,88,79,71],"gold":61,"neow_bonus":"TEN_PERCENT_HP_BONUS","is_prod":false,"is_daily":false,"chose_seed":false,"campfire_upgraded":3,"win_rate":0,"timestamp":1547522845,"path_taken":["M","?","M","?","?","E","R","$","T","M","E","R","E","?","R","BOSS","M","M","?","$","M","E","M","R","T","M","E","?","M","E","R","BOSS","M","M","?","?","?","R","$","R","T","E","R","?","E","M","R","BOSS","R","$","E","BOSS"],"build_version":"2019-01-10","purchased_purges":2,"victory":true,"max_hp_per_floor":[88,88,88,88,88,88,88,88,88,88,88,88,88,88,88,88,88,88,88,88,88,88,88,88,88,88,88,88,88,88,88,88,88,88,88,88,88,88,88,88,88,88,88,88,88,88,88,88,88,88,88,88,88,88,88],"card_choices":[{"not_picked":["Pommel Strike","Sword Boomerang"],"picked":"Shrug It Off","floor":1},{"not_picked":["Second Wind","Heavy Blade"],"picked":"Anger","floor":2},{"not_picked":["Pommel Strike","Feel No Pain"],"picked":"True Grit","floor":3},{"not_picked":["Evolve","Rupture"],"picked":"Shrug It Off","floor":6},{"not_picked":["Clash","Battle Trance"],"picked":"Wild Strike","floor":10},{"not_picked":["Rupture","Sever Soul"],"picked":"Ghostly Armor","floor":11},{"not_picked":["Havoc","Rupture"],"picked":"Wild Strike","floor":13},{"not_picked":["Juggernaut","Double Tap"],"picked":"Impervious","floor":16},{"not_picked":["Perfected Strike","Pommel Strike"],"picked":"Dropkick","floor":18},{"not_picked":["Carnage","Body Slam"],"picked":"Disarm","floor":19},{"not_picked":["Immolate","Corruption"],"picked":"Shockwave+1","floor":20},{"not_picked":["Metallicize","Intimidate"],"picked":"Uppercut","floor":22},{"not_picked":["Rupture","Offering"],"picked":"Sever Soul","floor":23},{"not_picked":["Twin Strike","True Grit"],"picked":"Armaments+1","floor":24},{"not_picked":["Hemokinesis","Anger"],"picked":"Metallicize","floor":27},{"not_picked":["Headbutt","Shockwave"],"picked":"Evolve","floor":28},{"not_picked":["Rupture","Havoc"],"picked":"Dropkick+1","floor":30},{"not_picked":["Shrug It Off","Clash"],"picked":"Impervious","floor":31},{"not_picked":["Berserk","Immolate"],"picked":"Limit Break","floor":33},{"not_picked":["Iron Wave+1","Bloodletting+1"],"picked":"Wild Strike+1","floor":35},{"not_picked":["Sword Boomerang+1","Searing Blow+1"],"picked":"Evolve","floor":36},{"not_picked":["Clash+1","Evolve"],"picked":"Rupture+1","floor":38},{"not_picked":["Searing Blow","Anger+1"],"picked":"Havoc+1","floor":44},{"not_picked":["Perfected Strike+1","Cleave+1"],"picked":"Havoc+1","floor":46},{"not_picked":["Sword Boomerang+1","Disarm+1"],"picked":"Bludgeon","floor":47},{"not_picked":["Wild Strike","Fire Breathing+1"],"picked":"Metallicize","floor":48},{"not_picked":["Inflame+1","Blood for Blood"],"picked":"Sever Soul+1","floor":54}],"player_experience":456906,"relics_obtained":[{"floor":6,"key":"Tiny Chest"},{"floor":9,"key":"Whetstone"},{"floor":11,"key":"Shuriken"},{"floor":13,"key":"Blood Vial"},{"floor":23,"key":"Incense Burner"},{"floor":26,"key":"Bottled Flame"},{"floor":28,"key":"Dead Branch"},{"floor":31,"key":"Oddly Smooth Stone"},{"floor":44,"key":"Bag of Preparation"},{"floor":47,"key":"The Courier"},{"floor":54,"key":"Boot"}],"event_choices":[{"damage_healed":0,"gold_gain":0,"player_choice":"Entered Light","damage_taken":18,"max_hp_gain":0,"max_hp_loss":0,"event_name":"Shining Light","floor":5,"gold_loss":0,"cards_upgraded":["Strike_R","Defend_R"]},{"cards_removed":["Strike_R"],"damage_healed":0,"gold_gain":0,"player_choice":"Offered Basic","damage_taken":0,"max_hp_gain":0,"max_hp_loss":0,"event_name":"Bonfire Elementals","floor":14,"gold_loss":0},{"damage_healed":0,"gold_gain":0,"player_choice":"Obtained Relic","damage_taken":0,"relics_obtained":["Regal Pillow"],"max_hp_gain":0,"max_hp_loss":0,"event_name":"Addict","floor":29,"gold_loss":85},{"damage_healed":0,"gold_gain":0,"player_choice":"Got Potions","damage_taken":0,"max_hp_gain":0,"max_hp_loss":0,"event_name":"Lab","floor":37,"gold_loss":0},{"damage_healed":0,"gold_gain":0,"cards_transformed":["Anger"],"player_choice":"Transformed","damage_taken":0,"max_hp_gain":0,"max_hp_loss":0,"event_name":"Transmorgrifier","floor":39,"gold_loss":0,"cards_obtained":["Seeing Red"]}],"is_beta":false,"boss_relics":[{"not_picked":["Coffee Dripper","Empty Cage"],"picked":"Fusion Hammer"},{"not_picked":["Runic Dome","Calling Bell"],"picked":"Snecko Eye"}],"items_purged_floors":[4,8],"is_endless":false,"potions_floor_spawned":[3,10,11,20,24,27,28,30,33,38,44,48,54],"ascension_level":11}