{"gold_per_floor":[111,31,46,46,9,9,38,58,84,142,142,78,97,132,132,208,208,224,174,174,187,198,198,231,247,271,271,271,271,11,37,37,113,113,124,174,189,189,207,207,227,227,227,227,27,53,53,0,0,0],"floor_reached":51,"playtime":1901,"items_purged":["Strike_G"],"score":1353,"play_id":"4b06d0a8-daa3-4760-b52c-fe00df7ac3c0","local_time":"20181027090247","is_ascension_mode":true,"campfire_choices":[{"data":"Neutralize","floor":6,"key":"SMITH"},{"floor":11,"key":"REST"},{"data":"Bouncing Flask","floor":15,"key":"SMITH"},{"data":"Catalyst","floor":23,"key":"SMITH"},{"floor":27,"key":"REST"},{"data":"Crippling Poison","floor":29,"key":"SMITH"},{"data":"Noxious Fumes","floor":32,"key":"SMITH"},{"data":"Calculated Gamble","floor":40,"key":"SMITH"},{"data":"Adrenaline","floor":42,"key":"SMITH"},{"floor":44,"key":"REST"},{"data":"Bullet Time","floor":49,"key":"SMITH"}],"neow_cost":"NONE","seed_source_timestamp":516072677029133,"circlet_count":0,"master_deck":["Defend_G","Defend_G","Defend_G","Defend_G","Strike_G","Strike_G","Strike_G","Survivor","Neutralize+1","AscendersBane","Bouncing Flask+1","Corpse Explosion","Footwork+1","Well Laid Plans+1","Dash","After Image+1","Adrenaline+1","Catalyst+1","Crippling Poison+1","Calculated Gamble+1","Backflip","Backflip","Dash","Noxious Fumes+1","Bullet Time+1","Bullet Time","Master of Strategy"],"relics":["Ring of the Snake","NeowsBlessing","Oddly Smooth Stone","Art of War","Regal Pillow","Happy Flower","Bottled Tornado","Orrery","Red Mask","Snake Skull","Mercury Hourglass","Centennial Puzzle","Busted Crown","Omamori","Mummified Hand"],"potions_floor_usage":[10,14,25,30,31,33,41,50,50],"damage_taken":[{"damage":0,"enemies":"2 Louse","floor":1,"turns":1},{"damage":0,"enemies":"Small Slimes","floor":3,"turns":1},{"damage":0,"enemies":"3 Sentries","floor":7,"turns":2},{"damage":0,"enemies":"Jaw Worm","floor":8,"turns":4},{"damage":27,"enemies":"Gremlin Nob","floor":10,"turns":5},{"damage":0,"enemies":"Blue Slaver","floor":13,"turns":5},{"damage":20,"enemies":"Gremlin Nob","floor":14,"turns":4},{"damage":11,"enemies":"The Guardian","floor":16,"turns":9},{"damage":1,"enemies":"3 Byrds","floor":18,"turns":3},{"damage":13,"enemies":"2 Thieves","floor":21,"turns":4},{"damage":16,"enemies":"Cultist and Chosen","floor":22,"turns":5},{"damage":37,"enemies":"Masked Bandits","floor":24,"turns":6},{"damage":0,"enemies":"Centurion and Healer","floor":25,"turns":4},{"damage":0,"enemies":"Book of Stabbing","floor":31,"turns":4},{"damage":47,"enemies":"Collector","floor":33,"turns":9},{"damage":0,"enemies":"3 Shapes","floor":35,"turns":3},{"damage":2,"enemies":"3 Darklings","floor":37,"turns":2},{"damage":1,"enemies":"Spire Growth","floor":39,"turns":5},{"damage":8,"enemies":"Transient","floor":41,"turns":5},{"damage":1,"enemies":"Reptomancer","floor":46,"turns":5},{"damage":12,"enemies":"Donu and Deca","floor":50,"turns":5}],"seed_played":"8943045867429557730","potions_obtained":[{"floor":3,"key":"Weak Potion"},{"floor":8,"key":"Explosive Potion"},{"floor":13,"key":"Weak Potion"},{"floor":18,"key":"Dexterity Potion"},{"floor":22,"key":"FairyPotion"},{"floor":25,"key":"EssenceOfSteel"},{"floor":31,"key":"Regen Potion"},{"floor":33,"key":"Strength Potion"},{"floor":35,"key":"Explosive Potion"},{"floor":41,"key":"SteroidPotion"}],"is_trial":false,"path_per_floor":["M","$","M","?","$","R","E","M","T","?","R","?","M","E","R","B",null,"M","?","?","M","M","R","?","M","T","R","T","R","$","E","R","B",null,"M","?","M","?","M","R","M","R","T","R","$","E","?","$","R","B"],"character_chosen":"THE_SILENT","items_purchased":["Corpse Explosion","Well Laid Plans","Noxious Fumes","Fruit Juice","Master of Strategy","SkillPotion"],"campfire_rested":3,"item_purchase_floors":[2,5,30,30,45,48],"current_hp_per_floor":[59,59,59,52,52,52,52,52,52,25,59,59,59,39,39,28,57,56,56,56,43,27,27,6,6,6,40,40,40,45,45,45,13,57,57,50,48,48,47,47,39,39,39,71,71,70,70,70,70,58],"gold":0,"neow_bonus":"THREE_ENEMY_KILL","is_prod":false,"is_daily":false,"chose_seed":false,"campfire_upgraded":8,"win_rate":0,"timestamp":1540656167,"path_taken":["M","$","M","?","$","R","E","?","T","?","R","?","M","E","R","BOSS","M","?","?","?","M","R","?","?","T","R","?","R","?","E","R","BOSS","M","?","M","?","M","R","M","R","T","R","$","E","?","$","R","BOSS"],"build_version":"2018-10-25v2","purchased_purges":1,"victory":true,"max_hp_per_floor":[66,66,66,66,66,66,66,66,66,66,66,66,66,66,66,66,66,66,66,66,66,66,66,66,66,66,66,66,66,71,71,71,71,71,71,71,71,71,71,71,71,71,71,71,71,71,71,71,71,71],"card_choices":[{"not_picked":["Bane","Prepared"],"picked":"Bouncing Flask","floor":1},{"not_picked":["Predator","Setup"],"picked":"Footwork","floor":3},{"not_picked":["Backflip","PiercingWail"],"picked":"Dash","floor":7},{"not_picked":["Bane","Predator","Dagger Throw"],"picked":"SKIP","floor":8},{"not_picked":["Dagger Spray","Dagger Throw","Deadly Poison"],"picked":"SKIP","floor":13},{"not_picked":["Deflect","A Thousand Cuts"],"picked":"After Image","floor":14},{"not_picked":["Bullet Time","A Thousand Cuts"],"picked":"Adrenaline","floor":16},{"not_picked":["Deflect","Flying Knee"],"picked":"Catalyst","floor":17},{"not_picked":["Deadly Poison","Dodge and Roll"],"picked":"Crippling Poison","floor":17},{"not_picked":["Dagger Spray","PiercingWail"],"picked":"Calculated Gamble","floor":17},{"not_picked":["Deadly Poison","Finisher"],"picked":"Backflip","floor":17},{"not_picked":["Outmaneuver","PiercingWail+1"],"picked":"Backflip","floor":18},{"not_picked":["Caltrops","Choke","PiercingWail"],"picked":"SKIP","floor":21},{"not_picked":["Outmaneuver","Storm of Steel","Expertise"],"picked":"SKIP","floor":22},{"not_picked":["Dagger Spray","Outmaneuver"],"picked":"Dash","floor":24},{"not_picked":["Blade Dance","Masterful Stab","Poisoned Stab"],"picked":"SKIP","floor":25},{"not_picked":["Sucker Punch","Bane","Outmaneuver"],"picked":"SKIP","floor":31},{"not_picked":["Doppelganger","Grand Finale"],"picked":"Bullet Time","floor":33},{"not_picked":["Slice"],"picked":"SKIP","floor":35},{"not_picked":["Slice"],"picked":"SKIP","floor":37},{"not_picked":["Slice+1"],"picked":"SKIP","floor":39},{"not_picked":["Concentrate"],"picked":"SKIP","floor":41},{"not_picked":["Acrobatics"],"picked":"SKIP","floor":46}],"player_experience":892328,"relics_obtained":[{"floor":7,"key":"Oddly Smooth Stone"},{"floor":9,"key":"Art of War"},{"floor":10,"key":"Regal Pillow"},{"floor":14,"key":"Bottled Tornado"},{"floor":24,"key":"Red Mask"},{"floor":26,"key":"Snake Skull"},{"floor":28,"key":"Mercury Hourglass"},{"floor":31,"key":"Centennial Puzzle"},{"floor":43,"key":"Omamori"},{"floor":46,"key":"Mummified Hand"}],"event_choices":[{"cards_removed":["Strike_G"],"damage_healed":0,"gold_gain":0,"player_choice":"Card Removal","damage_taken":7,"max_hp_gain":0,"max_hp_loss":0,"event_name":"Golden Wing","floor":4,"gold_loss":0},{"damage_healed":0,"gold_gain":0,"player_choice":"Searched \u00271\u0027 times","damage_taken":0,"max_hp_gain":0,"max_hp_loss":0,"event_name":"Dead Adventurer","floor":10,"gold_loss":0},{"damage_healed":0,"gold_gain":0,"player_choice":"Paid Gold","damage_taken":0,"relics_obtained":["Happy Flower"],"max_hp_gain":0,"max_hp_loss":0,"event_name":"WeMeetAgain","floor":12,"gold_loss":64},{"damage_healed":0,"gold_gain":0,"player_choice":"Upgraded Two","damage_taken":0,"max_hp_gain":0,"max_hp_loss":0,"event_name":"Designer","floor":19,"gold_loss":50,"cards_upgraded":["Footwork","After Image"]},{"damage_healed":0,"gold_gain":0,"player_choice":"Forge","damage_taken":0,"max_hp_gain":0,"max_hp_loss":0,"event_name":"Accursed Blacksmith","floor":20,"gold_loss":0,"cards_upgraded":["Well Laid Plans"]},{"damage_healed":0,"gold_gain":0,"player_choice":"Fought Bandits","damage_taken":0,"max_hp_gain":0,"max_hp_loss":0,"event_name":"Masked Bandits","floor":24,"gold_loss":0},{"damage_healed":0,"gold_gain":50,"player_choice":"Touch","damage_taken":7,"max_hp_gain":0,"max_hp_loss":0,"event_name":"FaceTrader","floor":36,"gold_loss":0},{"damage_healed":0,"gold_gain":0,"player_choice":"Copied","damage_taken":0,"max_hp_gain":0,"max_hp_loss":0,"event_name":"Duplicator","floor":38,"gold_loss":0,"cards_obtained":["Bullet Time"]},{"cards_removed":["Defend_G"],"damage_healed":0,"gold_gain":0,"player_choice":"Removed Skill","damage_taken":0,"max_hp_gain":0,"max_hp_loss":0,"event_name":"Falling","floor":47,"gold_loss":0}],"is_beta":true,"boss_relics":[{"not_picked":["Velvet Choker","Calling Bell"],"picked":"Orrery"},{"not_picked":["Empty Cage","Coffee Dripper"],"picked":"Busted Crown"}],"items_purged_floors":[30],"is_endless":false,"potions_floor_spawned":[3,8,13,18,22,25,31,33,35,41,46],"ascension_level":16}