{"path_per_floor":["M","M","?","M","$","E","M","R","T","M","?","$","E","M","R","B",null,"M","$","M","?","M","M","M","$","T","R","M","M","R","?","R"],"character_chosen":"DEFECT","items_purchased":[],"gold_per_floor":[110,128,128,138,63,98,115,115,166,183,133,33,60,75,75,176,176,192,67,80,5,15,29,47,47,73,73,89,108,108,108,108,108],"floor_reached":33,"campfire_rested":4,"playtime":1430,"current_hp_per_floor":[69,69,69,66,66,49,49,71,71,70,70,70,65,65,65,35,75,60,60,58,58,48,28,1,1,8,32,32,12,36,36,60,0],"items_purged":["Strike_B","Defend_B","Defend_B"],"gold":108,"score":261,"play_id":"eaeaf65d-26a0-46a9-aecb-05a1dcaee7a3","local_time":"20180506125513","is_prod":false,"is_daily":false,"chose_seed":false,"is_ascension_mode":false,"campfire_upgraded":1,"timestamp":1525604113,"path_taken":["M","M","?","M","$","E","M","R","T","M","?","$","E","?","R","BOSS","M","$","M","?","M","M","?","?","T","R","M","?","R","?","R","BOSS"],"build_version":"2018-05-03","seed_source_timestamp":13627191162206,"purchased_purges":3,"victory":false,"master_deck":["Strike_B","Defend_B","Zap+1","Dualcast","Gash","Go for the Eyes","Steam Power","Conserve Battery","BootSequence","Streamline","FTL","Streamline","Redo","Coolheaded","Leap+1","Streamline","Beam Cell","Hello World"],"max_hp_per_floor":[75,75,75,75,75,75,75,75,75,75,75,75,75,75,75,75,75,75,75,75,75,75,75,75,75,82,82,82,82,82,82,82,82],"relics":["Cracked Core","Ornamental Fan","Bag of Marbles","Anchor","Nuclear Battery","Strawberry"],"card_choices":[{"not_picked":["Hologram","Sweeping Beam"],"picked":"Gash","floor":1},{"not_picked":["Capacitor","Axe Kick"],"picked":"Go for the Eyes","floor":2},{"not_picked":["Leap","Skim"],"picked":"Conserve Battery","floor":6},{"not_picked":["Streamline","Rip and Tear"],"picked":"BootSequence","floor":7},{"not_picked":["Leap","Hologram"],"picked":"Streamline","floor":10},{"not_picked":["Ball Lightning","Lockon"],"picked":"FTL","floor":13},{"not_picked":["Capacitor","Coolheaded"],"picked":"Streamline","floor":14},{"not_picked":["Reboot","Biased Cognition"],"picked":"Redo","floor":16},{"not_picked":["Impulse","Steam Power"],"picked":"Coolheaded","floor":18},{"not_picked":["Auto Shields","Blizzard"],"picked":"Leap","floor":20},{"not_picked":["Hologram","Turbo"],"picked":"Streamline","floor":23},{"not_picked":["Lockon","Cold Snap"],"picked":"Beam Cell","floor":24},{"not_picked":["Lockon","Axe Kick"],"picked":"Hello World","floor":28}],"player_experience":30005,"potions_floor_usage":[],"damage_taken":[{"damage":6,"enemies":"2 Louse","floor":1,"turns":3},{"damage":0,"enemies":"Small Slimes","floor":2,"turns":2},{"damage":3,"enemies":"Jaw Worm","floor":4,"turns":3},{"damage":17,"enemies":"3 Sentries","floor":6,"turns":7},{"damage":0,"enemies":"Looter","floor":7,"turns":3},{"damage":1,"enemies":"Large Slime","floor":10,"turns":5},{"damage":5,"enemies":"Lagavulin","floor":13,"turns":6},{"damage":0,"enemies":"Exordium Wildlife","floor":14,"turns":2},{"damage":30,"enemies":"Slime Boss","floor":16,"turns":9},{"damage":15,"enemies":"Chosen","floor":18,"turns":5},{"damage":2,"enemies":"2 Thieves","floor":20,"turns":3},{"damage":10,"enemies":"Snake Plant","floor":22,"turns":4},{"damage":20,"enemies":"Centurion and Healer","floor":23,"turns":7},{"damage":27,"enemies":"Snecko","floor":24,"turns":5},{"damage":0,"enemies":"Snake Plant","floor":28,"turns":3},{"damage":20,"enemies":"Chosen and Byrds","floor":29,"turns":6},{"damage":76,"enemies":"Collector","floor":33,"turns":7}],"event_choices":[{"event_name":"Living Wall","player_choice":"Change","floor":3,"damage_taken":0},{"event_name":"The Cleric","player_choice":"Card Removal","floor":11,"damage_taken":0},{"event_name":"Beggar","player_choice":"Gave Gold","floor":21,"damage_taken":0},{"event_name":"Cursed Tome","player_choice":"Ignored","floor":31,"damage_taken":0}],"boss_relics":[{"not_picked":["Cursed Key","Eternal Feather"],"picked":"Nuclear Battery"}],"potions_floor_spawned":[2,4,10,13,18,23,28],"seed_played":"-2085312976884557199","killed_by":"Collector","ascension_level":0,"is_trial":false}