{"gold_per_floor":[110,110,130,55,72,100,113,113,183,200,200,200,165,209,209,209],"floor_reached":16,"playtime":639,"items_purged":["Strike_G"],"score":171,"play_id":"73eaa5ec-197b-401b-81c9-29071bb964f8","local_time":"20190124222911","is_ascension_mode":true,"campfire_choices":[{"floor":8,"key":"REST"},{"data":"Crippling Poison","floor":11,"key":"SMITH"},{"floor":15,"key":"REST"}],"neow_cost":"NONE","seed_source_timestamp":966675633416487,"circlet_count":0,"master_deck":["AscendersBane","Defend_G+1","Defend_G+1","Defend_G","Defend_G","Defend_G","Strike_G","Strike_G","Strike_G","Survivor","Neutralize","Acrobatics","Flying Knee","Underhanded Strike","Prepared","Venomology","Well Laid Plans","Crippling Poison+1","Injury","Backflip"],"relics":["Ring of the Snake","NeowsBlessing","The Specimen","Bottled Flame","Golden Idol","War Paint"],"potions_floor_usage":[7,10,14,16,16,16],"damage_taken":[{"damage":0,"enemies":"2 Louse","floor":1,"turns":1},{"damage":0,"enemies":"Cultist","floor":3,"turns":1},{"damage":0,"enemies":"Small Slimes","floor":5,"turns":1},{"damage":59,"enemies":"Gremlin Nob","floor":6,"turns":7},{"damage":0,"enemies":"2 Fungi Beasts","floor":7,"turns":5},{"damage":6,"enemies":"Gremlin Gang","floor":10,"turns":6},{"damage":31,"enemies":"Lagavulin","floor":14,"turns":8},{"damage":42,"enemies":"Slime Boss","floor":16,"turns":6}],"seed_played":"3726196826466900446","potions_obtained":[{"floor":6,"key":"Block Potion"},{"floor":7,"key":"PowerPotion"},{"floor":14,"key":"Regen Potion"}],"is_trial":false,"path_per_floor":["M","?","M","$","M","E","M","R","T","M","R","?","?","E","R","B"],"character_chosen":"THE_SILENT","items_purchased":[],"campfire_rested":2,"item_purchase_floors":[],"current_hp_per_floor":[63,63,63,63,63,4,4,25,25,19,19,19,36,5,26,0],"gold":209,"neow_bonus":"THREE_ENEMY_KILL","is_prod":false,"is_daily":false,"chose_seed":false,"campfire_upgraded":1,"win_rate":0,"timestamp":1548390551,"path_taken":["M","?","M","$","M","E","?","R","T","M","R","?","?","E","R","BOSS"],"build_version":"2019-01-23","purchased_purges":1,"victory":false,"max_hp_per_floor":[70,70,70,70,70,70,70,70,70,70,70,70,70,70,70,70],"card_choices":[{"not_picked":["Concentrate","Deadly Poison"],"picked":"Acrobatics","floor":1},{"not_picked":["Slice","Outmaneuver"],"picked":"Underhanded Strike","floor":3},{"not_picked":["Blade Dance","Cloak And Dagger"],"picked":"Prepared","floor":5},{"not_picked":["Outmaneuver","Acrobatics"],"picked":"Venomology","floor":6},{"not_picked":["PiercingWail","Leg Sweep"],"picked":"Well Laid Plans","floor":7},{"not_picked":["PiercingWail","Dagger Spray"],"picked":"Crippling Poison","floor":10},{"not_picked":["Underhanded Strike","Distraction"],"picked":"Backflip","floor":14}],"player_experience":469929,"relics_obtained":[{"floor":6,"key":"The Specimen"},{"floor":9,"key":"Bottled Flame"},{"floor":14,"key":"War Paint"}],"event_choices":[{"damage_healed":0,"gold_gain":0,"cards_transformed":["Strike_G"],"player_choice":"Transformed","damage_taken":0,"max_hp_gain":0,"max_hp_loss":0,"event_name":"Transmorgrifier","floor":2,"gold_loss":0,"cards_obtained":["Flying Knee"]},{"damage_healed":0,"gold_gain":0,"player_choice":"Take Wound","damage_taken":0,"relics_obtained":["Golden Idol"],"max_hp_gain":0,"max_hp_loss":0,"event_name":"Golden Idol","floor":12,"gold_loss":0,"cards_obtained":["Injury"]},{"damage_healed":17,"gold_gain":0,"player_choice":"Healed","damage_taken":0,"max_hp_gain":0,"max_hp_loss":0,"event_name":"The Cleric","floor":13,"gold_loss":35}],"is_beta":false,"boss_relics":[],"items_purged_floors":[4],"is_endless":false,"potions_floor_spawned":[6,7,10,14],"killed_by":"Slime Boss","ascension_level":11}