{"gold_per_floor":[115,129,139,139,139,177,177,177,200,221,221,296,221,252,252,383,383,396,396,396,410,410],"floor_reached":22,"playtime":1122,"items_purged":["Regret"],"score":259,"play_id":"8183f299-aaf1-410f-aade-e65810f0ffa5","local_time":"20181216184327","is_ascension_mode":true,"campfire_choices":[{"floor":7,"key":"REST"},{"floor":11,"key":"REST"},{"data":"Perfected Strike","floor":15,"key":"SMITH"}],"neow_cost":"NONE","seed_source_timestamp":2574615936493266,"circlet_count":0,"master_deck":["Strike_R","Strike_R","Strike_R","Strike_R","Strike_R","Defend_R","Defend_R","Defend_R","Bash+1","Shrug It Off","Warcry","Perfected Strike+1","Flame Barrier","Twin Strike","Shrug It Off","Dark Embrace","Writhe","Clumsy","True Grit","Warcry"],"relics":["Burning Blood","Vajra","Golden Idol","Blue Candle","Lantern","Orichalcum","Calling Bell","Boot","Mercury Hourglass","Gambling Chip","Art of War"],"potions_floor_usage":[14,16,21,22],"damage_taken":[{"damage":11,"enemies":"Jaw Worm","floor":1,"turns":4},{"damage":12,"enemies":"Small Slimes","floor":2,"turns":4},{"damage":5,"enemies":"2 Louse","floor":3,"turns":3},{"damage":36,"enemies":"Lagavulin","floor":6,"turns":5},{"damage":6,"enemies":"Looter","floor":10,"turns":3},{"damage":16,"enemies":"Gremlin Nob","floor":14,"turns":3},{"damage":22,"enemies":"Hexaghost","floor":16,"turns":9},{"damage":37,"enemies":"2 Thieves","floor":18,"turns":4},{"damage":24,"enemies":"Shell Parasite","floor":21,"turns":5},{"damage":45,"enemies":"3 Cultists","floor":22,"turns":5}],"seed_played":"-7916450741405443371","potions_obtained":[{"floor":3,"key":"Weak Potion"},{"floor":6,"key":"SpeedPotion"},{"floor":10,"key":"PowerPotion"},{"floor":16,"key":"Regen Potion"},{"floor":18,"key":"Fruit Juice"},{"floor":21,"key":"Block Potion"}],"is_trial":false,"path_per_floor":["M","M","M","?","?","E","R","?","T","M","R","?","$","E","R","B",null,"M","?","?","M","M"],"character_chosen":"IRONCLAD","items_purchased":[],"campfire_rested":2,"item_purchase_floors":[],"current_hp_per_floor":[67,61,62,62,42,12,36,36,36,36,60,49,49,39,39,23,66,35,35,35,22,0],"gold":410,"neow_bonus":"REMOVE_CARD","is_prod":false,"is_daily":false,"chose_seed":false,"campfire_upgraded":1,"win_rate":0,"timestamp":1545007407,"path_taken":["M","M","M","?","?","E","R","?","T","M","R","?","$","E","R","BOSS","M","?","?","?","M"],"build_version":"2018-12-13","purchased_purges":1,"victory":false,"max_hp_per_floor":[80,80,80,80,80,80,80,80,80,80,80,80,80,80,80,80,80,80,80,80,85,85],"card_choices":[{"not_picked":["Body Slam","Combust"],"picked":"Shrug It Off","floor":1},{"not_picked":["Clothesline","Sever Soul"],"picked":"Warcry","floor":2},{"not_picked":["Dual Wield","Armaments"],"picked":"Perfected Strike","floor":3},{"not_picked":["Cleave","Inflame"],"picked":"Flame Barrier","floor":6},{"not_picked":["Immolate","Cleave"],"picked":"Twin Strike","floor":10},{"not_picked":["Cleave","Intimidate"],"picked":"Shrug It Off","floor":14},{"not_picked":["Brutality","Offering"],"picked":"Dark Embrace","floor":16},{"not_picked":["Thunderclap","Feel No Pain"],"picked":"True Grit","floor":18},{"not_picked":["Uppercut","Cleave"],"picked":"Warcry","floor":21}],"player_experience":307635,"relics_obtained":[{"floor":6,"key":"Blue Candle"},{"floor":9,"key":"Lantern"},{"floor":14,"key":"Orichalcum"},{"floor":17,"key":"Boot"},{"floor":17,"key":"Mercury Hourglass"},{"floor":17,"key":"Gambling Chip"}],"event_choices":[{"damage_healed":0,"gold_gain":0,"player_choice":"Box","damage_taken":0,"relics_obtained":["Vajra"],"max_hp_gain":0,"max_hp_loss":0,"event_name":"Big Fish","floor":4,"gold_loss":0,"cards_obtained":["Regret"]},{"damage_healed":0,"gold_gain":0,"player_choice":"Take Damage","damage_taken":20,"relics_obtained":["Golden Idol"],"max_hp_gain":0,"max_hp_loss":0,"event_name":"Golden Idol","floor":5,"gold_loss":0},{"damage_healed":0,"gold_gain":0,"player_choice":"Grow","damage_taken":0,"max_hp_gain":0,"max_hp_loss":0,"event_name":"Living Wall","floor":8,"gold_loss":0,"cards_upgraded":["Bash"]},{"damage_healed":0,"gold_gain":75,"player_choice":"Gather Gold","damage_taken":11,"max_hp_gain":0,"max_hp_loss":0,"event_name":"World of Goop","floor":12,"gold_loss":0},{"damage_healed":0,"gold_gain":0,"player_choice":"Opened","damage_taken":0,"relics_obtained":["Art of War"],"max_hp_gain":0,"max_hp_loss":0,"event_name":"The Mausoleum","floor":19,"gold_loss":0},{"cards_removed":["Shame"],"damage_healed":0,"gold_gain":0,"player_choice":"Card Removal","damage_taken":0,"max_hp_gain":0,"max_hp_loss":0,"event_name":"Wheel of Change","floor":20,"gold_loss":0}],"is_beta":false,"boss_relics":[{"not_picked":["Runic Dome","Pandora\u0027s Box"],"picked":"Calling Bell"}],"items_purged_floors":[13],"is_endless":false,"potions_floor_spawned":[3,6,10,16,18,21],"killed_by":"3 Cultists","ascension_level":7}