{"gold_per_floor":[10,23,23,43,118,153,153,153,153,78,91,120,120,148,148,247,247,261,261,281,281,181,181],"floor_reached":23,"playtime":1048,"items_purged":["Strike_B","Defend_B"],"score":217,"play_id":"97d3d990-f046-45f2-839a-f0c93e2a0df1","local_time":"20190205013957","is_ascension_mode":true,"campfire_choices":[{"data":"Dualcast","floor":8,"key":"SMITH"},{"data":"Echo Form","floor":13,"key":"SMITH"},{"data":"Hologram","floor":15,"key":"SMITH"}],"neow_cost":"NO_GOLD","seed_source_timestamp":146220406945576,"circlet_count":0,"master_deck":["Defend_B","Defend_B+1","Defend_B+1","Zap+1","Dualcast+1","All For One","Capacitor","Beam Cell","Conserve Battery","Turbo","Hologram+1","Echo Form+1","Buffer","Glacier","Go for the Eyes+1","Steam","Heatsinks"],"relics":["Cracked Core","Meat on the Bone","Art of War","Anchor","Dodecahedron","War Paint","Inserter"],"potions_floor_usage":[12,14,23],"damage_taken":[{"damage":1,"enemies":"Cultist","floor":1,"turns":3},{"damage":5,"enemies":"Jaw Worm","floor":2,"turns":4},{"damage":0,"enemies":"Small Slimes","floor":4,"turns":2},{"damage":21,"enemies":"Gremlin Nob","floor":6,"turns":4},{"damage":0,"enemies":"Looter","floor":11,"turns":3},{"damage":9,"enemies":"3 Sentries","floor":12,"turns":4},{"damage":2,"enemies":"Lagavulin","floor":14,"turns":8},{"damage":22,"enemies":"The Guardian","floor":16,"turns":11},{"damage":3,"enemies":"Shell Parasite","floor":18,"turns":9},{"damage":6,"enemies":"Spheric Guardian","floor":20,"turns":6},{"damage":17,"enemies":"Gremlin Leader","floor":23,"turns":8}],"seed_played":"-6276859027790465111","potions_obtained":[{"floor":1,"key":"SmokeBomb"},{"floor":6,"key":"Explosive Potion"},{"floor":11,"key":"PowerPotion"},{"floor":12,"key":"Dexterity Potion"},{"floor":14,"key":"Block Potion"}],"is_trial":false,"path_per_floor":["M","M","?","M","?","E","?","R","T","$","M","E","R","E","R","B",null,"M","?","M","?","$","E"],"character_chosen":"DEFECT","items_purchased":[],"campfire_rested":0,"item_purchase_floors":[],"current_hp_per_floor":[74,69,69,69,58,37,37,37,37,37,49,40,40,38,38,28,75,72,72,66,66,66,49],"gold":181,"neow_bonus":"THREE_RARE_CARDS","is_prod":false,"is_daily":false,"chose_seed":false,"campfire_upgraded":3,"win_rate":0,"timestamp":1549359597,"path_taken":["M","M","?","M","?","E","?","R","T","$","M","E","R","E","R","BOSS","M","?","M","?","$","E"],"build_version":"2019-01-23","purchased_purges":2,"victory":false,"max_hp_per_floor":[75,75,75,75,75,75,75,75,75,75,75,75,75,75,75,75,75,75,75,75,75,75,75],"card_choices":[{"not_picked":["Core Surge","Hyperbeam"],"picked":"All For One","floor":0},{"not_picked":["Streamline","Chaos"],"picked":"Capacitor","floor":1},{"not_picked":["Turbo","Redo"],"picked":"Beam Cell","floor":2},{"not_picked":["Redo","Static Discharge"],"picked":"Conserve Battery","floor":4},{"not_picked":["Cold Snap","Core Surge"],"picked":"Turbo","floor":6},{"not_picked":["Compile Driver","Rebound"],"picked":"Hologram","floor":11},{"not_picked":["Sunder","Compile Driver"],"picked":"Echo Form","floor":12},{"not_picked":["Sweeping Beam","Rip and Tear","Turbo"],"picked":"SKIP","floor":14},{"not_picked":["Hyperbeam","Fission"],"picked":"Buffer","floor":16},{"not_picked":["Turbo","Coolheaded+1"],"picked":"Glacier","floor":18},{"not_picked":["Chill","Turbo"],"picked":"Go for the Eyes+1","floor":20}],"player_experience":1028590,"relics_obtained":[{"floor":6,"key":"Meat on the Bone"},{"floor":9,"key":"Anchor"},{"floor":12,"key":"Dodecahedron"},{"floor":14,"key":"War Paint"}],"event_choices":[{"damage_healed":0,"gold_gain":0,"player_choice":"Grow","damage_taken":0,"max_hp_gain":0,"max_hp_loss":0,"event_name":"Living Wall","floor":3,"gold_loss":0,"cards_upgraded":["Zap"]},{"damage_healed":0,"gold_gain":75,"player_choice":"Gather Gold","damage_taken":11,"max_hp_gain":0,"max_hp_loss":0,"event_name":"World of Goop","floor":5,"gold_loss":0},{"damage_healed":0,"gold_gain":0,"player_choice":"Searched \u00271\u0027 times","damage_taken":0,"relics_obtained":["Art of War"],"max_hp_gain":0,"max_hp_loss":0,"event_name":"Dead Adventurer","floor":7,"gold_loss":0},{"cards_removed":["Strike_B"],"damage_healed":0,"gold_gain":0,"player_choice":"Elegance","damage_taken":0,"max_hp_gain":0,"max_hp_loss":0,"event_name":"Back to Basics","floor":19,"gold_loss":0},{"damage_healed":0,"gold_gain":0,"cards_transformed":["Strike_B","Strike_B"],"player_choice":"Became Test Subject","damage_taken":0,"max_hp_gain":0,"max_hp_loss":0,"event_name":"Drug Dealer","floor":21,"gold_loss":0,"cards_obtained":["Steam","Heatsinks"]}],"is_beta":true,"boss_relics":[{"not_picked":["Orrery","Black Star"],"picked":"Inserter"}],"items_purged_floors":[10,22],"is_endless":false,"potions_floor_spawned":[1,6,11,12,14],"killed_by":"Gremlin Leader","ascension_level":1}