{"gold_per_floor":[114,126,126,126,76,76,106,106,106,106,106,123,154,174,174,270,270,287,202,302,0,11,11,11],"floor_reached":24,"playtime":995,"items_purged":[],"score":318,"play_id":"f0dcd032-afb7-4c6b-b200-6206b70e4dd7","local_time":"20190101122720","is_ascension_mode":true,"campfire_choices":[{"data":"Bash","floor":6,"key":"SMITH"},{"data":"Body Slam","floor":8,"key":"SMITH"},{"data":"Wild Strike","floor":10,"key":"SMITH"},{"data":"True Grit","floor":15,"key":"SMITH"},{"floor":23,"key":"DIG"}],"neow_cost":"NONE","seed_source_timestamp":971878939832569,"circlet_count":0,"master_deck":["Strike_R","Strike_R","Strike_R","Strike_R","Defend_R+1","Defend_R","Defend_R","Defend_R","Bash+1","Wild Strike+1","Wild Strike+1","Body Slam+1","True Grit+1","Wild Strike","Shrug It Off","Reaper","Armaments+1","Warcry","Hemokinesis"],"relics":["Burning Blood","NeowsBlessing","Sundial","Juzu Bracelet","The Courier","Peace Pipe","Lizard Tail","Mercury Hourglass","Shovel","Mummified Hand","Potion Belt"],"potions_floor_usage":[13,16,18,20],"damage_taken":[{"damage":0,"enemies":"Cultist","floor":1,"turns":1},{"damage":0,"enemies":"2 Louse","floor":2,"turns":1},{"damage":0,"enemies":"Gremlin Nob","floor":7,"turns":1},{"damage":2,"enemies":"Small Slimes","floor":12,"turns":3},{"damage":24,"enemies":"Lagavulin","floor":13,"turns":5},{"damage":12,"enemies":"Exordium Wildlife","floor":14,"turns":3},{"damage":48,"enemies":"The Guardian","floor":16,"turns":10},{"damage":11,"enemies":"Shell Parasite","floor":18,"turns":6},{"damage":39,"enemies":"Colosseum Slavers","floor":20,"turns":7},{"damage":51,"enemies":"Colosseum Nobs","floor":20,"turns":6},{"damage":13,"enemies":"Spheric Guardian","floor":22,"turns":5},{"damage":49,"enemies":"Slavers","floor":24,"turns":4}],"seed_played":"-664740642299269714","potions_obtained":[{"floor":2,"key":"Regen Potion"},{"floor":7,"key":"Regen Potion"},{"floor":12,"key":"SteroidPotion"},{"floor":16,"key":"Block Potion"}],"is_trial":false,"path_per_floor":["M","M","T","?","?","R","E","R","T","R","?","M","E","M","R","B",null,"M","?","?","?","M","R","E"],"character_chosen":"IRONCLAD","items_purchased":[],"campfire_rested":0,"item_purchase_floors":[],"current_hp_per_floor":[78,80,80,85,85,85,85,85,85,85,68,72,54,48,48,18,68,63,63,48,48,41,41,0],"gold":11,"neow_bonus":"THREE_ENEMY_KILL","is_prod":false,"is_daily":false,"chose_seed":false,"campfire_upgraded":4,"win_rate":0,"timestamp":1546367240,"path_taken":["M","M","?","?","?","R","E","R","T","R","?","M","E","M","R","BOSS","M","?","?","?","M","R","E"],"build_version":"2018-12-20","purchased_purges":0,"victory":false,"max_hp_per_floor":[80,80,80,85,85,85,85,85,85,85,85,85,85,85,85,85,85,85,85,85,85,85,85,85],"card_choices":[{"not_picked":["Flex","Twin Strike"],"picked":"Wild Strike","floor":1},{"not_picked":["True Grit","Uppercut"],"picked":"Wild Strike","floor":2},{"not_picked":["Reckless Charge","Havoc"],"picked":"Body Slam","floor":7},{"not_picked":["Clothesline","Pommel Strike"],"picked":"True Grit","floor":12},{"not_picked":["Clothesline","Bloodletting"],"picked":"Wild Strike","floor":13},{"not_picked":["Sever Soul","Perfected Strike"],"picked":"Shrug It Off","floor":14},{"not_picked":["Offering","Barricade"],"picked":"Reaper","floor":16},{"not_picked":["Twin Strike","Body Slam"],"picked":"Armaments+1","floor":18},{"not_picked":["Thunderclap","Clash"],"picked":"Warcry","floor":20},{"not_picked":["True Grit","Intimidate"],"picked":"Hemokinesis","floor":22}],"player_experience":360165,"relics_obtained":[{"floor":3,"key":"Sundial"},{"floor":7,"key":"Juzu Bracelet"},{"floor":9,"key":"The Courier"},{"floor":13,"key":"Peace Pipe"},{"floor":20,"key":"Shovel"},{"floor":20,"key":"Mummified Hand"},{"floor":23,"key":"Potion Belt"}],"event_choices":[{"damage_healed":0,"gold_gain":0,"player_choice":"Donut","damage_taken":0,"max_hp_gain":5,"max_hp_loss":0,"event_name":"Big Fish","floor":4,"gold_loss":0},{"cards_removed":["Strike_R"],"damage_healed":0,"gold_gain":0,"player_choice":"Card Removal","damage_taken":0,"max_hp_gain":0,"max_hp_loss":0,"event_name":"The Cleric","floor":5,"gold_loss":50},{"damage_healed":0,"gold_gain":0,"player_choice":"Entered Light","damage_taken":17,"max_hp_gain":0,"max_hp_loss":0,"event_name":"Shining Light","floor":11,"gold_loss":0,"cards_upgraded":["Defend_R","Wild Strike"]},{"damage_healed":0,"gold_gain":0,"player_choice":"Obtained Relic","damage_taken":0,"relics_obtained":["Mercury Hourglass"],"max_hp_gain":0,"max_hp_loss":0,"event_name":"Addict","floor":19,"gold_loss":85},{"damage_healed":0,"gold_gain":0,"player_choice":"Fight","damage_taken":0,"max_hp_gain":0,"max_hp_loss":0,"event_name":"Colosseum","floor":20,"gold_loss":0},{"damage_healed":0,"gold_gain":0,"player_choice":"Fought Nobs","damage_taken":0,"max_hp_gain":0,"max_hp_loss":0,"event_name":"Colosseum","floor":20,"gold_loss":0},{"damage_healed":0,"gold_gain":0,"player_choice":"Paid Fearfully","damage_taken":0,"max_hp_gain":0,"max_hp_loss":0,"event_name":"Masked Bandits","floor":21,"gold_loss":302}],"is_beta":false,"boss_relics":[{"not_picked":["Busted Crown","Empty Cage"],"picked":"Lizard Tail"}],"items_purged_floors":[],"is_endless":false,"potions_floor_spawned":[2,7,12,16,20],"killed_by":"Slavers","ascension_level":8}