{"gold_per_floor":[14,14,29,49,49,83,83,112,191,42,42,217,49,49,49,179,179,203,203,203,22,22,65,89,130,198,198,213,213,213,88,88,184,234,254,272,288,388,406,406,420,438,438,458,458,469,379,409,409,409],"floor_reached":51,"playtime":3140,"items_purged":["Doubt","Writhe","Defend_R"],"score":879,"play_id":"d55fd3c3-0d25-48b1-be7b-21326d42a9a8","local_time":"20190204194257","is_ascension_mode":true,"campfire_choices":[{"data":"Whirlwind","floor":7,"key":"SMITH"},{"data":"Bash","floor":11,"key":"SMITH"},{"floor":15,"key":"REST"},{"data":"Juggernaut","floor":27,"key":"SMITH"},{"data":"Exhume","floor":29,"key":"SMITH"},{"floor":32,"key":"REST"},{"data":"Entrench","floor":40,"key":"SMITH"},{"floor":49,"key":"REST"}],"neow_cost":"NO_GOLD","seed_source_timestamp":109930391028808,"circlet_count":0,"master_deck":["Defend_R","Defend_R+1","Bash+1","Exhume+1","Iron Wave+1","Clash+1","Iron Wave+1","Whirlwind+1","Metallicize+1","Shrug It Off","Offering","Clothesline","Juggernaut+1","Battle Trance","Rupture","Rage+1","True Grit+1","Body Slam+1","Shrug It Off+1","Armaments+1","Entrench+1","Juggernaut"],"relics":["Burning Blood","Bloody Idol","Happy Flower","Odd Mushroom","Juzu Bracelet","Sozu","Mummified Hand","Dream Catcher","Matryoshka","Whetstone","Paper Frog","Tiny House","Du-Vu Doll","Art of War","Pen Nib","Ice Cream"],"potions_floor_usage":[6,16],"damage_taken":[{"damage":6,"enemies":"Cultist","floor":1,"turns":3},{"damage":1,"enemies":"2 Louse","floor":3,"turns":3},{"damage":4,"enemies":"Small Slimes","floor":4,"turns":4},{"damage":20,"enemies":"3 Sentries","floor":6,"turns":12},{"damage":17,"enemies":"The Mushroom Lair","floor":8,"turns":3},{"damage":28,"enemies":"The Guardian","floor":16,"turns":13},{"damage":4,"enemies":"Chosen","floor":18,"turns":6},{"damage":24,"enemies":"Gremlin Leader","floor":23,"turns":4},{"damage":6,"enemies":"Shell Parasite","floor":24,"turns":4},{"damage":12,"enemies":"Book of Stabbing","floor":25,"turns":5},{"damage":6,"enemies":"Centurion and Healer","floor":28,"turns":3},{"damage":49,"enemies":"Automaton","floor":33,"turns":8},{"damage":0,"enemies":"Orb Walker","floor":35,"turns":2},{"damage":6,"enemies":"3 Darklings","floor":36,"turns":4},{"damage":12,"enemies":"Transient","floor":37,"turns":5},{"damage":6,"enemies":"Mind Bloom Boss Battle","floor":38,"turns":4},{"damage":5,"enemies":"4 Shapes","floor":39,"turns":6},{"damage":27,"enemies":"Writhing Mass","floor":41,"turns":5},{"damage":8,"enemies":"3 Darklings","floor":42,"turns":4},{"damage":6,"enemies":"Spire Growth","floor":44,"turns":3},{"damage":6,"enemies":"Writhing Mass","floor":46,"turns":4},{"damage":11,"enemies":"Nemesis","floor":48,"turns":5},{"damage":68,"enemies":"Time Eater","floor":50,"turns":9}],"seed_played":"-5432234743875488683","potions_obtained":[{"floor":4,"key":"Fire Potion"},{"floor":8,"key":"Regen Potion"}],"is_trial":false,"path_per_floor":["M","?","M","M","?","E","R","?","T","$","R","?","$","?","R","B",null,"M","?","?","$","?","E","M","E","T","R","M","R","?","$","R","B",null,"M","M","M","?","M","R","M","M","T","M","?","M","?","E","R","B",null],"character_chosen":"IRONCLAD","items_purchased":["Juzu Bracelet","Metallicize","Shrug It Off","Battle Trance"],"campfire_rested":3,"item_purchase_floors":[10,13,13,21],"current_hp_per_floor":[80,73,78,80,60,46,46,35,35,35,35,35,35,19,43,36,69,71,71,71,71,71,53,53,47,47,47,47,47,47,47,71,33,75,85,85,84,85,85,85,69,72,72,77,77,82,82,82,85,23],"gold":409,"neow_bonus":"TRANSFORM_TWO_CARDS","is_prod":false,"is_daily":false,"chose_seed":false,"campfire_upgraded":5,"win_rate":0,"timestamp":1549276977,"path_taken":["M","?","M","M","?","E","R","?","T","?","R","?","$","?","R","BOSS","M","?","?","$","?","E","M","E","T","R","M","R","?","$","R","BOSS","M","M","M","?","M","R","M","M","T","M","?","M","?","E","R","BOSS"],"build_version":"2019-01-23","purchased_purges":3,"victory":true,"max_hp_per_floor":[80,80,80,80,80,80,80,80,80,80,80,80,80,80,80,80,80,80,80,80,80,80,80,80,80,80,80,80,80,80,80,80,80,85,85,85,85,85,85,85,85,85,85,85,85,85,85,85,85,85],"card_choices":[{"not_picked":["Perfected Strike","Warcry","Thunderclap"],"picked":"SKIP","floor":1},{"not_picked":["Pummel","Heavy Blade"],"picked":"Clash","floor":3},{"not_picked":["Entrench","True Grit"],"picked":"Iron Wave","floor":4},{"not_picked":["Inflame","Rampage"],"picked":"Whirlwind","floor":6},{"not_picked":["Exhume","Feed"],"picked":"Offering","floor":16},{"not_picked":["Feel No Pain+1","Iron Wave","Thunderclap"],"picked":"SKIP","floor":18},{"not_picked":["Second Wind","Anger","Thunderclap"],"picked":"SKIP","floor":23},{"not_picked":["Perfected Strike","Infernal Blade","Blood for Blood"],"picked":"SKIP","floor":24},{"not_picked":["Clash","Disarm"],"picked":"Rupture","floor":25},{"not_picked":["Clash","Flex","Headbutt"],"picked":"SKIP","floor":28},{"not_picked":["Metallicize","Corruption"],"picked":"Rage+1","floor":32},{"not_picked":["Shockwave","Disarm+1"],"picked":"True Grit+1","floor":34},{"not_picked":["Cleave","Wild Strike+1"],"picked":"Body Slam+1","floor":35},{"not_picked":["Perfected Strike+1","Thunderclap+1"],"picked":"Shrug It Off+1","floor":36},{"not_picked":["Clash","Havoc+1","Pommel Strike+1"],"picked":"SKIP","floor":37},{"not_picked":["Clothesline+1","Cleave+1"],"picked":"Armaments+1","floor":38},{"not_picked":["Perfected Strike+1","Hemokinesis+1"],"picked":"Entrench","floor":39},{"not_picked":["Shockwave+1","Clothesline+1","Wild Strike"],"picked":"SKIP","floor":41},{"not_picked":["Inflame","Warcry+1"],"picked":"Juggernaut","floor":42},{"not_picked":["Havoc","Sword Boomerang","Dropkick"],"picked":"SKIP","floor":44},{"not_picked":["Clothesline","Body Slam+1","Shrug It Off"],"picked":"SKIP","floor":46},{"not_picked":["Wild Strike","Bloodletting+1","Second Wind"],"picked":"SKIP","floor":48}],"player_experience":797837,"relics_obtained":[{"floor":6,"key":"Happy Flower"},{"floor":8,"key":"Odd Mushroom"},{"floor":23,"key":"Dream Catcher"},{"floor":25,"key":"Matryoshka"},{"floor":26,"key":"Whetstone"},{"floor":26,"key":"Paper Frog"},{"floor":38,"key":"Du-Vu Doll"},{"floor":43,"key":"Art of War"},{"floor":43,"key":"Pen Nib"},{"floor":48,"key":"Ice Cream"}],"event_choices":[{"cards_removed":["Strike_R"],"damage_healed":0,"gold_gain":0,"player_choice":"Card Removal","damage_taken":7,"max_hp_gain":0,"max_hp_loss":0,"event_name":"Golden Wing","floor":2,"gold_loss":0},{"damage_healed":0,"gold_gain":0,"player_choice":"Take Damage","damage_taken":20,"relics_obtained":["Golden Idol"],"max_hp_gain":0,"max_hp_loss":0,"event_name":"Golden Idol","floor":5,"gold_loss":0},{"damage_healed":0,"gold_gain":0,"player_choice":"Fought Mushrooms","damage_taken":0,"max_hp_gain":0,"max_hp_loss":0,"event_name":"Mushrooms","floor":8,"gold_loss":0},{"damage_healed":0,"gold_gain":175,"player_choice":"AGREE","damage_taken":0,"max_hp_gain":0,"max_hp_loss":0,"event_name":"Liars Game","floor":12,"gold_loss":0,"cards_obtained":["Doubt"]},{"damage_healed":0,"gold_gain":0,"player_choice":"Entered Light","damage_taken":16,"max_hp_gain":0,"max_hp_loss":0,"event_name":"Shining Light","floor":14,"gold_loss":0,"cards_upgraded":["Strike_R","Iron Wave"]},{"damage_healed":0,"gold_gain":0,"cards_transformed":["Strike_R","Defend_R"],"player_choice":"Became Test Subject","damage_taken":0,"max_hp_gain":0,"max_hp_loss":0,"event_name":"Drug Dealer","floor":19,"gold_loss":0,"cards_obtained":["Clothesline","Juggernaut"]},{"damage_healed":0,"gold_gain":0,"player_choice":"Opened","damage_taken":0,"relics_obtained":["Mummified Hand"],"max_hp_gain":0,"max_hp_loss":0,"event_name":"The Mausoleum","floor":20,"gold_loss":0,"cards_obtained":["Writhe"]},{"damage_healed":0,"gold_gain":0,"player_choice":"Ignored","damage_taken":0,"max_hp_gain":0,"max_hp_loss":0,"event_name":"NoteForYourself","floor":22,"gold_loss":0},{"damage_healed":0,"gold_gain":0,"player_choice":"Gave Idol","damage_taken":0,"relics_obtained":["Bloody Idol"],"max_hp_gain":0,"max_hp_loss":0,"event_name":"Forgotten Altar","floor":30,"relics_lost":["Golden Idol"],"gold_loss":0},{"damage_healed":0,"gold_gain":0,"player_choice":"Fight","damage_taken":0,"max_hp_gain":0,"max_hp_loss":0,"event_name":"MindBloom","floor":38,"gold_loss":0},{"damage_healed":0,"gold_gain":0,"player_choice":"Memory 1","damage_taken":0,"max_hp_gain":0,"max_hp_loss":0,"event_name":"SensoryStone","floor":45,"gold_loss":0},{"cards_removed":["Strike_R"],"damage_healed":0,"gold_gain":0,"player_choice":"Upgrade and Remove","damage_taken":0,"max_hp_gain":0,"max_hp_loss":0,"event_name":"Designer","floor":47,"gold_loss":90,"cards_upgraded":["Defend_R"]}],"is_beta":false,"boss_relics":[{"not_picked":["Runic Dome","Pandora\u0027s Box"],"picked":"Sozu"},{"not_picked":["Snecko Eye","Astrolabe"],"picked":"Tiny House"}],"items_purged_floors":[13,21,31],"is_endless":false,"potions_floor_spawned":[4,8,25,28,37,44,46,48],"ascension_level":5}