{"gold_per_floor":[116,135,135,153,164,198,6,6,87,87,97,97,172,200,200,200],"floor_reached":16,"playtime":817,"items_purged":[],"score":145,"play_id":"ee209846-6769-4298-8726-c42232b25aa3","local_time":"20181229204544","is_ascension_mode":true,"campfire_choices":[{"floor":8,"key":"REST"},{"data":"Poisoned Stab","floor":10,"key":"SMITH"},{"floor":12,"key":"REST"},{"floor":15,"key":"REST"}],"neow_cost":"NONE","seed_source_timestamp":742756387488370,"circlet_count":0,"master_deck":["Defend_G","Defend_G","Defend_G","Defend_G","Defend_G","Strike_G","Strike_G","Strike_G","Strike_G","Strike_G","Survivor","Neutralize+1","Leg Sweep+1","Underhanded Strike","Predator","Poisoned Stab+1","All Out Attack","PiercingWail","Grand Finale"],"relics":["Ring of the Snake","Tough Bandages","MealTicket","Ornamental Fan","Odd Mushroom"],"potions_floor_usage":[6,6,16,16],"damage_taken":[{"damage":0,"enemies":"Small Slimes","floor":1,"turns":4},{"damage":4,"enemies":"Cultist","floor":2,"turns":4},{"damage":8,"enemies":"Jaw Worm","floor":4,"turns":6},{"damage":3,"enemies":"Looter","floor":5,"turns":4},{"damage":31,"enemies":"Lagavulin","floor":6,"turns":7},{"damage":22,"enemies":"Exordium Thugs","floor":11,"turns":5},{"damage":0,"enemies":"The Mushroom Lair","floor":14,"turns":4},{"damage":53,"enemies":"Slime Boss","floor":16,"turns":13}],"seed_played":"-7773292390780005346","potions_obtained":[{"floor":1,"key":"Dexterity Potion"},{"floor":2,"key":"Block Potion"},{"floor":4,"key":"SpeedPotion"},{"floor":14,"key":"Ancient Potion"}],"is_trial":false,"path_per_floor":["M","M","?","M","M","E","$","R","T","R","M","R","?","?","R","B"],"character_chosen":"THE_SILENT","items_purchased":["MealTicket"],"campfire_rested":3,"item_purchase_floors":[7],"current_hp_per_floor":[63,59,59,51,48,17,17,38,38,38,16,37,26,26,47,0],"gold":200,"neow_bonus":"UPGRADE_CARD","is_prod":false,"is_daily":false,"chose_seed":false,"campfire_upgraded":1,"win_rate":0,"timestamp":1546137944,"path_taken":["M","M","?","M","?","E","$","R","T","R","?","R","?","?","R","BOSS"],"build_version":"2018-12-20","purchased_purges":0,"victory":false,"max_hp_per_floor":[70,70,70,70,70,70,70,70,70,70,70,70,70,70,70,70],"card_choices":[{"not_picked":["Slice","Quick Slash"],"picked":"Leg Sweep","floor":1},{"not_picked":["Blade Dance","Flying Knee"],"picked":"Underhanded Strike","floor":2},{"not_picked":["Slice","Catalyst"],"picked":"Predator","floor":4},{"not_picked":["Finisher","Blade Dance"],"picked":"Poisoned Stab","floor":5},{"not_picked":["Bane","Flying Knee"],"picked":"All Out Attack","floor":6},{"not_picked":["Dagger Spray","Endless Agony"],"picked":"PiercingWail","floor":11},{"not_picked":["Blade Dance","Sucker Punch"],"picked":"Grand Finale","floor":14}],"player_experience":344577,"relics_obtained":[{"floor":6,"key":"Tough Bandages"},{"floor":9,"key":"Ornamental Fan"},{"floor":14,"key":"Odd Mushroom"}],"event_choices":[{"damage_healed":0,"gold_gain":0,"player_choice":"Upgraded","damage_taken":0,"max_hp_gain":0,"max_hp_loss":0,"event_name":"Upgrade Shrine","floor":3,"gold_loss":0,"cards_upgraded":["Leg Sweep"]},{"damage_healed":0,"gold_gain":75,"player_choice":"Gather Gold","damage_taken":11,"max_hp_gain":0,"max_hp_loss":0,"event_name":"World of Goop","floor":13,"gold_loss":0},{"damage_healed":0,"gold_gain":0,"player_choice":"Fought Mushrooms","damage_taken":0,"max_hp_gain":0,"max_hp_loss":0,"event_name":"Mushrooms","floor":14,"gold_loss":0}],"is_beta":false,"boss_relics":[],"items_purged_floors":[],"is_endless":false,"potions_floor_spawned":[1,2,4,14],"killed_by":"Slime Boss","ascension_level":9}