{"gold_per_floor":[113,129,140,140,140,169,244,419,465,465,175,239,239,91,91,184,184,198,41,41,41,41,41],"floor_reached":23,"playtime":1338,"items_purged":[],"score":418,"play_id":"3b5c74d4-7524-4ef3-a11c-968d73b6c809","local_time":"20190203162629","is_ascension_mode":true,"campfire_choices":[{"data":"Offering","floor":13,"key":"SMITH"},{"floor":15,"key":"REST"}],"neow_cost":"NONE","seed_source_timestamp":508177785054535,"circlet_count":0,"master_deck":["AscendersBane","Strike_R","Strike_R","Strike_R","Strike_R","Strike_R","Defend_R","Defend_R","Defend_R+1","Defend_R+1","Bash","Blind","Dropkick","Rampage","Iron Wave","Dropkick","Doubt","Injury","Inflame","Offering+1","Demon Form","Hemokinesis+1","Necronomicurse","Shame"],"relics":["Burning Blood","Strawberry","PreservedInsect","Golden Idol","Blue Candle","Tiny Chest","Bag of Preparation","Busted Crown","War Paint","Necronomicon","Kunai"],"potions_floor_usage":[6,23],"damage_taken":[{"damage":4,"enemies":"2 Louse","floor":1,"turns":4},{"damage":13,"enemies":"Small Slimes","floor":2,"turns":4},{"damage":2,"enemies":"Cultist","floor":3,"turns":4},{"damage":34,"enemies":"Gremlin Nob","floor":6,"turns":5},{"damage":22,"enemies":"Lagavulin","floor":12,"turns":6},{"damage":52,"enemies":"Hexaghost","floor":16,"turns":10},{"damage":27,"enemies":"Chosen","floor":18,"turns":5},{"damage":37,"enemies":"Slavers","floor":23,"turns":2}],"seed_played":"-2089284768808328534","potions_obtained":[{"floor":1,"key":"Weak Potion"},{"floor":3,"key":"Dexterity Potion"},{"floor":6,"key":"Weak Potion"}],"is_trial":false,"path_per_floor":["M","M","M","?","$","E","?","?","T","?","$","E","R","$","R","B",null,"M","$","?","?","?","E"],"character_chosen":"IRONCLAD","items_purchased":["Blue Candle","Inflame","Bag of Preparation","War Paint"],"campfire_rested":1,"item_purchase_floors":[11,11,14,19],"current_hp_per_floor":[74,67,71,76,76,55,44,44,44,44,44,28,28,28,55,9,71,50,50,34,34,34,0],"gold":41,"neow_bonus":"RANDOM_COLORLESS","is_prod":false,"is_daily":false,"chose_seed":false,"campfire_upgraded":1,"win_rate":0,"timestamp":1549232789,"path_taken":["M","M","M","?","$","E","?","?","T","?","?","E","R","?","R","BOSS","M","?","?","?","?","E"],"build_version":"2019-01-23","purchased_purges":0,"victory":false,"max_hp_per_floor":[80,80,80,85,85,92,92,92,92,92,92,92,92,92,92,92,92,92,92,92,92,92,92],"card_choices":[{"not_picked":["Sword Boomerang","Entrench"],"picked":"Dropkick","floor":1},{"not_picked":["Wild Strike","Flex"],"picked":"Rampage","floor":2},{"not_picked":["Pommel Strike","Cleave"],"picked":"Iron Wave","floor":3},{"not_picked":["Sword Boomerang","Feel No Pain"],"picked":"Dropkick","floor":6},{"not_picked":["Warcry","Thunderclap"],"picked":"Offering","floor":12},{"not_picked":["Feed","Exhume"],"picked":"Demon Form","floor":16},{"not_picked":[],"picked":"Hemokinesis","floor":18}],"player_experience":528276,"relics_obtained":[{"floor":6,"key":"Strawberry"},{"floor":9,"key":"PreservedInsect"},{"floor":12,"key":"Tiny Chest"},{"floor":20,"key":"Necronomicon"}],"event_choices":[{"damage_healed":0,"gold_gain":0,"player_choice":"Donut","damage_taken":0,"max_hp_gain":5,"max_hp_loss":0,"event_name":"Big Fish","floor":4,"gold_loss":0},{"damage_healed":0,"gold_gain":75,"player_choice":"Gather Gold","damage_taken":11,"max_hp_gain":0,"max_hp_loss":0,"event_name":"World of Goop","floor":7,"gold_loss":0},{"damage_healed":0,"gold_gain":175,"player_choice":"AGREE","damage_taken":0,"max_hp_gain":0,"max_hp_loss":0,"event_name":"Liars Game","floor":8,"gold_loss":0,"cards_obtained":["Doubt"]},{"damage_healed":0,"gold_gain":0,"player_choice":"Take Wound","damage_taken":0,"relics_obtained":["Golden Idol"],"max_hp_gain":0,"max_hp_loss":0,"event_name":"Golden Idol","floor":10,"gold_loss":0,"cards_obtained":["Injury"]},{"damage_healed":0,"gold_gain":0,"player_choice":"Obtained Book","damage_taken":16,"max_hp_gain":0,"max_hp_loss":0,"event_name":"Cursed Tome","floor":20,"gold_loss":0},{"damage_healed":0,"gold_gain":0,"player_choice":"Stole Relic","damage_taken":0,"relics_obtained":["Kunai"],"max_hp_gain":0,"max_hp_loss":0,"event_name":"Addict","floor":21,"gold_loss":0,"cards_obtained":["Shame"]},{"damage_healed":0,"gold_gain":0,"player_choice":"Forge","damage_taken":0,"max_hp_gain":0,"max_hp_loss":0,"event_name":"Accursed Blacksmith","floor":22,"gold_loss":0,"cards_upgraded":["Hemokinesis"]}],"is_beta":false,"boss_relics":[{"not_picked":["Pandora\u0027s Box","Philosopher\u0027s Stone"],"picked":"Busted Crown"}],"items_purged_floors":[],"is_endless":false,"potions_floor_spawned":[1,3,6,16],"killed_by":"Slavers","ascension_level":13}