{"path_per_floor":["M","$","M","$","M","E","R","?","T","M","E","R","E","M","R","B",null,"M","M","M","M","?","E","R"],"character_chosen":"IRONCLAD","items_purchased":[],"gold_per_floor":[109,34,46,46,60,89,89,450,530,549,614,614,645,659,659,760,760,770,784,799,809,809,840,840,840],"floor_reached":25,"campfire_rested":2,"playtime":1287,"current_hp_per_floor":[76,76,80,80,75,61,61,39,39,39,31,55,54,59,59,66,80,80,79,71,41,41,9,33,0],"items_purged":["Defend_R"],"gold":840,"score":292,"play_id":"79e37ded-2395-4353-a93c-23627d741142","local_time":"20180407203949","is_prod":false,"is_daily":false,"is_ascension_mode":true,"campfire_upgraded":2,"timestamp":1523151589,"path_taken":["M","$","M","?","M","E","R","?","T","M","E","R","E","?","R","BOSS","M","?","M","M","?","E","R","E"],"build_version":"2018-04-05v2","purchased_purges":1,"victory":false,"master_deck":["Strike_R","Strike_R","Strike_R","Strike_R","Defend_R","Defend_R","Defend_R","Bash","Dual Wield+1","Clash","Spot Weakness","Warcry+1","Metallicize","Shrug It Off","Clash","Fiend Fire","Intimidate","Burning Pact","Reaper","Inflame","Burning Pact","Thunderclap","Seeing Red"],"max_hp_per_floor":[80,80,80,80,80,80,80,80,80,80,80,80,80,80,80,80,80,80,80,80,80,80,80,80,80],"relics":["Burning Blood","Happy Flower","Old Coin","Pantograph","Tiny Chest","Orichalcum","Cursed Key","Molten Egg 2"],"card_choices":[{"not_picked":["Havoc","Rupture"],"picked":"Clash","floor":1},{"not_picked":["Body Slam","Iron Wave"],"picked":"Spot Weakness","floor":3},{"not_picked":["Armaments","Twin Strike"],"picked":"Warcry","floor":5},{"not_picked":["Inflame","Sentinel"],"picked":"Metallicize","floor":6},{"not_picked":["True Grit","Fiend Fire"],"picked":"Shrug It Off","floor":8},{"not_picked":["Hemokinesis","Entrench"],"picked":"Clash","floor":10},{"not_picked":["Twin Strike","Perfected Strike"],"picked":"Fiend Fire","floor":11},{"not_picked":["Rage","Cleave"],"picked":"Intimidate","floor":13},{"not_picked":["Armaments","Clothesline"],"picked":"Burning Pact","floor":14},{"not_picked":["Offering","Juggernaut"],"picked":"Reaper","floor":16},{"not_picked":["Spot Weakness","Armaments"],"picked":"Inflame","floor":18},{"not_picked":["Spot Weakness","Second Wind"],"picked":"Burning Pact","floor":20},{"not_picked":["Hemokinesis","Blood for Blood"],"picked":"Thunderclap","floor":21},{"not_picked":["Anger","Power Through"],"picked":"Seeing Red","floor":23}],"player_experience":141931,"potions_floor_usage":[6,8,13,18,23,23,23,25],"damage_taken":[{"damage":10,"enemies":"Cultist","floor":1,"turns":4},{"damage":0,"enemies":"2 Louse","floor":3,"turns":1},{"damage":11,"enemies":"Small Slimes","floor":5,"turns":3},{"damage":20,"enemies":"Gremlin Nob","floor":6,"turns":3},{"damage":34,"enemies":"Lagavulin Event","floor":8,"turns":4},{"damage":6,"enemies":"2 Fungi Beasts","floor":10,"turns":2},{"damage":14,"enemies":"Lagavulin","floor":11,"turns":4},{"damage":7,"enemies":"3 Sentries","floor":13,"turns":5},{"damage":1,"enemies":"Red Slaver","floor":14,"turns":2},{"damage":20,"enemies":"The Guardian","floor":16,"turns":6},{"damage":3,"enemies":"Chosen","floor":18,"turns":3},{"damage":7,"enemies":"3 Byrds","floor":19,"turns":5},{"damage":26,"enemies":"Centurion and Healer","floor":20,"turns":5},{"damage":45,"enemies":"Snecko","floor":21,"turns":6},{"damage":55,"enemies":"Book of Stabbing","floor":23,"turns":6},{"damage":56,"enemies":"Slavers","floor":25,"turns":4}],"event_choices":[{"event_name":"Dead Adventurer","player_choice":"Searched \u00272\u0027 times","floor":8,"damage_taken":0},{"event_name":"The Woman in Blue","player_choice":"Bought 0 Potions","floor":22,"damage_taken":0}],"boss_relics":[{"not_picked":["Snecko Eye","Sozu"],"picked":"Cursed Key"}],"potions_floor_spawned":[5,6,8,8,11,14,21,23],"seed_played":"-1100299581765554187","killed_by":"Slavers","ascension_level":4,"is_trial":false}