{"gold_per_floor":[148,2,22,34,51,51,61,61,61,61,95,109,109,136,136,235,235,250,264,264],"floor_reached":20,"playtime":1375,"items_purged":[],"score":251,"play_id":"2ee4dde7-f119-4c19-820c-66ab1d58e520","local_time":"20190106034554","is_ascension_mode":true,"campfire_choices":[{"data":"Uppercut","floor":6,"key":"SMITH"},{"data":"Battle Trance","floor":8,"key":"SMITH"},{"data":"Havoc","floor":10,"key":"SMITH"},{"data":"True Grit","floor":13,"key":"SMITH"},{"data":"Exhume","floor":15,"key":"SMITH"}],"neow_cost":"NONE","seed_source_timestamp":1582586596610761,"circlet_count":0,"master_deck":["Strike_R","Strike_R","Strike_R","Strike_R","Strike_R","Defend_R","Defend_R","Defend_R","Defend_R","Bash","Uppercut+1","Shrug It Off","Havoc+1","Battle Trance+1","Headbutt","Feel No Pain","True Grit+1","Exhume+1","Reaper","Armaments+1","Anger"],"relics":["Black Blood","Tiny Chest","Oddly Smooth Stone","Bottled Flame","Shuriken","Sundial"],"potions_floor_usage":[5,7,16,20,20],"damage_taken":[{"damage":1,"enemies":"Cultist","floor":1,"turns":3},{"damage":4,"enemies":"Jaw Worm","floor":3,"turns":5},{"damage":1,"enemies":"2 Louse","floor":4,"turns":3},{"damage":6,"enemies":"Exordium Wildlife","floor":5,"turns":3},{"damage":0,"enemies":"2 Fungi Beasts","floor":7,"turns":2},{"damage":29,"enemies":"3 Sentries","floor":11,"turns":8},{"damage":0,"enemies":"Large Slime","floor":12,"turns":5},{"damage":11,"enemies":"Gremlin Nob","floor":14,"turns":4},{"damage":15,"enemies":"Hexaghost","floor":16,"turns":11},{"damage":47,"enemies":"Spheric Guardian","floor":18,"turns":6},{"damage":3,"enemies":"Shell Parasite","floor":19,"turns":6},{"damage":71,"enemies":"Chosen and Byrds","floor":20,"turns":6}],"seed_played":"-8536152472491098800","potions_obtained":[{"floor":1,"key":"Fire Potion"},{"floor":5,"key":"Fire Potion"},{"floor":12,"key":"Energy Potion"},{"floor":16,"key":"Dexterity Potion"},{"floor":18,"key":"PowerPotion"},{"floor":19,"key":"LiquidBronze"}],"is_trial":false,"path_per_floor":["M","$","M","M","M","R","M","R","T","R","E","M","R","E","R","B",null,"M","M","M"],"character_chosen":"IRONCLAD","items_purchased":["Oddly Smooth Stone"],"campfire_rested":0,"item_purchase_floors":[2],"current_hp_per_floor":[77,77,79,80,80,80,80,80,80,80,57,63,63,58,58,49,72,42,49,0],"gold":264,"neow_bonus":"RANDOM_COMMON_RELIC","is_prod":false,"is_daily":false,"chose_seed":false,"campfire_upgraded":5,"win_rate":0,"timestamp":1546764354,"path_taken":["M","$","M","M","M","R","M","R","T","R","E","M","R","E","R","BOSS","M","?","?"],"build_version":"2019-01-03v4","purchased_purges":0,"victory":false,"max_hp_per_floor":[80,80,80,80,80,80,80,80,80,80,80,80,80,80,80,80,80,80,80,80],"card_choices":[{"not_picked":["Ghostly Armor","Anger"],"picked":"Uppercut","floor":1},{"not_picked":["Uppercut","Body Slam"],"picked":"Shrug It Off","floor":3},{"not_picked":["Ghostly Armor","Bloodletting"],"picked":"Havoc","floor":4},{"not_picked":["True Grit","Wild Strike"],"picked":"Battle Trance","floor":5},{"not_picked":["Warcry","Clash"],"picked":"Headbutt","floor":7},{"not_picked":["Pommel Strike","Rage"],"picked":"Feel No Pain","floor":11},{"not_picked":["Cleave","Armaments"],"picked":"True Grit","floor":12},{"not_picked":["Evolve","Heavy Blade"],"picked":"Exhume","floor":14},{"not_picked":["Double Tap","Berserk"],"picked":"Reaper","floor":16},{"not_picked":["Wild Strike","Sentinel"],"picked":"Armaments+1","floor":18},{"not_picked":["Clash","Evolve"],"picked":"Anger","floor":19}],"player_experience":360993,"relics_obtained":[{"floor":9,"key":"Bottled Flame"},{"floor":11,"key":"Shuriken"},{"floor":14,"key":"Sundial"}],"event_choices":[],"is_beta":false,"boss_relics":[{"not_picked":["Black Star","Velvet Choker"],"picked":"Black Blood"}],"items_purged_floors":[],"is_endless":false,"potions_floor_spawned":[1,5,12,16,18,19],"killed_by":"Chosen and Byrds","ascension_level":7}