{"gold_per_floor":[116,134,150,75,95,122,122,137,160,160,160,181,181,256,256,347,347,363,386,411,351,351,351,6,6,306,306,329,329,347,347],"floor_reached":31,"playtime":911,"items_purged":["Strike_R"],"score":560,"play_id":"eff2b706-5230-45db-88fa-227bb8720a74","local_time":"20181009002618","is_ascension_mode":true,"campfire_choices":[{"data":"Immolate","floor":7,"key":"SMITH"},{"floor":10,"key":"REST"},{"data":"Havoc","floor":13,"key":"SMITH"},{"floor":15,"key":"REST"},{"data":"Demon Form","floor":23,"key":"SMITH"},{"data":"Flame Barrier","floor":25,"key":"SMITH"},{"floor":29,"key":"REST"}],"neow_cost":"NONE","seed_source_timestamp":233040346525518,"circlet_count":0,"master_deck":["Defend_R+1","Defend_R+1","Defend_R","Defend_R","Bash","AscendersBane","Demon Form+1","Havoc+1","Battle Trance","Immolate+1","Clothesline","Power Through","Exhume","Pommel Strike+1","Sword Boomerang+1","Wild Strike+1","True Grit+1","Shrug It Off","Flame Barrier+1","Havoc+1","Evolve+1","Whirlwind"],"relics":["Burning Blood","The Courier","War Paint","Golden Idol","Astrolabe","Ginger","Old Coin"],"potions_floor_usage":[6,16,18,31],"damage_taken":[{"damage":16,"enemies":"Jaw Worm","floor":1,"turns":5},{"damage":7,"enemies":"Small Slimes","floor":2,"turns":3},{"damage":16,"enemies":"2 Louse","floor":3,"turns":4},{"damage":12,"enemies":"Looter","floor":5,"turns":4},{"damage":32,"enemies":"Gremlin Nob","floor":6,"turns":4},{"damage":0,"enemies":"3 Louse","floor":8,"turns":1},{"damage":4,"enemies":"Exordium Thugs","floor":12,"turns":4},{"damage":0,"enemies":"Slime Boss","floor":16,"turns":6},{"damage":0,"enemies":"Chosen","floor":18,"turns":4},{"damage":34,"enemies":"3 Byrds","floor":19,"turns":5},{"damage":12,"enemies":"3 Cultists","floor":20,"turns":4},{"damage":29,"enemies":"Snecko","floor":28,"turns":7},{"damage":33,"enemies":"Centurion and Healer","floor":30,"turns":7},{"damage":20,"enemies":"Sentry and Sphere","floor":31,"turns":7}],"seed_played":"-7525220898316867649","potions_obtained":[{"floor":1,"key":"LiquidBronze"},{"floor":3,"key":"PowerPotion"},{"floor":6,"key":"GamblersBrew"},{"floor":30,"key":"BloodPotion"}],"is_trial":false,"path_per_floor":["M","M","M","?","M","E","R","M","T","R","?","M","R","?","R","B",null,"M","M","M","$","?","R","$","R","T","?","M","R","M"],"character_chosen":"IRONCLAD","items_purchased":["Ginger","Shrug It Off","Flame Barrier"],"campfire_rested":3,"item_purchase_floors":[24,24,24],"current_hp_per_floor":[58,57,47,47,41,15,15,21,21,43,17,19,19,8,30,36,65,71,43,37,37,37,37,37,37,37,37,14,36,9,0],"gold":347,"neow_bonus":"ONE_RANDOM_RARE_CARD","is_prod":false,"is_daily":false,"chose_seed":false,"campfire_upgraded":4,"win_rate":0,"timestamp":1539069978,"path_taken":["M","M","M","?","M","E","R","M","T","R","?","M","R","?","R","BOSS","M","M","M","$","?","R","?","R","T","?","M","R","?","M"],"build_version":"2018-10-04","purchased_purges":1,"victory":false,"max_hp_per_floor":[75,75,75,75,75,75,75,75,75,75,75,75,75,75,75,75,75,75,75,75,75,75,75,75,75,75,75,75,75,75,75],"card_choices":[{"not_picked":["Corruption","Warcry"],"picked":"Havoc","floor":1},{"not_picked":["Cleave","Armaments"],"picked":"Battle Trance","floor":2},{"not_picked":["Entrench","Hemokinesis","Perfected Strike"],"picked":"SKIP","floor":3},{"not_picked":["Sword Boomerang","Rupture","Second Wind"],"picked":"SKIP","floor":5},{"not_picked":["Fire Breathing","Blood for Blood"],"picked":"Immolate","floor":6},{"not_picked":["Dropkick","Reckless Charge"],"picked":"Clothesline","floor":8},{"not_picked":["Flex","Dropkick"],"picked":"Power Through","floor":12},{"not_picked":["Limit Break","Berserk"],"picked":"Exhume","floor":16},{"not_picked":["Dropkick+1","Iron Wave","Sword Boomerang+1"],"picked":"SKIP","floor":18},{"not_picked":["Perfected Strike","Twin Strike+1"],"picked":"True Grit+1","floor":19},{"not_picked":["Blood for Blood","Dual Wield+1","Corruption"],"picked":"SKIP","floor":20},{"not_picked":["Heavy Blade","Rampage"],"picked":"Evolve+1","floor":28},{"not_picked":["Bloodletting","Sword Boomerang"],"picked":"Whirlwind","floor":30}],"player_experience":868367,"relics_obtained":[{"floor":6,"key":"The Courier"},{"floor":9,"key":"War Paint"},{"floor":26,"key":"Old Coin"}],"event_choices":[{"event_name":"The Cleric","player_choice":"Card Removal","floor":4,"damage_taken":0},{"event_name":"Golden Idol","player_choice":"Take Damage","floor":11,"damage_taken":0},{"event_name":"World of Goop","player_choice":"Gather Gold","floor":14,"damage_taken":0},{"event_name":"Vampires","player_choice":"Ignored","floor":22,"damage_taken":0},{"event_name":"Duplicator","player_choice":"One dupe","floor":27,"damage_taken":0}],"is_beta":true,"boss_relics":[{"not_picked":["Philosopher\u0027s Stone","Black Blood"],"picked":"Astrolabe"}],"items_purged_floors":[21],"is_endless":false,"potions_floor_spawned":[1,3,6,30],"killed_by":"Sentry and Sphere","ascension_level":19}