{"gold_per_floor":[119,66,78,92,57,57,89,115,115,125,150,150],"floor_reached":12,"playtime":1090,"items_purged":[],"score":154,"play_id":"6f1040d6-5319-4278-b736-3ab734e799e8","local_time":"20181105080632","is_ascension_mode":true,"campfire_choices":[{"data":"Sunder","floor":6.0,"key":"SMITH"}],"neow_cost":"PERCENT_DAMAGE","seed_source_timestamp":582420238263326,"circlet_count":0,"master_deck":["AscendersBane","Strike_B+1","Strike_B+1","Strike_B","Strike_B","Defend_B","Defend_B","Defend_B","Defend_B","Zap","Dualcast","Biased Cognition","Sunder+1","Coolheaded","Coolheaded","Steam","Capacitor","Hologram"],"special_seed":0,"relics":["Cracked Core","Whetstone","Bronze Scales","Strawberry","DataDisk"],"potions_floor_usage":[11,11],"damage_taken":[{"damage":0.0,"enemies":"Cultist","floor":1.0,"turns":3.0},{"damage":7.0,"enemies":"Jaw Worm","floor":3.0,"turns":2.0},{"damage":11.0,"enemies":"Small Slimes","floor":4.0,"turns":3.0},{"damage":11,"enemies":"3 Sentries","floor":7,"turns":6},{"damage":19,"enemies":"Exordium Thugs","floor":10,"turns":4},{"damage":15,"enemies":"Gremlin Nob","floor":11,"turns":4},{"damage":8,"enemies":"Large Slime","floor":12,"turns":1}],"seed_played":"7427147645416898307","potions_obtained":[{"floor":1.0,"key":"Swift Potion"},{"floor":4.0,"key":"SpeedPotion"}],"is_trial":false,"path_per_floor":["M","$","M","M","?","R","E","T","T","M","E","M"],"character_chosen":"DEFECT","items_purchased":["Coolheaded"],"campfire_rested":0,"item_purchase_floors":[2],"current_hp_per_floor":[46,46,39,28,45,45,34,34,41,22,7,0],"gold":150,"neow_bonus":"THREE_RARE_CARDS","is_prod":false,"is_daily":false,"chose_seed":false,"campfire_upgraded":1,"win_rate":0,"timestamp":1541433992,"path_taken":["M","$","M","M","?","R","E","?","T","M","E","M"],"build_version":"2018-11-01","purchased_purges":0,"victory":false,"max_hp_per_floor":[71,71,71,71,71,71,71,71,78,78,78,78],"card_choices":[{"not_picked":["Fission","All For One"],"picked":"Biased Cognition","floor":0.0},{"not_picked":["Skim","Blizzard"],"picked":"Sunder","floor":1.0},{"not_picked":["Hologram","Recycle"],"picked":"Coolheaded","floor":3.0},{"not_picked":["Streamline","Hello World"],"picked":"Steam","floor":4.0},{"not_picked":["Redo","Leap"],"picked":"Capacitor","floor":7},{"not_picked":["Skim","Streamline"],"picked":"Hologram","floor":10},{"not_picked":["Aggregate","Streamline","Multi-Cast"],"picked":"SKIP","floor":11}],"player_experience":1240165,"relics_obtained":[{"floor":7,"key":"Whetstone"},{"floor":8,"key":"Bronze Scales"},{"floor":9,"key":"Strawberry"},{"floor":11,"key":"DataDisk"}],"event_choices":[{"damage_healed":17.0,"max_hp_gain":0.0,"max_hp_loss":0.0,"gold_gain":0.0,"event_name":"The Cleric","player_choice":"Healed","floor":5.0,"gold_loss":35.0,"damage_taken":0.0}],"is_beta":false,"boss_relics":[],"items_purged_floors":[],"is_endless":false,"potions_floor_spawned":[1,4],"killed_by":"Large Slime","ascension_level":15}