{"gold_per_floor":[118,134,104,122,297,297,326,326,350,370,385,402,433,445,457,569,581,612,624,63,81,94,94,107,107,107,125,153,169,186,198,198,302,302,315,1314,453,469,469,469,498,511,536,536,536,550,16,51,51,51],"floor_reached":50,"playtime":7051,"items_purged":["Doubt","Normality","Parasite"],"score":638,"play_id":"63d16464-b2bc-4982-9861-b6f16478ec48","local_time":"20181209030450","is_ascension_mode":true,"campfire_choices":[{"data":"Neutralize","floor":6.0,"key":"SMITH"},{"floor":15.0,"key":"REST"},{"floor":23.0,"key":"REST"},{"floor":32.0,"key":"REST"},{"floor":40.0,"key":"RECALL"},{"floor":45.0,"key":"REST"},{"floor":49,"key":"REST"}],"neow_cost":"NONE","seed_source_timestamp":78546239641832,"circlet_count":0,"master_deck":["Defend_G+1","Defend_G+1","Defend_G+1","Defend_G+1","Defend_G+1","Strike_G+1","Strike_G+1","Survivor","Neutralize+1","Flechettes","Quick Slash","Deadly Poison","Noxious Fumes","Madness","Tools of the Trade","Noxious Fumes","All Out Attack","Backstab+1","Die Die Die","Glass Knife","Poisoned Stab+1","Doppelganger+1","Quick Slash+1","Distraction","Dark Shackles","Finisher+1","Cloak And Dagger+1","Riddle With Holes","Flying Knee","Flying Knee+1","Choke+1","After Image","Underhanded Strike+1","Bandage Up","Panache","Dagger Throw+1","Crippling Poison+1","Quick Slash+1","Dodge and Roll+1","Noxious Fumes","Apotheosis","Dash"],"special_seed":0,"relics":["Ring of the Snake","NeowsBlessing","Bag of Marbles","Orichalcum","MawBank","Astrolabe","Nilry\u0027s Codex","Anchor","Mummified Hand","Boot","Black Star","Art of War","Strange Spoon","Tiny Chest","Strawberry","Happy Flower","Snake Skull","Toy Ornithopter","Question Card","Meat on the Bone"],"potions_floor_usage":[50,50,50,50,50,50],"damage_taken":[{"damage":0.0,"enemies":"2 Louse","floor":1.0,"turns":1.0},{"damage":0.0,"enemies":"Cultist","floor":2.0,"turns":1.0},{"damage":0.0,"enemies":"Small Slimes","floor":4.0,"turns":1.0},{"damage":25.0,"enemies":"Gremlin Nob","floor":7.0,"turns":5.0},{"damage":7.0,"enemies":"Blue Slaver","floor":10.0,"turns":3.0},{"damage":0.0,"enemies":"Exordium Wildlife","floor":11.0,"turns":4.0},{"damage":0.0,"enemies":"3 Louse","floor":12.0,"turns":1.0},{"damage":19.0,"enemies":"Lagavulin","floor":13.0,"turns":6.0},{"damage":23.0,"enemies":"The Guardian","floor":16.0,"turns":9.0},{"damage":4.0,"enemies":"3 Byrds","floor":18.0,"turns":4.0},{"damage":0.0,"enemies":"2 Thieves","floor":21.0,"turns":3.0},{"damage":6.0,"enemies":"Snecko","floor":22.0,"turns":4.0},{"damage":0.0,"enemies":"Snake Plant","floor":24.0,"turns":3.0},{"damage":0.0,"enemies":"Centurion and Healer","floor":27.0,"turns":2.0},{"damage":9.0,"enemies":"Gremlin Leader","floor":28.0,"turns":4.0},{"damage":4.0,"enemies":"Cultist and Chosen","floor":29.0,"turns":4.0},{"damage":3.0,"enemies":"Snake Plant","floor":30.0,"turns":2.0},{"damage":13.0,"enemies":"Sentry and Sphere","floor":31.0,"turns":4.0},{"damage":50.0,"enemies":"Collector","floor":33.0,"turns":8.0},{"damage":0.0,"enemies":"Orb Walker","floor":35.0,"turns":4.0},{"damage":9.0,"enemies":"3 Darklings","floor":38.0,"turns":4.0},{"damage":64.0,"enemies":"Giant Head","floor":41.0,"turns":8.0},{"damage":0.0,"enemies":"4 Shapes","floor":42.0,"turns":3.0},{"damage":11,"enemies":"Writhing Mass","floor":46,"turns":5},{"damage":6,"enemies":"Nemesis","floor":48,"turns":3},{"damage":78,"enemies":"Awakened One","floor":50,"turns":11}],"seed_played":"-8653283574898400930","potions_obtained":[{"floor":4.0,"key":"Explosive Potion"},{"floor":7.0,"key":"Weak Potion"},{"floor":12.0,"key":"Strength Potion"},{"floor":16.0,"key":"Explosive Potion"},{"floor":22.0,"key":"Explosive Potion"},{"floor":27.0,"key":"Weak Potion"},{"floor":30.0,"key":"Fire Potion"},{"floor":31.0,"key":"FearPotion"},{"floor":42.0,"key":"EntropicBrew"},{"floor":46,"key":"Energy Potion"}],"is_trial":false,"path_per_floor":["M","M","?","M","?","R","E","?","T","M","M","M","E","?","R","B",null,"M","?","$","M","M","R","M","?","T","M","E","M","M","M","R","B",null,"M","?","$","M","?","R","E","M","T","?","R","M","$","E","R","B"],"character_chosen":"THE_SILENT","items_purchased":["Anchor","Mummified Hand","Dark Shackles","Bandage Up","Panache","Art of War","Strange Spoon","Tiny Chest","SkillPotion","Toy Ornithopter","Noxious Fumes","Apotheosis"],"campfire_rested":5,"item_purchase_floors":[20,20,20,37,37,37,37,37,37,47,47,47],"current_hp_per_floor":[70,70,70,70,70,70,45,45,45,38,38,38,19,5,26,3,70,66,50,50,50,44,65,65,65,65,65,56,52,49,36,57,7,70,70,70,70,61,61,61,8,8,8,8,31,24,24,18,40,0],"gold":51,"neow_bonus":"THREE_ENEMY_KILL","is_prod":false,"is_daily":false,"chose_seed":false,"campfire_upgraded":1,"win_rate":0,"timestamp":1544342690,"path_taken":["M","M","?","M","?","R","E","?","T","?","M","M","E","?","R","BOSS","M","?","$","M","M","R","M","?","T","?","E","M","M","M","R","BOSS","M","?","$","M","?","R","E","?","T","?","R","M","$","E","R","BOSS"],"build_version":"2018-12-06","purchased_purges":3,"victory":false,"max_hp_per_floor":[70,70,70,70,70,70,70,70,70,70,70,70,70,70,70,70,70,70,70,70,70,70,70,70,70,70,70,70,70,70,70,70,70,70,70,70,70,70,70,70,77,77,77,77,77,77,74,74,74,74],"card_choices":[{"not_picked":["Sucker Punch","Blur"],"picked":"Flechettes","floor":1.0},{"not_picked":["Cloak And Dagger","Concentrate"],"picked":"Quick Slash","floor":2.0},{"not_picked":["Caltrops","Heel Hook"],"picked":"Deadly Poison","floor":4.0},{"not_picked":["Outmaneuver","PiercingWail"],"picked":"Noxious Fumes","floor":7.0},{"not_picked":["Prepared","Calculated Gamble"],"picked":"Noxious Fumes","floor":10.0},{"not_picked":["Quick Slash","Underhanded Strike"],"picked":"All Out Attack","floor":11.0},{"not_picked":["Sucker Punch","Blade Dance"],"picked":"Backstab","floor":12.0},{"not_picked":["Dash","Endless Agony"],"picked":"Die Die Die","floor":13.0},{"not_picked":["Adrenaline","Corpse Explosion"],"picked":"Glass Knife","floor":16.0},{"not_picked":["Leg Sweep","Expertise"],"picked":"Distraction","floor":18.0},{"not_picked":["Masterful Stab","Skewer+1"],"picked":"Finisher+1","floor":21.0},{"not_picked":["Bouncing Flask","Dagger Throw"],"picked":"Cloak And Dagger+1","floor":22.0},{"not_picked":["Calculated Gamble","Underhanded Strike","Escape Plan"],"picked":"SKIP","floor":24.0},{"not_picked":["Deflect","Reflex"],"picked":"Riddle With Holes","floor":27.0},{"not_picked":["PiercingWail","Reflex"],"picked":"Flying Knee","floor":28.0},{"not_picked":["Cloak And Dagger","Outmaneuver"],"picked":"Flying Knee+1","floor":29.0},{"not_picked":["Cloak And Dagger","PiercingWail","Flying Knee"],"picked":"SKIP","floor":30.0},{"not_picked":["Bane","All Out Attack"],"picked":"Choke+1","floor":31.0},{"not_picked":["Burst","Malaise"],"picked":"After Image","floor":33.0},{"not_picked":["Prepared+1","Flechettes"],"picked":"Underhanded Strike+1","floor":35.0},{"not_picked":["Expertise+1","Quick Slash"],"picked":"Dagger Throw+1","floor":38.0},{"not_picked":["Caltrops+1","Cloak And Dagger"],"picked":"Crippling Poison+1","floor":41.0},{"not_picked":["Dagger Throw","Dagger Spray+1"],"picked":"Quick Slash+1","floor":42.0},{"not_picked":["Bane","Terror+1"],"picked":"Dodge and Roll+1","floor":46},{"not_picked":["Concentrate","Night Terror"],"picked":"Dash","floor":48}],"player_experience":167082,"relics_obtained":[{"floor":7.0,"key":"Bag of Marbles"},{"floor":9.0,"key":"Orichalcum"},{"floor":13.0,"key":"MawBank"},{"floor":19.0,"key":"Nilry\u0027s Codex"},{"floor":28.0,"key":"Boot"},{"floor":41.0,"key":"Strawberry"},{"floor":41.0,"key":"Happy Flower"},{"floor":43.0,"key":"Snake Skull"},{"floor":48,"key":"Question Card"},{"floor":48,"key":"Meat on the Bone"}],"event_choices":[{"damage_healed":0.0,"max_hp_gain":0.0,"max_hp_loss":0.0,"gold_gain":0.0,"event_name":"World of Goop","player_choice":"Left Gold","floor":3.0,"gold_loss":30.0,"damage_taken":0.0},{"damage_healed":0.0,"max_hp_gain":0.0,"max_hp_loss":0.0,"gold_gain":175.0,"event_name":"Liars Game","player_choice":"AGREE","floor":5.0,"gold_loss":0.0,"damage_taken":0.0,"cards_obtained":["Doubt"]},{"damage_healed":0.0,"max_hp_gain":0.0,"max_hp_loss":0.0,"gold_gain":0.0,"event_name":"Match and Keep!","player_choice":"2 cards matched","floor":8.0,"gold_loss":0.0,"damage_taken":0.0,"cards_obtained":["Madness","Tools of the Trade"]},{"damage_healed":0.0,"max_hp_gain":0.0,"max_hp_loss":0.0,"gold_gain":0.0,"event_name":"Shining Light","player_choice":"Entered Light","floor":14.0,"gold_loss":0.0,"damage_taken":14.0,"cards_upgraded":["Backstab","Strike_G"]},{"damage_healed":0.0,"max_hp_gain":0.0,"max_hp_loss":0.0,"gold_gain":0.0,"event_name":"Cursed Tome","player_choice":"Obtained Book","floor":19.0,"gold_loss":0.0,"damage_taken":16.0},{"damage_healed":0.0,"max_hp_gain":0.0,"max_hp_loss":0.0,"gold_gain":0.0,"event_name":"Back to Basics","player_choice":"Simplicity","floor":25.0,"gold_loss":0.0,"damage_taken":0.0,"cards_upgraded":["Defend_G","Defend_G","Defend_G","Defend_G","Defend_G","Strike_G"]},{"damage_healed":0.0,"max_hp_gain":0.0,"max_hp_loss":0.0,"gold_gain":999.0,"event_name":"MindBloom","player_choice":"Gold","floor":36.0,"gold_loss":0.0,"damage_taken":0.0,"cards_obtained":["Normality","Normality"]},{"cards_removed":["Normality"],"damage_healed":0.0,"max_hp_gain":0.0,"max_hp_loss":0.0,"gold_gain":0.0,"event_name":"Fountain of Cleansing","player_choice":"Removed Curses","floor":39.0,"gold_loss":0.0,"damage_taken":0.0},{"damage_healed":0.0,"max_hp_gain":0.0,"max_hp_loss":0.0,"gold_gain":0.0,"event_name":"SecretPortal","player_choice":"Ignored","floor":44.0,"gold_loss":0.0,"damage_taken":0.0}],"is_beta":false,"boss_relics":[{"not_picked":["Runic Dome","Orrery"],"picked":"Astrolabe"},{"not_picked":["Runic Pyramid","Velvet Choker"],"picked":"Black Star"}],"items_purged_floors":[20,37,47],"is_endless":false,"potions_floor_spawned":[4,7,12,16,22,27,28,30,31,42,46,48],"killed_by":"Awakened One","ascension_level":1}