{"gold_per_floor":[114,132,145,87,103,137,137,168,168,202,202,235,235,255,255,358,358,377,387,407,426,426,454,454,466,466,482,494,494,494,521,521,626,626,644,43,43,43,57,87,87,113,163,192,209,209,227,239,239,239],"floor_reached":50,"playtime":3176,"items_purged":["Writhe"],"score":830,"play_id":"590dd827-39b3-4ec4-a174-7de18417a3f8","local_time":"20190207172919","is_ascension_mode":true,"campfire_choices":[{"floor":7,"key":"REST"},{"floor":11,"key":"REST"},{"floor":13,"key":"REST"},{"data":"Zap","floor":15,"key":"SMITH"},{"floor":24,"key":"REST"},{"floor":29,"key":"REST"},{"floor":32,"key":"REST"},{"floor":41,"key":"REST"},{"floor":46,"key":"REST"},{"floor":49,"key":"REST"}],"neow_cost":"CURSE","seed_source_timestamp":2340205830349527,"circlet_count":0,"master_deck":["Strike_B","Strike_B","Strike_B","Strike_B","Defend_B","Defend_B","Defend_B","Defend_B","Zap+1","Dualcast","Conserve Battery","Barrage","Genetic Algorithm","Go for the Eyes","Stack","Sunder","Steam","Electrodynamics+1","Ball Lightning","Amplify","Storm+1","White Noise+1","Cold Snap","Compile Driver","Glacier","BootSequence","Stack+1","Echo Form+1","Electrodynamics+1","Ball Lightning","Defragment+1","Echo Form+1","Enlightenment","Machine Learning+1","Static Discharge+1","Stack+1"],"relics":["Cracked Core","Du-Vu Doll","WingedGreaves","Question Card","Gremlin Horn","Frozen Egg 2","Dodecahedron","Bag of Preparation","Black Star","Kunai","Boot","Ice Cream","MutagenicStrength","Mercury Hourglass","Ornamental Fan","Fusion Hammer","Bottled Lightning","DollysMirror","Potion Belt","Blue Candle","Ancient Tea Set","Bottled Tornado","Omamori","Pocketwatch","Art of War"],"potions_floor_usage":[6,20,20,23,25,31,33,40,44,45],"damage_taken":[{"damage":9,"enemies":"2 Louse","floor":1,"turns":2},{"damage":0,"enemies":"Cultist","floor":2,"turns":4},{"damage":3,"enemies":"Small Slimes","floor":3,"turns":2},{"damage":6,"enemies":"Blue Slaver","floor":5,"turns":4},{"damage":25,"enemies":"3 Sentries","floor":6,"turns":6},{"damage":11,"enemies":"Lagavulin","floor":8,"turns":7},{"damage":26,"enemies":"Gremlin Nob","floor":10,"turns":4},{"damage":10,"enemies":"3 Sentries","floor":12,"turns":6},{"damage":0,"enemies":"Looter","floor":14,"turns":2},{"damage":29,"enemies":"The Guardian","floor":16,"turns":11},{"damage":15,"enemies":"2 Thieves","floor":18,"turns":5},{"damage":1,"enemies":"Chosen","floor":19,"turns":4},{"damage":20,"enemies":"Snake Plant","floor":20,"turns":3},{"damage":19,"enemies":"Shelled Parasite and Fungi","floor":21,"turns":6},{"damage":40,"enemies":"Slavers","floor":23,"turns":3},{"damage":13,"enemies":"Chosen and Byrds","floor":25,"turns":4},{"damage":0,"enemies":"3 Cultists","floor":27,"turns":2},{"damage":0,"enemies":"Snake Plant","floor":28,"turns":4},{"damage":10,"enemies":"Book of Stabbing","floor":31,"turns":6},{"damage":31,"enemies":"Collector","floor":33,"turns":11},{"damage":4,"enemies":"Orb Walker","floor":35,"turns":3},{"damage":0,"enemies":"3 Darklings","floor":39,"turns":2},{"damage":10,"enemies":"Nemesis","floor":40,"turns":7},{"damage":0,"enemies":"Giant Head","floor":42,"turns":7},{"damage":46,"enemies":"Nemesis","floor":44,"turns":7},{"damage":28,"enemies":"Transient","floor":45,"turns":5},{"damage":6,"enemies":"Jaw Worm Horde","floor":47,"turns":4},{"damage":0,"enemies":"Writhing Mass","floor":48,"turns":5},{"damage":44,"enemies":"Time Eater","floor":50,"turns":3}],"seed_played":"3344961910057421944","potions_obtained":[{"floor":2,"key":"Explosive Potion"},{"floor":6,"key":"LiquidBronze"},{"floor":8,"key":"LiquidBronze"},{"floor":10,"key":"SteroidPotion"},{"floor":16,"key":"Weak Potion"},{"floor":21,"key":"LiquidBronze"},{"floor":27,"key":"SkillPotion"},{"floor":31,"key":"SpeedPotion"},{"floor":33,"key":"SpeedPotion"},{"floor":35,"key":"PowerPotion"},{"floor":44,"key":"Poison Potion"},{"floor":45,"key":"Fire Potion"}],"is_trial":false,"path_per_floor":["M","M","M","?","M","E","R","E","T","E","R","E","R","M","R","B",null,"M","M","M","M","?","E","R","M","T","M","M","R","?","E","R","B",null,"M","$","?","$","M","E","R","E","T","E","M","R","M","M","R","B"],"character_chosen":"DEFECT","items_purchased":["Defragment+1","Bottled Lightning","DollysMirror"],"campfire_rested":9,"item_purchase_floors":[36,36,36],"current_hp_per_floor":[66,66,63,63,57,32,54,43,43,17,39,29,51,51,51,22,75,60,59,39,20,45,5,27,14,14,14,14,36,36,26,48,17,75,71,71,71,71,71,61,75,75,75,29,1,23,17,17,39,0],"gold":239,"neow_bonus":"ONE_RARE_RELIC","is_prod":false,"is_daily":false,"chose_seed":false,"campfire_upgraded":1,"win_rate":0,"timestamp":1549520959,"path_taken":["M","M","M","?","M","E","R","E","T","E","R","E","R","M","R","BOSS","M","M","?","M","?","E","R","M","T","M","M","R","?","E","R","BOSS","M","$","?","$","M","E","R","E","T","E","M","R","M","M","R","BOSS"],"build_version":"2019-01-23","purchased_purges":1,"victory":false,"max_hp_per_floor":[75,75,75,75,75,75,75,75,75,75,75,75,75,75,75,75,75,75,75,75,75,75,75,75,75,75,75,75,75,75,75,75,75,75,75,75,75,75,75,75,75,75,75,75,75,75,75,75,75,75],"card_choices":[{"not_picked":["Tempest","Hologram"],"picked":"Conserve Battery","floor":1},{"not_picked":["Leap","Aggregate"],"picked":"Barrage","floor":2},{"not_picked":["Skim","Rebound"],"picked":"Genetic Algorithm","floor":3},{"not_picked":["Compile Driver","Turbo"],"picked":"Go for the Eyes","floor":5},{"not_picked":["Seek","Go for the Eyes"],"picked":"Stack","floor":6},{"not_picked":["Go for the Eyes","Compile Driver","Consume"],"picked":"Sunder","floor":8},{"not_picked":["Tempest","Consume","Stack"],"picked":"Steam","floor":10},{"not_picked":["Go for the Eyes","Sweeping Beam","Sunder"],"picked":"Electrodynamics+1","floor":12},{"not_picked":["Beam Cell","Redo","Conserve Battery"],"picked":"Ball Lightning","floor":14},{"not_picked":["Multi-Cast","Electrodynamics+1","All For One"],"picked":"Amplify","floor":16},{"not_picked":["Darkness","Doom and Gloom+1","Compile Driver"],"picked":"Storm+1","floor":18},{"not_picked":["Conserve Battery","Hologram","Tempest"],"picked":"White Noise+1","floor":19},{"not_picked":["Compile Driver","Redo","Gash"],"picked":"Cold Snap","floor":20},{"not_picked":["Skim","Cold Snap","Sweeping Beam"],"picked":"Compile Driver","floor":21},{"not_picked":["Double Energy","Meteor Strike","Stack"],"picked":"Glacier","floor":23},{"not_picked":["Compile Driver","Turbo","Steam","Melter"],"picked":"SKIP","floor":25},{"not_picked":["Go for the Eyes+1","Hologram","Skim"],"picked":"BootSequence","floor":27},{"not_picked":["Go for the Eyes","Turbo","Scrape"],"picked":"Stack+1","floor":28},{"not_picked":["Hello World+1","Capacitor+1","Double Energy"],"picked":"Echo Form+1","floor":31},{"not_picked":["Reboot","Amplify","All For One"],"picked":"Electrodynamics+1","floor":33},{"not_picked":["FTL","Steam","Stack"],"picked":"Ball Lightning","floor":35},{"not_picked":["Coolheaded","Ball Lightning","Compile Driver+1","Cold Snap"],"picked":"SKIP","floor":39},{"not_picked":["Beam Cell+1","Double Energy+1","Gash+1"],"picked":"Machine Learning+1","floor":40},{"not_picked":["Glacier","Static Discharge+1","Redo+1","Self Repair+1"],"picked":"SKIP","floor":42},{"not_picked":["Cold Snap","Conserve Battery+1","Redo+1"],"picked":"Static Discharge+1","floor":44},{"not_picked":["Chill","Rebound+1","Aggregate","Rip and Tear+1"],"picked":"SKIP","floor":45},{"not_picked":["Compile Driver+1","BootSequence+1","Go for the Eyes","Rip and Tear+1"],"picked":"SKIP","floor":47},{"not_picked":["Hyperbeam","Recycle","Chill"],"picked":"Stack+1","floor":48}],"player_experience":304684,"relics_obtained":[{"floor":6,"key":"Question Card"},{"floor":8,"key":"Gremlin Horn"},{"floor":9,"key":"Frozen Egg 2"},{"floor":10,"key":"Dodecahedron"},{"floor":12,"key":"Bag of Preparation"},{"floor":23,"key":"Kunai"},{"floor":23,"key":"Boot"},{"floor":26,"key":"Ice Cream"},{"floor":31,"key":"Mercury Hourglass"},{"floor":31,"key":"Ornamental Fan"},{"floor":40,"key":"Potion Belt"},{"floor":40,"key":"Blue Candle"},{"floor":42,"key":"Ancient Tea Set"},{"floor":42,"key":"Bottled Tornado"},{"floor":43,"key":"Omamori"},{"floor":44,"key":"Pocketwatch"},{"floor":44,"key":"Art of War"}],"event_choices":[{"damage_healed":0,"gold_gain":0,"player_choice":"Paid Gold","damage_taken":0,"relics_obtained":["WingedGreaves"],"max_hp_gain":0,"max_hp_loss":0,"event_name":"WeMeetAgain","floor":4,"gold_loss":58},{"damage_healed":25,"gold_gain":0,"player_choice":"Heal","damage_taken":0,"max_hp_gain":0,"max_hp_loss":0,"event_name":"The Library","floor":22,"gold_loss":0},{"damage_healed":0,"gold_gain":0,"player_choice":"Inject Mutagens","damage_taken":0,"relics_obtained":["MutagenicStrength"],"max_hp_gain":0,"max_hp_loss":0,"event_name":"Drug Dealer","floor":30,"gold_loss":0},{"damage_healed":0,"gold_gain":0,"player_choice":"1 cards matched","damage_taken":0,"max_hp_gain":0,"max_hp_loss":0,"event_name":"Match and Keep!","floor":37,"gold_loss":0,"cards_obtained":["Enlightenment"]}],"is_beta":false,"boss_relics":[{"not_picked":["Philosopher\u0027s Stone","Snecko Eye"],"picked":"Black Star"},{"not_picked":["Busted Crown","Cursed Key"],"picked":"Fusion Hammer"}],"items_purged_floors":[36],"is_endless":false,"potions_floor_spawned":[2,6,8,10,16,18,21,27,31,33,35,44,45],"killed_by":"Time Eater","ascension_level":4}