{"gold_per_floor":[116,128,128,78,93,93,122,45,121,121,134,134,169,169,169,264,264,275,293,309,325,21,21,52,52,52,52,68,0,14,44,44,141,141,155,155,255,23,36,36,70,70,70,46,46,46,46,79,79,79],"floor_reached":51,"playtime":5393,"items_purged":["Defend_B"],"score":1161,"play_id":"535a543c-3534-45ae-984f-68ce77ce9a20","local_time":"20181112200228","is_ascension_mode":true,"campfire_choices":[{"data":"Zap","floor":6,"key":"SMITH"},{"data":"Coolheaded","floor":12,"key":"SMITH"},{"data":"Loop","floor":15,"key":"SMITH"},{"data":"Dualcast","floor":23,"key":"SMITH"},{"data":"Capacitor","floor":25,"key":"SMITH"},{"floor":32,"key":"REST"},{"data":"Fission","floor":40,"key":"SMITH"},{"data":"1","floor":42,"key":"LIFT"},{"data":"Barrage","floor":46,"key":"SMITH"},{"data":"2","floor":49,"key":"LIFT"}],"neow_cost":"NONE","seed_source_timestamp":143627690631204,"circlet_count":0,"master_deck":["AscendersBane","Defend_B","Defend_B","Defend_B","Zap+1","Dualcast+1","Seek","Go for the Eyes+1","Go for the Eyes","Capacitor+1","Loop+1","Coolheaded+1","Ball Lightning","Machine Learning","Conserve Battery+1","FTL","Barrage+1","Seek","Cold Snap","FTL","Cold Snap+1","Seek","Fission+1","Conserve Battery+1","Go for the Eyes+1","Barrage+1","Madness","Madness","Scrape"],"relics":["FrozenCore","Ancient Tea Set","Meat on the Bone","Pantograph","Bag of Preparation","Empty Cage","Unceasing Top","Regal Pillow","Matryoshka","Mango","Girya","DataDisk","Pen Nib","PreservedInsect","Frozen Egg 2","Bag of Marbles"],"potions_floor_usage":[13,19,24,31,33,50],"damage_taken":[{"damage":4,"enemies":"Jaw Worm","floor":1,"turns":3},{"damage":0,"enemies":"Small Slimes","floor":2,"turns":3},{"damage":0,"enemies":"Cultist","floor":5,"turns":3},{"damage":33,"enemies":"Gremlin Nob","floor":7,"turns":5},{"damage":11,"enemies":"Large Slime","floor":11,"turns":5},{"damage":23,"enemies":"Lagavulin","floor":13,"turns":7},{"damage":18,"enemies":"The Guardian","floor":16,"turns":9},{"damage":14,"enemies":"Spheric Guardian","floor":18,"turns":4},{"damage":19,"enemies":"2 Thieves","floor":19,"turns":4},{"damage":5,"enemies":"Centurion and Healer","floor":20,"turns":11},{"damage":1,"enemies":"Chosen and Byrds","floor":21,"turns":5},{"damage":8,"enemies":"Book of Stabbing","floor":24,"turns":5},{"damage":12,"enemies":"Snecko","floor":28,"turns":6},{"damage":22,"enemies":"Shelled Parasite and Fungi","floor":30,"turns":5},{"damage":42,"enemies":"Slavers","floor":31,"turns":7},{"damage":37,"enemies":"Champ","floor":33,"turns":10},{"damage":23,"enemies":"3 Darklings","floor":35,"turns":6},{"damage":15,"enemies":"Mind Bloom Boss Battle","floor":37,"turns":8},{"damage":3,"enemies":"3 Shapes","floor":39,"turns":6},{"damage":2,"enemies":"Nemesis","floor":41,"turns":9},{"damage":0,"enemies":"Giant Head","floor":48,"turns":5},{"damage":11,"enemies":"Awakened One","floor":50,"turns":9}],"seed_played":"8999286923424299094","potions_obtained":[{"floor":11,"key":"Energy Potion"},{"floor":16,"key":"AttackPotion"},{"floor":18,"key":"LiquidBronze"},{"floor":19,"key":"SpeedPotion"},{"floor":21,"key":"FocusPotion"},{"floor":30,"key":"Strength Potion"},{"floor":39,"key":"PowerPotion"},{"floor":41,"key":"Swift Potion"}],"is_trial":false,"path_per_floor":["M","M","?","?","M","R","E","$","T","?","M","R","E","?","R","B",null,"M","M","M","M","$","R","E","R","T","?","M","?","M","E","R","B",null,"M","?","?","$","M","R","E","R","T","$","?","R","?","E","R","B",null],"character_chosen":"DEFECT","items_purchased":["Loop","Unceasing Top","DataDisk","Barrage"],"campfire_rested":1,"item_purchase_floors":[8,22,38,44],"current_hp_per_floor":[64,64,57,57,57,57,24,24,24,24,32,32,28,28,28,54,70,63,44,46,52,52,52,51,51,51,51,46,46,43,34,75,59,82,66,66,81,81,85,85,89,89,89,89,89,89,78,78,78,78],"gold":79,"neow_bonus":"ONE_RANDOM_RARE_CARD","is_prod":false,"is_daily":false,"chose_seed":false,"campfire_upgraded":7,"win_rate":0,"timestamp":1542013348,"path_taken":["M","M","?","?","M","R","E","$","T","?","?","R","E","?","R","BOSS","M","M","?","M","$","R","E","R","T","?","M","?","M","E","R","BOSS","M","?","?","?","?","R","E","R","T","$","?","R","?","E","R","BOSS"],"build_version":"2018-11-06","purchased_purges":1,"victory":true,"max_hp_per_floor":[75,75,75,75,75,75,75,75,75,75,75,75,75,75,75,75,75,75,75,75,75,75,75,75,75,75,75,75,75,75,89,89,89,89,89,89,89,89,89,89,89,89,89,89,89,89,89,89,89,89],"card_choices":[{"not_picked":["Barrage","Gash"],"picked":"Go for the Eyes","floor":1},{"not_picked":["Compile Driver","Leap"],"picked":"Go for the Eyes","floor":2},{"not_picked":["Go for the Eyes","Barrage"],"picked":"Capacitor","floor":5},{"not_picked":["Genetic Algorithm","Heatsinks"],"picked":"Self Repair","floor":7},{"not_picked":["Turbo","Conserve Battery"],"picked":"Coolheaded","floor":11},{"not_picked":["BootSequence","Hologram"],"picked":"Ball Lightning","floor":13},{"not_picked":["Biased Cognition","Multi-Cast"],"picked":"Machine Learning","floor":16},{"not_picked":["Scrape+1","Turbo"],"picked":"Conserve Battery+1","floor":18},{"not_picked":["Hello World+1","Leap"],"picked":"FTL","floor":19},{"not_picked":["Rebound","Storm"],"picked":"Barrage+1","floor":20},{"not_picked":["Turbo","Conserve Battery"],"picked":"Seek","floor":21},{"not_picked":["Storm","Rip and Tear"],"picked":"Cold Snap","floor":24},{"not_picked":["Undo+1","Steam+1"],"picked":"FTL","floor":28},{"not_picked":["Melter","Steam+1"],"picked":"Cold Snap+1","floor":30},{"not_picked":["Compile Driver","Ball Lightning"],"picked":"Seek","floor":31},{"not_picked":["Rainbow","Amplify"],"picked":"Fission","floor":33},{"not_picked":["Redo","Recycle+1","Auto Shields+1"],"picked":"SKIP","floor":35},{"not_picked":["Leap","Auto Shields"],"picked":"Conserve Battery+1","floor":37},{"not_picked":["Leap","Rebound+1","Meteor Strike"],"picked":"SKIP","floor":39},{"not_picked":["Heatsinks","Meteor Strike"],"picked":"Go for the Eyes+1","floor":41},{"not_picked":["Rebound","Fusion"],"picked":"Scrape","floor":48}],"player_experience":766776,"relics_obtained":[{"floor":7,"key":"Meat on the Bone"},{"floor":9,"key":"Pantograph"},{"floor":13,"key":"Bag of Preparation"},{"floor":24,"key":"Regal Pillow"},{"floor":26,"key":"Matryoshka"},{"floor":31,"key":"Mango"},{"floor":37,"key":"Girya"},{"floor":41,"key":"Pen Nib"},{"floor":43,"key":"PreservedInsect"},{"floor":43,"key":"Frozen Egg 2"},{"floor":48,"key":"Bag of Marbles"}],"event_choices":[{"damage_healed":0,"gold_gain":0,"player_choice":"Success","damage_taken":7,"relics_obtained":["Ancient Tea Set"],"max_hp_gain":0,"max_hp_loss":0,"event_name":"Scrap Ooze","floor":3,"gold_loss":0},{"cards_removed":["Strike_B"],"damage_healed":0,"gold_gain":0,"player_choice":"Card Removal","damage_taken":0,"max_hp_gain":0,"max_hp_loss":0,"event_name":"The Cleric","floor":4,"gold_loss":50},{"damage_healed":0,"gold_gain":0,"player_choice":"Forge","damage_taken":0,"max_hp_gain":0,"max_hp_loss":0,"event_name":"Accursed Blacksmith","floor":10,"gold_loss":0,"cards_upgraded":["Go for the Eyes"]},{"cards_removed":["Strike_B"],"damage_healed":0,"gold_gain":0,"player_choice":"Purged","damage_taken":0,"max_hp_gain":0,"max_hp_loss":0,"event_name":"Purifier","floor":14,"gold_loss":0},{"damage_healed":0,"gold_gain":0,"player_choice":"Ignored","damage_taken":0,"max_hp_gain":0,"max_hp_loss":0,"event_name":"Vampires","floor":27,"gold_loss":0},{"damage_healed":0,"gold_gain":0,"player_choice":"Paid Fearfully","damage_taken":0,"max_hp_gain":0,"max_hp_loss":0,"event_name":"Masked Bandits","floor":29,"gold_loss":68},{"damage_healed":0,"gold_gain":0,"player_choice":"Ignored","damage_taken":0,"max_hp_gain":0,"max_hp_loss":0,"event_name":"Tomb of Lord Red Mask","floor":36,"gold_loss":0},{"damage_healed":0,"gold_gain":0,"player_choice":"Fight","damage_taken":0,"max_hp_gain":0,"max_hp_loss":0,"event_name":"MindBloom","floor":37,"gold_loss":0},{"cards_removed":["Self Repair"],"damage_healed":0,"gold_gain":0,"player_choice":"Removed Power","damage_taken":0,"max_hp_gain":0,"max_hp_loss":0,"event_name":"Falling","floor":45,"gold_loss":0},{"damage_healed":0,"gold_gain":0,"player_choice":"Embrace Madness","damage_taken":11,"max_hp_gain":0,"max_hp_loss":0,"event_name":"Winding Halls","floor":47,"gold_loss":0,"cards_obtained":["Madness","Madness"]}],"is_beta":true,"boss_relics":[{"not_picked":["Black Star","Velvet Choker"],"picked":"Empty Cage"},{"not_picked":["Coffee Dripper","Calling Bell"],"picked":"FrozenCore"}],"items_purged_floors":[38],"is_endless":false,"potions_floor_spawned":[11,16,18,19,21,30,39,41],"ascension_level":11}