{"path_per_floor":["M","?","?","M","M","E","R","E","T","R","T","M","$","M","R","B",null,"M","M","$","M","?","R","E","R","T","?","?","R","E","M","R","B",null,"M","M","M","?","?","R","?","E","T","M","?"],"character_chosen":"IRONCLAD","items_purchased":["Flex+1","Trip+1"],"gold_per_floor":[119,119,119,130,141,175,175,200,200,200,200,213,90,104,104,200,200,211,225,25,36,62,62,97,97,97,97,97,97,131,141,141,246,246,261,276,289,289,289,289,511,538,538,548,603,603],"floor_reached":46,"campfire_rested":5,"playtime":1995,"item_purchase_floors":[13,20],"current_hp_per_floor":[80,80,73,79,80,56,56,47,47,74,74,69,69,72,72,58,90,83,89,89,57,36,63,58,85,85,85,85,85,51,44,71,22,90,80,86,87,87,77,90,90,66,66,39,34,0],"items_purged":["Strike_R","Sever Soul+1"],"gold":603,"score":624,"play_id":"40a6322c-d2cf-4cc5-ba37-d5e561ea6ff0","local_time":"20180521202658","is_prod":false,"is_daily":false,"chose_seed":false,"is_ascension_mode":true,"campfire_upgraded":3,"timestamp":1526927218,"campfire_choices":[{"data":"Clash","floor":7,"key":"SMITH"},{"floor":10,"key":"REST"},{"data":"Inflame","floor":15,"key":"SMITH"},{"floor":23,"key":"REST"},{"floor":25,"key":"REST"},{"data":"Defend_R","floor":29,"key":"SMITH"},{"floor":32,"key":"REST"},{"floor":40,"key":"REST"}],"path_taken":["M","?","?","M","M","E","R","E","T","R","?","?","$","?","R","BOSS","M","M","$","M","?","R","E","R","T","?","?","R","E","M","R","BOSS","M","M","M","?","?","R","?","E","T","M","?","M"],"build_version":"2018-05-18","seed_source_timestamp":42846401472851,"purchased_purges":2,"victory":false,"master_deck":["Strike_R","Strike_R","Defend_R+1","Defend_R","Clash+1","Inflame+1","Flex+1","Rage+1","Exhume+1","Dropkick+1","Flex+1","Spot Weakness+1","Trip+1","Heavy Blade+1","Clash+1","Battle Trance+1","Limit Break+1","Sword Boomerang+1","Pommel Strike+1","Flex+1","Perfected Strike","Havoc+1","Warcry+1","Clash","Mind Blast","Mind Blast","Trip+1","Clash","Thunderclap+1"],"max_hp_per_floor":[80,80,80,80,80,80,80,90,90,90,90,90,90,90,90,90,90,90,90,90,90,90,90,90,90,90,90,90,90,90,90,90,90,90,90,90,90,90,90,90,90,90,90,90,90,90],"relics":["Burning Blood","NeowsBlessing","Bottled Flame","Pear","Toolbox","Toxic Egg 2","Astrolabe","Red Mask","Juzu Bracelet","Matryoshka","Ginger","Orrery","Blood Vial","Ornamental Fan","Kunai","Prayer Wheel"],"card_choices":[{"not_picked":["Burning Pact","Thunderclap"],"picked":"Clash","floor":1},{"not_picked":["Battle Trance","Sentinel","Intimidate"],"picked":"SKIP","floor":4},{"not_picked":["Cleave","Wild Strike","Dual Wield"],"picked":"SKIP","floor":5},{"not_picked":["Dropkick","Twin Strike","True Grit"],"picked":"SKIP","floor":6},{"not_picked":["Intimidate","Juggernaut"],"picked":"Inflame","floor":8},{"not_picked":["Sever Soul","Clothesline","Evolve"],"picked":"SKIP","floor":12},{"not_picked":["Havoc+1","Anger"],"picked":"Rage+1","floor":14},{"not_picked":["Sever Soul","Rupture+1"],"picked":"Flex+1","floor":18},{"not_picked":["Sword Boomerang","Cleave"],"picked":"Spot Weakness+1","floor":19},{"not_picked":["Bloodletting+1","Anger","Sword Boomerang+1"],"picked":"SKIP","floor":21},{"not_picked":["Blood for Blood+1","Intimidate+1"],"picked":"Heavy Blade","floor":22},{"not_picked":["Sentinel+1","Disarm+1"],"picked":"Clash+1","floor":24},{"not_picked":["Wild Strike","Clothesline","Carnage"],"picked":"SKIP","floor":30},{"not_picked":["Anger+1","Blood for Blood+1"],"picked":"Battle Trance+1","floor":31},{"not_picked":["Exhume+1","Barricade"],"picked":"Limit Break+1","floor":33},{"not_picked":["Perfected Strike+1","Anger"],"picked":"Flex+1","floor":34},{"not_picked":["Disarm+1","Whirlwind"],"picked":"Sword Boomerang+1","floor":34},{"not_picked":["Flex+1","Warcry+1"],"picked":"Pommel Strike+1","floor":34},{"not_picked":["Carnage+1","Pommel Strike"],"picked":"Flex+1","floor":34},{"not_picked":["Twin Strike","Warcry+1"],"picked":"Perfected Strike","floor":34},{"not_picked":["Body Slam","Flex+1"],"picked":"Havoc+1","floor":35},{"not_picked":["Cleave+1","Anger"],"picked":"Warcry+1","floor":36},{"not_picked":["Whirlwind","Bludgeon"],"picked":"Clash","floor":37},{"not_picked":["Madness","Thinking Ahead"],"picked":"Mind Blast","floor":39},{"not_picked":["Madness","Thinking Ahead"],"picked":"Mind Blast","floor":39},{"not_picked":["Secret Technique","Flash of Steel"],"picked":"Trip","floor":39},{"not_picked":["Iron Wave","Anger+1","Whirlwind+1"],"picked":"SKIP","floor":42},{"not_picked":["Flex+1","Clothesline"],"picked":"Clash","floor":44},{"not_picked":["Evolve+1","Sword Boomerang+1"],"picked":"Thunderclap+1","floor":45}],"player_experience":133485,"potions_floor_usage":[8,16,16,21,24,33,35,42,45],"damage_taken":[{"damage":0,"enemies":"Small Slimes","floor":1,"turns":1},{"damage":0,"enemies":"Cultist","floor":4,"turns":1},{"damage":0,"enemies":"Jaw Worm","floor":5,"turns":1},{"damage":30,"enemies":"3 Sentries","floor":6,"turns":10},{"damage":25,"enemies":"Lagavulin","floor":8,"turns":5},{"damage":11,"enemies":"Blue Slaver","floor":12,"turns":3},{"damage":3,"enemies":"Looter","floor":14,"turns":3},{"damage":20,"enemies":"Slime Boss","floor":16,"turns":7},{"damage":13,"enemies":"2 Thieves","floor":18,"turns":3},{"damage":0,"enemies":"Spheric Guardian","floor":19,"turns":2},{"damage":38,"enemies":"Snecko","floor":21,"turns":5},{"damage":27,"enemies":"Masked Bandits","floor":22,"turns":4},{"damage":11,"enemies":"Slavers","floor":24,"turns":2},{"damage":40,"enemies":"Book of Stabbing","floor":30,"turns":4},{"damage":13,"enemies":"Snake Plant","floor":31,"turns":3},{"damage":55,"enemies":"Automaton","floor":33,"turns":8},{"damage":16,"enemies":"3 Shapes","floor":35,"turns":2},{"damage":0,"enemies":"Orb Walker","floor":36,"turns":1},{"damage":5,"enemies":"Maw","floor":37,"turns":4},{"damage":30,"enemies":"2 Orb Walkers","floor":42,"turns":3},{"damage":35,"enemies":"4 Shapes","floor":44,"turns":5},{"damage":13,"enemies":"Mysterious Sphere","floor":45,"turns":3},{"damage":39,"enemies":"Sphere and 2 Shapes","floor":46,"turns":3}],"relics_obtained":[{"floor":6,"key":"Bottled Flame"},{"floor":8,"key":"Pear"},{"floor":9,"key":"Toolbox"},{"floor":11,"key":"Toxic Egg 2"},{"floor":22,"key":"Red Mask"},{"floor":24,"key":"Juzu Bracelet"},{"floor":26,"key":"Matryoshka"},{"floor":30,"key":"Ginger"},{"floor":42,"key":"Blood Vial"},{"floor":43,"key":"Ornamental Fan"},{"floor":43,"key":"Kunai"},{"floor":45,"key":"Prayer Wheel"}],"event_choices":[{"event_name":"Bonfire Elementals","player_choice":"BASIC","floor":2,"damage_taken":0},{"event_name":"Golden Wing","player_choice":"Card Removal","floor":3,"damage_taken":0},{"event_name":"Masked Bandits","player_choice":"Fought over 36 gold","floor":22,"damage_taken":0},{"event_name":"Accursed Blacksmith","player_choice":"Forge","floor":27,"damage_taken":0},{"event_name":"Back to Basics","player_choice":"Elegance","floor":28,"damage_taken":0},{"event_name":"SensoryStone","player_choice":"Memory 3","floor":39,"damage_taken":0},{"event_name":"Tomb of Lord Red Mask","player_choice":"Wore Mask","floor":41,"damage_taken":0},{"event_name":"Mysterious Sphere","player_choice":"Fight","floor":45,"damage_taken":0}],"boss_relics":[{"not_picked":["Runic Pyramid","Sozu"],"picked":"Astrolabe"},{"not_picked":["Velvet Choker","White Beast Statue"],"picked":"Orrery"}],"items_purged_floors":[13,20],"potions_floor_spawned":[5,8,12,19,22,24,31,33,35,44],"seed_played":"8208158998428470193","killed_by":"Sphere and 2 Shapes","ascension_level":3,"potions_obtained":[{"floor":5,"key":"Strength Potion"},{"floor":8,"key":"Poison Potion"},{"floor":12,"key":"Energy Potion"},{"floor":19,"key":"PowerPotion"},{"floor":22,"key":"Strength Potion"},{"floor":24,"key":"SpeedPotion"},{"floor":31,"key":"EssenceOfSteel"},{"floor":33,"key":"AttackPotion"},{"floor":35,"key":"Fire Potion"},{"floor":44,"key":"SkillPotion"}],"is_trial":false}