{"gold_per_floor":[116,126,138,149,74,74,108,128,180,237,269,269,269,289,289,289],"floor_reached":16,"playtime":704,"items_purged":[],"score":207,"play_id":"5a9e8f4d-f048-4470-9b2d-18d92b99250d","local_time":"20181208093202","is_ascension_mode":true,"campfire_choices":[{"data":"Neutralize","floor":6,"key":"SMITH"},{"floor":13,"key":"REST"},{"data":"Noxious Fumes","floor":15,"key":"SMITH"}],"neow_cost":"NONE","seed_source_timestamp":1018764761289621,"circlet_count":0,"master_deck":["AscendersBane","Defend_G","Defend_G","Defend_G","Defend_G","Defend_G","Strike_G","Strike_G","Strike_G","Strike_G","Survivor","Neutralize+1","Dagger Throw","Well Laid Plans","Quick Slash","Escape Plan","Backflip","Sucker Punch","Bullet Time","Shame","Sucker Punch","Noxious Fumes+1"],"relics":["Ring of the Snake","PreservedInsect","Art of War","Anchor","Bottled Tornado","Blood Vial"],"potions_floor_usage":[7,11],"damage_taken":[{"damage":0,"enemies":"Small Slimes","floor":1,"turns":4},{"damage":2,"enemies":"2 Louse","floor":2,"turns":3},{"damage":2,"enemies":"Cultist","floor":3,"turns":4},{"damage":4,"enemies":"Blue Slaver","floor":4,"turns":5},{"damage":6,"enemies":"Lagavulin","floor":7,"turns":5},{"damage":11,"enemies":"2 Fungi Beasts","floor":8,"turns":4},{"damage":25,"enemies":"Lagavulin Event","floor":10,"turns":6},{"damage":5,"enemies":"3 Sentries","floor":11,"turns":7},{"damage":1,"enemies":"3 Louse","floor":14,"turns":4},{"damage":26,"enemies":"Hexaghost","floor":16,"turns":12}],"seed_played":"8457575738466719957","potions_obtained":[{"floor":4,"key":"GhostInAJar"},{"floor":7,"key":"Weak Potion"},{"floor":10,"key":"SteroidPotion"},{"floor":14,"key":"Explosive Potion"}],"is_trial":false,"path_per_floor":["M","M","M","M","?","R","E","M","T","?","E","?","R","M","R","B"],"character_chosen":"THE_SILENT","items_purchased":[],"campfire_rested":1,"item_purchase_floors":[],"current_hp_per_floor":[59,57,55,51,51,51,45,34,34,9,4,4,23,24,24,0],"gold":289,"neow_bonus":"RANDOM_COMMON_RELIC","is_prod":false,"is_daily":false,"chose_seed":false,"campfire_upgraded":2,"win_rate":0,"timestamp":1544290322,"path_taken":["M","M","M","M","?","R","E","M","T","?","E","?","R","?","R","BOSS"],"build_version":"2018-12-06","purchased_purges":0,"victory":false,"max_hp_per_floor":[66,66,66,66,66,66,66,66,66,66,66,66,66,66,66,66],"card_choices":[{"not_picked":["Acrobatics","Prepared"],"picked":"Dagger Throw","floor":1},{"not_picked":["Eviscerate","Dagger Spray"],"picked":"Well Laid Plans","floor":2},{"not_picked":["Slice","Deadly Poison"],"picked":"Quick Slash","floor":3},{"not_picked":["Bane","Skewer"],"picked":"Escape Plan","floor":4},{"not_picked":["Eviscerate","Slice"],"picked":"Backflip","floor":7},{"not_picked":["Flechettes","Bouncing Flask"],"picked":"Sucker Punch","floor":8},{"not_picked":["Skewer","Blur"],"picked":"Bullet Time","floor":11},{"not_picked":["Caltrops","Dodge and Roll"],"picked":"Noxious Fumes","floor":14}],"player_experience":962464,"relics_obtained":[{"floor":7,"key":"Art of War"},{"floor":9,"key":"Anchor"},{"floor":10,"key":"Bottled Tornado"},{"floor":11,"key":"Blood Vial"}],"event_choices":[{"cards_removed":["Strike_G"],"damage_healed":0,"gold_gain":0,"player_choice":"Card Removal","damage_taken":0,"max_hp_gain":0,"max_hp_loss":0,"event_name":"The Cleric","floor":5,"gold_loss":75},{"damage_healed":0,"gold_gain":0,"player_choice":"Searched \u00272\u0027 times","damage_taken":0,"max_hp_gain":0,"max_hp_loss":0,"event_name":"Dead Adventurer","floor":10,"gold_loss":0},{"damage_healed":0,"gold_gain":0,"player_choice":"2 cards matched","damage_taken":0,"max_hp_gain":0,"max_hp_loss":0,"event_name":"Match and Keep!","floor":12,"gold_loss":0,"cards_obtained":["Shame","Sucker Punch"]}],"is_beta":true,"boss_relics":[],"items_purged_floors":[],"is_endless":false,"potions_floor_spawned":[4,7,10,14],"killed_by":"Hexaghost","ascension_level":17}