{"gold_per_floor":[110,110,129,304,317,317,344,344,420,60,70,103,121,151,151,251,251,267,267,139,49,61,96,96,109,109,124,124,144,154,154,154,252,252,267,367,367,383,302,302,332,332,332,332,102,114,114,142,142,142],"floor_reached":51,"playtime":1797,"items_purged":["Doubt","Strike_B+1","Static Discharge"],"score":804,"play_id":"2b2df1b6-779f-4515-a12c-31bd84b166ec","local_time":"20190202084436","is_ascension_mode":true,"campfire_choices":[{"data":"Defragment","floor":6,"key":"SMITH"},{"data":"Zap","floor":8,"key":"SMITH"},{"data":"Storm","floor":15,"key":"SMITH"},{"data":"Creative AI","floor":24,"key":"SMITH"},{"floor":28,"key":"REST"},{"floor":32,"key":"REST"},{"data":"Defragment","floor":40,"key":"SMITH"},{"floor":42,"key":"REST"},{"data":"Static Discharge","floor":44,"key":"SMITH"},{"floor":47,"key":"REST"},{"floor":49,"key":"REST"}],"neow_cost":"NONE","seed_source_timestamp":368969495788141,"circlet_count":0,"master_deck":["Defend_B+1","Defend_B+1","Defend_B+1","Defend_B+1","Zap+1","Dualcast","Static Discharge","Multi-Cast","Defragment+1","Ball Lightning","Static Discharge+1","Storm+1","Echo Form","Force Field","Storm+1","Creative AI+1","Defragment+1","Conserve Battery+1","Thunder Strike","Force Field","Go for the Eyes+1","Capacitor","Machine Learning","Capacitor+1","Static Discharge+1"],"relics":["FrozenCore","Smiling Mask","Question Card","Unceasing Top","Bag of Preparation","Mercury Hourglass","Inserter","Boot","Anchor","Gambling Chip","Juzu Bracelet","The Courier","Letter Opener"],"potions_floor_usage":[12,14,14,14,23,50,50],"damage_taken":[{"damage":1,"enemies":"Jaw Worm","floor":1,"turns":3},{"damage":1,"enemies":"Cultist","floor":3,"turns":3},{"damage":4,"enemies":"Small Slimes","floor":5,"turns":3},{"damage":16,"enemies":"Lagavulin","floor":7,"turns":7},{"damage":6,"enemies":"Exordium Thugs","floor":11,"turns":3},{"damage":22,"enemies":"3 Sentries","floor":12,"turns":4},{"damage":11,"enemies":"Red Slaver","floor":13,"turns":3},{"damage":0,"enemies":"Gremlin Nob","floor":14,"turns":2},{"damage":10,"enemies":"The Guardian","floor":16,"turns":7},{"damage":30,"enemies":"2 Thieves","floor":18,"turns":3},{"damage":0,"enemies":"Spheric Guardian","floor":22,"turns":3},{"damage":33,"enemies":"Book of Stabbing","floor":23,"turns":3},{"damage":12,"enemies":"Centurion and Healer","floor":25,"turns":5},{"damage":0,"enemies":"Chosen and Byrds","floor":27,"turns":4},{"damage":16,"enemies":"Shelled Parasite and Fungi","floor":29,"turns":3},{"damage":15,"enemies":"Snecko","floor":30,"turns":3},{"damage":17,"enemies":"Collector","floor":33,"turns":7},{"damage":7,"enemies":"Orb Walker","floor":35,"turns":2},{"damage":0,"enemies":"Mind Bloom Boss Battle","floor":36,"turns":4},{"damage":5,"enemies":"3 Darklings","floor":38,"turns":4},{"damage":50,"enemies":"Reptomancer","floor":41,"turns":4},{"damage":6,"enemies":"Sphere and 2 Shapes","floor":46,"turns":3},{"damage":23,"enemies":"Nemesis","floor":48,"turns":5},{"damage":24,"enemies":"Awakened One","floor":50,"turns":7}],"seed_played":"-6820359201838774523","potions_obtained":[{"floor":1,"key":"Ancient Potion"},{"floor":3,"key":"PowerPotion"},{"floor":5,"key":"SkillPotion"},{"floor":13,"key":"Explosive Potion"},{"floor":16,"key":"FearPotion"},{"floor":18,"key":"Regen Potion"},{"floor":23,"key":"FairyPotion"},{"floor":25,"key":"Dexterity Potion"},{"floor":30,"key":"Weak Potion"}],"is_trial":false,"path_per_floor":["M","?","M","?","M","R","E","R","T","$","M","E","M","E","R","B",null,"M","?","$","?","M","E","R","M","T","M","R","M","M","?","R","B",null,"M","?","?","M","$","R","E","R","T","R","$","M","R","E","R","B",null],"character_chosen":"DEFECT","items_purchased":["Unceasing Top","Storm","Force Field","Capacitor","Machine Learning"],"campfire_rested":5,"item_purchase_floors":[10,20,39,45,45],"current_hp_per_floor":[74,74,73,73,69,69,53,53,53,53,47,25,14,14,14,4,75,45,45,45,45,45,24,24,12,12,12,34,18,3,3,25,8,75,68,68,68,63,63,63,13,35,35,35,35,29,51,28,50,26],"gold":142,"neow_bonus":"THREE_CARDS","is_prod":false,"is_daily":false,"chose_seed":false,"campfire_upgraded":6,"win_rate":0,"timestamp":1549057476,"path_taken":["M","?","?","?","M","R","E","R","T","$","M","E","M","E","R","BOSS","M","?","$","?","M","E","R","M","T","?","R","M","M","?","R","BOSS","M","?","?","?","$","R","E","R","T","R","$","M","R","E","R","BOSS"],"build_version":"2019-01-23","purchased_purges":3,"victory":true,"max_hp_per_floor":[75,75,75,75,75,75,75,75,75,75,75,75,75,75,75,75,75,75,75,75,75,75,75,75,75,75,75,75,75,75,75,75,75,75,75,75,75,75,75,75,75,75,75,75,75,75,75,75,75,75],"card_choices":[{"not_picked":["Auto Shields","Sweeping Beam"],"picked":"Static Discharge","floor":0},{"not_picked":["Genetic Algorithm","Stack","Compile Driver"],"picked":"SKIP","floor":1},{"not_picked":["Chaos","Leap"],"picked":"Static Discharge","floor":3},{"not_picked":["Hologram","Cold Snap"],"picked":"Defragment","floor":5},{"not_picked":["Darkness","Gash"],"picked":"Ball Lightning","floor":7},{"not_picked":["Steam Power","Redo","Leap","Fusion"],"picked":"SKIP","floor":11},{"not_picked":["All For One","Steam Power","Blizzard"],"picked":"Static Discharge","floor":12},{"not_picked":["Compile Driver","White Noise","Hologram"],"picked":"Storm","floor":13},{"not_picked":["Gash","Go for the Eyes","Beam Cell","Consume"],"picked":"SKIP","floor":14},{"not_picked":["Hyperbeam","Biased Cognition","Multi-Cast"],"picked":"Echo Form","floor":16},{"not_picked":["Cold Snap","Barrage","Go for the Eyes"],"picked":"Force Field","floor":18},{"not_picked":["Lockon","Go for the Eyes","Static Discharge","Sweeping Beam+1"],"picked":"SKIP","floor":22},{"not_picked":["Hello World","Sweeping Beam","Barrage"],"picked":"Creative AI","floor":23},{"not_picked":["Sunder","BootSequence","Genetic Algorithm"],"picked":"Defragment","floor":25},{"not_picked":["Leap+1","Sunder","Compile Driver","Streamline"],"picked":"SKIP","floor":27},{"not_picked":["Stack","Leap","Heatsinks","Redo"],"picked":"SKIP","floor":29},{"not_picked":["Hologram","Compile Driver","Blizzard"],"picked":"Conserve Battery+1","floor":30},{"not_picked":["All For One","Buffer","Amplify"],"picked":"Thunder Strike","floor":33},{"not_picked":["Scrape","Streamline+1","Coolheaded+1","Hello World+1"],"picked":"SKIP","floor":35},{"not_picked":["Barrage","Gash","Auto Shields+1","Go for the Eyes+1"],"picked":"SKIP","floor":38},{"not_picked":["Hologram","Cold Snap","Heatsinks"],"picked":"Go for the Eyes+1","floor":41},{"not_picked":["Streamline+1","Darkness","Creative AI"],"picked":"Capacitor+1","floor":46},{"not_picked":["Conserve Battery","Coolheaded","Heatsinks+1"],"picked":"Static Discharge+1","floor":48}],"player_experience":1195155,"relics_obtained":[{"floor":7,"key":"Smiling Mask"},{"floor":9,"key":"Question Card"},{"floor":12,"key":"Bag of Preparation"},{"floor":14,"key":"Mercury Hourglass"},{"floor":23,"key":"Boot"},{"floor":26,"key":"Anchor"},{"floor":36,"key":"Gambling Chip"},{"floor":41,"key":"Juzu Bracelet"},{"floor":43,"key":"The Courier"},{"floor":48,"key":"Letter Opener"}],"event_choices":[{"damage_healed":0,"gold_gain":0,"cards_transformed":["Strike_B"],"player_choice":"Transformed","damage_taken":0,"max_hp_gain":0,"max_hp_loss":0,"event_name":"Transmorgrifier","floor":2,"gold_loss":0,"cards_obtained":["Multi-Cast"]},{"damage_healed":0,"gold_gain":175,"player_choice":"AGREE","damage_taken":0,"max_hp_gain":0,"max_hp_loss":0,"event_name":"Liars Game","floor":4,"gold_loss":0,"cards_obtained":["Doubt"]},{"damage_healed":0,"gold_gain":0,"player_choice":"Simplicity","damage_taken":0,"max_hp_gain":0,"max_hp_loss":0,"event_name":"Back to Basics","floor":19,"gold_loss":0,"cards_upgraded":["Strike_B","Strike_B","Strike_B","Defend_B","Defend_B","Defend_B","Defend_B"]},{"cards_removed":["Strike_B"],"damage_healed":0,"gold_gain":0,"player_choice":"Upgrade and Remove","damage_taken":0,"max_hp_gain":0,"max_hp_loss":0,"event_name":"Designer","floor":21,"gold_loss":90,"cards_upgraded":["Storm"]},{"damage_healed":0,"gold_gain":0,"player_choice":"Ignored","damage_taken":0,"max_hp_gain":0,"max_hp_loss":0,"event_name":"Vampires","floor":31,"gold_loss":0},{"damage_healed":0,"gold_gain":0,"player_choice":"Fight","damage_taken":0,"max_hp_gain":0,"max_hp_loss":0,"event_name":"MindBloom","floor":36,"gold_loss":0},{"cards_removed":["Strike_B"],"damage_healed":0,"gold_gain":0,"player_choice":"Purged","damage_taken":0,"max_hp_gain":0,"max_hp_loss":0,"event_name":"Purifier","floor":37,"gold_loss":0}],"is_beta":true,"boss_relics":[{"not_picked":["Eternal Feather","Astrolabe"],"picked":"Inserter"},{"not_picked":["Snecko Eye","Velvet Choker"],"picked":"FrozenCore"}],"items_purged_floors":[10,20,45],"is_endless":false,"potions_floor_spawned":[1,3,5,13,16,18,23,25,30,41,48],"ascension_level":1}