{"gold_per_floor":[112,130,55,16,30,30,55,55,82,94,94,112,112,129,129,129],"floor_reached":16,"playtime":581,"items_purged":[],"score":189,"play_id":"ed2e04be-417d-4e20-a0b9-abb2d9ed7832","local_time":"20180923002311","is_ascension_mode":true,"campfire_choices":[{"data":"Defragment","floor":6,"key":"SMITH"},{"floor":8,"key":"REST"},{"floor":15,"key":"REST"}],"neow_cost":"NONE","seed_source_timestamp":80087462718140,"circlet_count":0,"master_deck":["Strike_B","Strike_B","Strike_B","Defend_B","Defend_B","Defend_B+1","Defend_B","Zap","Dualcast+1","AscendersBane","White Noise","Doom and Gloom","Defragment+1","Auto Shields","Loop","Reinforced Body","Hyperbeam"],"relics":["Cracked Core","War Paint","Ancient Tea Set","Potion Belt"],"potions_floor_usage":[12,12,12,12,12,12,12],"damage_taken":[{"damage":2,"enemies":"Cultist","floor":1,"turns":4},{"damage":2,"enemies":"Small Slimes","floor":2,"turns":4},{"damage":12,"enemies":"2 Louse","floor":5,"turns":3},{"damage":46,"enemies":"Gremlin Nob","floor":7,"turns":5},{"damage":9,"enemies":"2 Fungi Beasts","floor":10,"turns":3},{"damage":10,"enemies":"Exordium Wildlife","floor":12,"turns":5},{"damage":3,"enemies":"Blue Slaver","floor":14,"turns":3},{"damage":0,"enemies":"Hexaghost","floor":16,"turns":1}],"seed_played":"6062229157858049577","potions_obtained":[{"floor":5,"key":"Dexterity Potion"},{"floor":7,"key":"Dexterity Potion"},{"floor":10,"key":"EntropicBrew"},{"floor":14,"key":"SpeedPotion"}],"is_trial":false,"path_per_floor":["M","M","?","$","M","R","E","R","T","M","?","M","?","M","R"],"character_chosen":"DEFECT","items_purchased":["Defragment"],"campfire_rested":2,"item_purchase_floors":[4],"current_hp_per_floor":[62,60,60,60,48,48,2,23,23,14,14,4,4,8,29,29],"gold":129,"neow_bonus":"RANDOM_COMMON_RELIC","is_prod":false,"is_daily":false,"chose_seed":false,"campfire_upgraded":1,"win_rate":0,"timestamp":1537687391,"path_taken":["M","M","?","?","?","R","E","R","T","M","?","M","?","?","R","BOSS"],"build_version":"2018-09-20","purchased_purges":0,"victory":false,"max_hp_per_floor":[71,71,71,71,71,71,71,71,71,71,71,71,71,71,71,71],"card_choices":[{"not_picked":["Redo","Tempest"],"picked":"White Noise","floor":1},{"not_picked":["Reprogram","Hologram"],"picked":"Doom and Gloom","floor":2},{"not_picked":["Redo","Reprogram"],"picked":"Auto Shields","floor":5},{"not_picked":["FTL","Rebound"],"picked":"Loop","floor":7},{"not_picked":["Gash","Sweeping Beam","Steam"],"picked":"SKIP","floor":10},{"not_picked":["Turbo","Sweeping Beam"],"picked":"Reinforced Body","floor":12},{"not_picked":["Ball Lightning","Force Field"],"picked":"Hyperbeam","floor":14}],"player_experience":819552,"relics_obtained":[{"floor":7,"key":"Ancient Tea Set"},{"floor":9,"key":"Potion Belt"}],"event_choices":[{"event_name":"The Cleric","player_choice":"Card Removal","floor":3,"damage_taken":0},{"event_name":"Shining Light","player_choice":"Ignored","floor":11,"damage_taken":0},{"event_name":"Scrap Ooze","player_choice":"unsuccessful","floor":13,"damage_taken":0}],"is_beta":true,"boss_relics":[],"items_purged_floors":[],"is_endless":false,"potions_floor_spawned":[5,7,10,14],"killed_by":"Hexaghost","ascension_level":17}