{"gold_per_floor":[110,185,195,195,295,295,333,333,333,333,374,387,402,446,446,577,577,592,628,628,628,84,84,125,125,125,125,146,146,189,207,207,333,333,349,349,349,349,365,365],"floor_reached":40,"playtime":1837,"items_purged":[],"score":673,"play_id":"ebe9795a-cfb9-4007-9443-09a638a8d7a3","local_time":"20190101173430","is_ascension_mode":true,"campfire_choices":[{"data":"Anger","floor":6,"key":"SMITH"},{"data":"Iron Wave","floor":8,"key":"SMITH"},{"data":"Bash","floor":10,"key":"SMITH"},{"data":"Hemokinesis","floor":15,"key":"SMITH"},{"data":"Berserk","floor":23,"key":"SMITH"},{"data":"Limit Break","floor":25,"key":"SMITH"},{"data":"Inflame","floor":27,"key":"SMITH"},{"data":"Armaments","floor":32,"key":"SMITH"}],"neow_cost":"NONE","seed_source_timestamp":989466398777573,"circlet_count":0,"master_deck":["Defend_R","Defend_R","Defend_R","Defend_R","Bash+1","Anger+1","Headbutt","Iron Wave+1","Limit Break+1","Inflame+1","Cleave","Hemokinesis+1","Berserk+1","Shrug It Off","RitualDagger","Bite","Bite","Bite","Bite","Bite","Disarm","Heavy Blade","Heavy Blade+1","Armaments+1","Limit Break","Metallicize+1","Shrug It Off"],"relics":["Burning Blood","NeowsBlessing","Golden Idol","Potion Belt","Meat on the Bone","Anchor","Smiling Mask","Velvet Choker","Red Mask","Kunai","Self Forming Clay","Mango","Dodecahedron","The Courier","Black Star"],"potions_floor_usage":[11,19,24,24,35,40],"damage_taken":[{"damage":0,"enemies":"2 Louse","floor":1,"turns":1},{"damage":0,"enemies":"Cultist","floor":3,"turns":1},{"damage":0,"enemies":"Gremlin Nob","floor":7,"turns":1},{"damage":20,"enemies":"Lagavulin","floor":11,"turns":3},{"damage":0,"enemies":"Small Slimes","floor":12,"turns":3},{"damage":0,"enemies":"3 Louse","floor":13,"turns":4},{"damage":25,"enemies":"Gremlin Nob","floor":14,"turns":4},{"damage":43,"enemies":"Hexaghost","floor":16,"turns":7},{"damage":2,"enemies":"Chosen","floor":18,"turns":4},{"damage":32,"enemies":"Masked Bandits","floor":19,"turns":4},{"damage":58,"enemies":"Gremlin Leader","floor":24,"turns":7},{"damage":4,"enemies":"Shell Parasite","floor":28,"turns":3},{"damage":20,"enemies":"Slavers","floor":30,"turns":5},{"damage":15,"enemies":"Sentry and Sphere","floor":31,"turns":5},{"damage":36,"enemies":"Champ","floor":33,"turns":7},{"damage":25,"enemies":"3 Darklings","floor":35,"turns":6},{"damage":26,"enemies":"3 Shapes","floor":39,"turns":5},{"damage":74,"enemies":"Reptomancer","floor":40,"turns":4}],"seed_played":"7274088695330133567","potions_obtained":[{"floor":3,"key":"AttackPotion"},{"floor":11,"key":"Swift Potion"},{"floor":19,"key":"Regen Potion"},{"floor":31,"key":"GamblersBrew"},{"floor":35,"key":"Ancient Potion"},{"floor":39,"key":"PowerPotion"}],"is_trial":false,"path_per_floor":["M","?","M","?","?","R","E","R","T","R","E","M","M","E","R","B",null,"M","?","?","?","$","R","E","R","T","R","M","$","E","M","R","B",null,"M","?","?","?","M","E"],"character_chosen":"IRONCLAD","items_purchased":["Kunai","Self Forming Clay","Block Potion"],"campfire_rested":0,"item_purchase_floors":[22,22,22],"current_hp_per_floor":[78,67,73,53,53,53,59,59,59,59,57,63,69,50,50,25,66,70,56,50,50,50,50,52,52,52,52,60,60,58,59,59,43,63,62,62,62,62,53,0],"gold":365,"neow_bonus":"THREE_ENEMY_KILL","is_prod":false,"is_daily":false,"chose_seed":false,"campfire_upgraded":8,"win_rate":0,"timestamp":1546385670,"path_taken":["M","?","M","?","?","R","E","R","T","R","E","?","M","E","R","BOSS","M","?","?","?","$","R","E","R","T","R","M","$","E","?","R","BOSS","M","?","?","?","?","E"],"build_version":"2018-12-20","purchased_purges":0,"victory":false,"max_hp_per_floor":[80,80,80,80,80,80,80,80,80,80,80,80,80,80,80,80,80,80,80,80,56,56,56,70,70,70,70,70,70,70,70,70,70,70,70,70,70,70,70,70],"card_choices":[{"not_picked":["Flex","Pommel Strike"],"picked":"Anger","floor":1},{"not_picked":["Clothesline","Twin Strike"],"picked":"Headbutt","floor":3},{"not_picked":["Power Through","Twin Strike"],"picked":"Iron Wave","floor":7},{"not_picked":["Seeing Red","Anger"],"picked":"Limit Break","floor":11},{"not_picked":["Warcry","Power Through"],"picked":"Inflame","floor":12},{"not_picked":["True Grit","Rupture"],"picked":"Cleave","floor":13},{"not_picked":["Anger","Dark Embrace"],"picked":"Hemokinesis","floor":14},{"not_picked":["Reaper","Immolate"],"picked":"Berserk","floor":16},{"not_picked":["Heavy Blade","Body Slam"],"picked":"Shrug It Off","floor":18},{"not_picked":["Thunderclap","Feel No Pain"],"picked":"Disarm","floor":24},{"not_picked":["Sever Soul","Iron Wave"],"picked":"Heavy Blade","floor":28},{"not_picked":["Havoc","Clash"],"picked":"Heavy Blade+1","floor":30},{"not_picked":["Second Wind","Clash+1"],"picked":"Armaments","floor":31},{"not_picked":["Double Tap","Brutality"],"picked":"Limit Break","floor":33},{"not_picked":["Sever Soul","Flame Barrier"],"picked":"Metallicize+1","floor":35},{"not_picked":["Discovery","Impatience"],"picked":"Dark Shackles","floor":36},{"not_picked":["True Grit+1","Body Slam+1"],"picked":"Shrug It Off","floor":39}],"player_experience":363060,"relics_obtained":[{"floor":7,"key":"Potion Belt"},{"floor":9,"key":"Meat on the Bone"},{"floor":11,"key":"Anchor"},{"floor":14,"key":"Smiling Mask"},{"floor":19,"key":"Red Mask"},{"floor":24,"key":"Mango"},{"floor":26,"key":"Dodecahedron"},{"floor":30,"key":"The Courier"}],"event_choices":[{"damage_healed":0,"gold_gain":75,"player_choice":"Gather Gold","damage_taken":11,"max_hp_gain":0,"max_hp_loss":0,"event_name":"World of Goop","floor":2,"gold_loss":0},{"damage_healed":0,"gold_gain":0,"player_choice":"Take Damage","damage_taken":20,"relics_obtained":["Golden Idol"],"max_hp_gain":0,"max_hp_loss":0,"event_name":"Golden Idol","floor":4,"gold_loss":0},{"damage_healed":0,"gold_gain":100,"player_choice":"Pray","damage_taken":0,"max_hp_gain":0,"max_hp_loss":0,"event_name":"Golden Shrine","floor":5,"gold_loss":0},{"damage_healed":0,"gold_gain":0,"player_choice":"Fought Bandits","damage_taken":0,"max_hp_gain":0,"max_hp_loss":0,"event_name":"Masked Bandits","floor":19,"gold_loss":0},{"damage_healed":0,"gold_gain":0,"player_choice":"Joined the Cult","damage_taken":6,"max_hp_gain":0,"max_hp_loss":0,"event_name":"Nest","floor":20,"gold_loss":0,"cards_obtained":["RitualDagger"]},{"damage_healed":0,"gold_gain":0,"player_choice":"Became a vampire","damage_taken":0,"max_hp_gain":0,"max_hp_loss":24,"event_name":"Vampires","floor":21,"gold_loss":0,"cards_obtained":["Bite","Bite","Bite","Bite","Bite"]},{"damage_healed":0,"gold_gain":0,"player_choice":"Memory 1","damage_taken":0,"max_hp_gain":0,"max_hp_loss":0,"event_name":"SensoryStone","floor":36,"gold_loss":0},{"cards_removed":["Dark Shackles"],"damage_healed":0,"gold_gain":0,"player_choice":"Removed Skill","damage_taken":0,"max_hp_gain":0,"max_hp_loss":0,"event_name":"Falling","floor":37,"gold_loss":0},{"damage_healed":0,"gold_gain":0,"player_choice":"Ignored","damage_taken":0,"max_hp_gain":0,"max_hp_loss":0,"event_name":"SecretPortal","floor":38,"gold_loss":0}],"is_beta":false,"boss_relics":[{"not_picked":["Calling Bell","Empty Cage"],"picked":"Velvet Choker"},{"not_picked":["Coffee Dripper","Astrolabe"],"picked":"Black Star"}],"items_purged_floors":[],"is_endless":false,"potions_floor_spawned":[3,11,19,31,35,39],"killed_by":"Reptomancer","ascension_level":8}