{"gold_per_floor":[115,290,365,384,384,414,414,425,425,425,425,458,458,423,423,423],"floor_reached":16,"playtime":749,"items_purged":[],"score":133,"play_id":"b2119616-cd79-499f-b58c-d1179a37a228","local_time":"20181217214420","is_ascension_mode":true,"campfire_choices":[{"floor":7,"key":"REST"},{"floor":10,"key":"REST"},{"floor":13,"key":"REST"},{"floor":15,"key":"REST"}],"neow_cost":"NONE","seed_source_timestamp":65929988487997,"circlet_count":0,"master_deck":["Strike_B","Strike_B","Strike_B","Defend_B","Defend_B","Defend_B","Defend_B","Zap","Dualcast","Thunder Strike","Compile Driver","Doubt","Coolheaded","Blizzard","Sweeping Beam","Cold Snap","Redo"],"relics":["Cracked Core","WingedGreaves","Juzu Bracelet","Dodecahedron"],"potions_floor_usage":[6],"damage_taken":[{"damage":7,"enemies":"Jaw Worm","floor":1,"turns":4},{"damage":0,"enemies":"Small Slimes","floor":4,"turns":3},{"damage":25,"enemies":"3 Sentries","floor":6,"turns":7},{"damage":8,"enemies":"2 Louse","floor":8,"turns":3},{"damage":40,"enemies":"Lagavulin","floor":12,"turns":9},{"damage":59,"enemies":"The Guardian","floor":16,"turns":10}],"seed_played":"5147943578864513779","potions_obtained":[{"floor":4,"key":"Explosive Potion"},{"floor":12,"key":"Weak Potion"}],"is_trial":false,"path_per_floor":["M","?","?","M","?","E","R","M","T","R","?","E","R","?","R","B"],"character_chosen":"DEFECT","items_purchased":[],"campfire_rested":4,"item_purchase_floors":[],"current_hp_per_floor":[68,68,57,57,39,14,36,28,28,50,50,10,32,50,72,13],"gold":423,"neow_bonus":"ONE_RANDOM_RARE_CARD","is_prod":false,"is_daily":false,"chose_seed":false,"campfire_upgraded":0,"win_rate":0,"timestamp":1545101060,"path_taken":["M","?","?","M","?","E","R","M","T","R","?","E","R","?","R","BOSS"],"build_version":"2018-12-13","purchased_purges":0,"victory":false,"max_hp_per_floor":[75,75,75,75,75,75,75,75,75,75,75,75,75,75,75,75],"card_choices":[{"not_picked":["Aggregate","Steam"],"picked":"Compile Driver","floor":1},{"not_picked":["Reinforced Body","Steam Power"],"picked":"Coolheaded","floor":4},{"not_picked":["Skim","Recycle"],"picked":"Blizzard","floor":6},{"not_picked":["Compile Driver","Tempest"],"picked":"Sweeping Beam","floor":8},{"not_picked":["Steam Power","Rainbow"],"picked":"Redo","floor":12}],"player_experience":211008,"relics_obtained":[{"floor":6,"key":"Juzu Bracelet"},{"floor":12,"key":"Dodecahedron"}],"event_choices":[{"damage_healed":0,"gold_gain":175,"player_choice":"AGREE","damage_taken":0,"max_hp_gain":0,"max_hp_loss":0,"event_name":"Liars Game","floor":2,"gold_loss":0,"cards_obtained":["Doubt"]},{"damage_healed":0,"gold_gain":75,"player_choice":"Gather Gold","damage_taken":11,"max_hp_gain":0,"max_hp_loss":0,"event_name":"World of Goop","floor":3,"gold_loss":0},{"damage_healed":0,"gold_gain":0,"player_choice":"Success","damage_taken":18,"relics_obtained":["WingedGreaves"],"max_hp_gain":0,"max_hp_loss":0,"event_name":"Scrap Ooze","floor":5,"gold_loss":0},{"damage_healed":0,"gold_gain":0,"cards_transformed":["Strike_B"],"player_choice":"Change","damage_taken":0,"max_hp_gain":0,"max_hp_loss":0,"event_name":"Living Wall","floor":11,"gold_loss":0,"cards_obtained":["Cold Snap"]},{"damage_healed":18,"gold_gain":0,"player_choice":"Healed","damage_taken":0,"max_hp_gain":0,"max_hp_loss":0,"event_name":"The Cleric","floor":14,"gold_loss":35}],"is_beta":false,"boss_relics":[],"items_purged_floors":[],"is_endless":false,"potions_floor_spawned":[4,12],"killed_by":"The Guardian","ascension_level":5}