{"gold_per_floor":[114,114,132,142,67,67,67,67,135,135,154,214,75,107,107,182,182,197,93,108,121,136,136,186,186,211,211,131,151,151,168,168,247,247,263,263,274,289,143,172,172,52,52,97,97,112,123,123],"floor_reached":48,"playtime":2255,"items_purged":["Strike_R","Twin Strike","Evolve","Reckless Charge"],"score":1043,"play_id":"a39073cc-c71f-4fb5-ae56-d3115b39dd95","local_time":"20181010132238","is_ascension_mode":true,"campfire_choices":[{"data":"Bash","floor":6.0,"key":"SMITH"},{"data":"Whirlwind","floor":8.0,"key":"SMITH"},{"data":"Flame Barrier","floor":10.0,"key":"SMITH"},{"data":"Limit Break","floor":15.0,"key":"SMITH"},{"data":"Armaments","floor":23.0,"key":"SMITH"},{"data":"Entrench","floor":27.0,"key":"SMITH"},{"data":"Barricade","floor":30.0,"key":"SMITH"},{"floor":32.0,"key":"REST"},{"floor":41,"key":"REST"},{"floor":45,"key":"REST"}],"neow_cost":"NONE","seed_source_timestamp":243502109436031,"circlet_count":0,"master_deck":["Bash+1","AscendersBane","Disarm","Flame Barrier+1","Whirlwind+1","Limit Break+1","Barricade+1","Headbutt","Cleave","Uppercut","Thunderclap","Shrug It Off","Armaments+1","Entrench+1","Battle Trance","Shrug It Off","Disarm","Body Slam","Juggernaut","Burning Pact","Flame Barrier+1","Shrug It Off","Entrench"],"special_seed":0,"relics":["Burning Blood","Oddly Smooth Stone","Gremlin Horn","The Courier","Blood Vial","Bronze Scales","Bag of Marbles","Pandora\u0027s Box","Orichalcum","Mark of Pain","Matryoshka","Happy Flower","Nunchaku","Shovel"],"potions_floor_usage":[38,48],"damage_taken":[{"damage":4.0,"enemies":"Small Slimes","floor":1.0,"turns":3.0},{"damage":0.0,"enemies":"2 Louse","floor":3.0,"turns":4.0},{"damage":3.0,"enemies":"Cultist","floor":4.0,"turns":5.0},{"damage":4.0,"enemies":"3 Louse","floor":11.0,"turns":2.0},{"damage":14.0,"enemies":"3 Sentries","floor":12.0,"turns":5.0},{"damage":20.0,"enemies":"3 Sentries","floor":14.0,"turns":6.0},{"damage":0.0,"enemies":"Slime Boss","floor":16.0,"turns":4.0},{"damage":2.0,"enemies":"2 Thieves","floor":18.0,"turns":2.0},{"damage":0.0,"enemies":"3 Byrds","floor":20.0,"turns":2.0},{"damage":25.0,"enemies":"Sentry and Sphere","floor":21.0,"turns":5.0},{"damage":6.0,"enemies":"3 Cultists","floor":22.0,"turns":4.0},{"damage":6.0,"enemies":"Cultist and Chosen","floor":29.0,"turns":6.0},{"damage":12.0,"enemies":"Chosen and Byrds","floor":31.0,"turns":5.0},{"damage":6.0,"enemies":"Champ","floor":33.0,"turns":12.0},{"damage":12,"enemies":"3 Shapes","floor":35,"turns":6},{"damage":8,"enemies":"Orb Walker","floor":37,"turns":4},{"damage":4,"enemies":"Reptomancer","floor":38,"turns":5},{"damage":61,"enemies":"Nemesis","floor":40,"turns":15},{"damage":46,"enemies":"Mysterious Sphere","floor":44,"turns":6},{"damage":15,"enemies":"Jaw Worm Horde","floor":46,"turns":5},{"damage":18,"enemies":"Sphere and 2 Shapes","floor":47,"turns":6},{"damage":72,"enemies":"Transient","floor":48,"turns":6}],"seed_played":"1194399409804212409","potions_obtained":[{"floor":1.0,"key":"Strength Potion"},{"floor":12.0,"key":"Strength Potion"},{"floor":12.0,"key":"AttackPotion"},{"floor":16.0,"key":"Fire Potion"},{"floor":21.0,"key":"Dexterity Potion"},{"floor":29.0,"key":"Weak Potion"},{"floor":31.0,"key":"Weak Potion"},{"floor":38,"key":"EssenceOfSteel"},{"floor":40,"key":"SpeedPotion"}],"is_trial":false,"path_per_floor":["M","?","M","M","$","R","?","R","T","R","M","?","$","E","R","B",null,"M","$","M","M","M","R","?","?","T","R","$","M","R","M","R","B",null,"M","?","M","M","$","E","R","$","T","?","R","M","M"],"character_chosen":"IRONCLAD","items_purchased":["Bronze Scales","Battle Trance","Shrug It Off","Dexterity Potion"],"campfire_rested":3,"item_purchase_floors":[13,19,19,39],"current_hp_per_floor":[70,25,31,34,34,34,59,59,59,59,61,53,53,41,41,49,69,75,75,75,56,58,58,58,37,37,37,37,39,39,35,59,61,75,71,71,71,75,75,22,46,46,46,8,32,25,15,0],"gold":123,"neow_bonus":"RANDOM_COMMON_RELIC","is_prod":false,"is_daily":false,"chose_seed":false,"campfire_upgraded":7,"win_rate":0,"timestamp":1539202958,"path_taken":["M","?","M","M","$","R","?","R","T","R","M","?","$","E","R","BOSS","M","$","M","M","M","R","?","?","T","R","$","M","R","M","R","BOSS","M","?","M","M","?","E","R","$","T","?","R","M","?","M"],"build_version":"2018-10-09","purchased_purges":4,"victory":false,"max_hp_per_floor":[75,75,75,75,75,75,75,75,75,75,75,75,75,75,75,75,75,75,75,75,75,75,75,75,80,80,80,80,80,80,80,80,80,80,80,80,80,80,80,80,80,80,80,80,80,80,80,80],"card_choices":[{"not_picked":["Corruption","Clothesline"],"picked":"Disarm","floor":1.0},{"not_picked":["Spot Weakness","Iron Wave"],"picked":"Flame Barrier","floor":3.0},{"not_picked":["Body Slam","Havoc"],"picked":"Whirlwind","floor":4.0},{"not_picked":["Anger","Heavy Blade","Body Slam"],"picked":"SKIP","floor":11.0},{"not_picked":["Havoc","Shockwave"],"picked":"Limit Break","floor":12.0},{"not_picked":["Twin Strike","Body Slam"],"picked":"Headbutt","floor":14.0},{"not_picked":["Berserk","Brutality"],"picked":"Barricade","floor":16.0},{"not_picked":["Pommel Strike","Body Slam"],"picked":"Entrench","floor":18.0},{"not_picked":["Sentinel","Heavy Blade"],"picked":"Evolve","floor":20.0},{"not_picked":["Sword Boomerang","Bloodletting"],"picked":"Disarm","floor":21.0},{"not_picked":["Pommel Strike","Wild Strike"],"picked":"Body Slam","floor":22.0},{"not_picked":["Armaments","Headbutt","Thunderclap"],"picked":"SKIP","floor":29.0},{"not_picked":["Berserk","Pommel Strike","Warcry"],"picked":"SKIP","floor":31.0},{"not_picked":["Exhume","Bludgeon"],"picked":"Juggernaut","floor":33.0},{"not_picked":["Battle Trance","Twin Strike","Seeing Red"],"picked":"SKIP","floor":35},{"not_picked":["Entrench","Pummel"],"picked":"Burning Pact","floor":37},{"not_picked":["Flex","Perfected Strike"],"picked":"Flame Barrier+1","floor":38},{"not_picked":["Second Wind","Sentinel+1"],"picked":"Shrug It Off","floor":40},{"not_picked":["Armaments+1","Sever Soul","Dropkick"],"picked":"SKIP","floor":46},{"not_picked":["Fire Breathing","Blood for Blood"],"picked":"Entrench","floor":47}],"player_experience":875439,"relics_obtained":[{"floor":9.0,"key":"The Courier"},{"floor":12.0,"key":"Blood Vial"},{"floor":14.0,"key":"Bag of Marbles"},{"floor":26.0,"key":"Orichalcum"},{"floor":40,"key":"Matryoshka"},{"floor":43,"key":"Happy Flower"},{"floor":43,"key":"Nunchaku"},{"floor":44,"key":"Shovel"}],"event_choices":[{"event_name":"Scrap Ooze","player_choice":"success","floor":2.0,"damage_taken":45.0},{"event_name":"Big Fish","player_choice":"Banana","floor":7.0,"damage_taken":0.0},{"event_name":"Dead Adventurer","player_choice":"Searched \u00271\u0027 times","floor":12.0,"damage_taken":0.0},{"event_name":"The Joust","player_choice":"Bet on Murderer","floor":24.0,"damage_taken":0.0},{"event_name":"Forgotten Altar","player_choice":"Shed Blood","floor":25.0,"damage_taken":0.0},{"event_name":"Falling","player_choice":"Removed Attack","floor":36,"damage_taken":0},{"event_name":"Mysterious Sphere","player_choice":"Fight","floor":44,"damage_taken":0}],"is_beta":true,"boss_relics":[{"not_picked":["Lizard Tail","Tiny House"],"picked":"Pandora\u0027s Box"},{"not_picked":["Runic Pyramid","Orrery"],"picked":"Mark of Pain"}],"items_purged_floors":[5,28,39,42],"is_endless":false,"potions_floor_spawned":[1,12,12,16,21,29,31,38,40,44],"killed_by":"Transient","ascension_level":19}