{"gold_per_floor":[17,17,17,17,32,32,71,71,71,71,71,97,97,113,113,242,242,255,270,37,53,53,53,91,91,91,53,96,110,126,126,126,247,247,262,162,178,192,207,207,238,43,43,82,82,19,35,73,73,73,73,73,22,62,62],"floor_reached":55,"playtime":2285,"items_purged":["Strike_B","Strike_B"],"score":804,"play_id":"d588206c-8058-410b-afb5-c92e0289b818","local_time":"20190202121350","is_ascension_mode":true,"campfire_choices":[{"data":"Dualcast","floor":6,"key":"SMITH"},{"data":"Static Discharge","floor":8,"key":"SMITH"},{"floor":11,"key":"REST"},{"floor":13,"key":"REST"},{"data":"Ball Lightning","floor":15,"key":"SMITH"},{"data":"Defragment","floor":23,"key":"SMITH"},{"floor":25,"key":"REST"},{"floor":32,"key":"RECALL"},{"data":"Defragment","floor":40,"key":"SMITH"},{"floor":45,"key":"REST"},{"floor":49,"key":"REST"},{"data":"Echo Form","floor":52,"key":"SMITH"}],"neow_cost":"NO_GOLD","seed_source_timestamp":382562946248040,"circlet_count":0,"master_deck":["Strike_B+1","Defend_B","Defend_B","Defend_B","Defend_B","Zap+1","Dualcast+1","Thunder Strike+1","Static Discharge+1","Ball Lightning+1","Electrodynamics","Capacitor+1","Defragment+1","Bandage Up","Defragment+1","Cold Snap","Echo Form+1","Conserve Battery+1","Consume+1","Defragment+1","Seek","White Noise+1","Coolheaded+1","Undo","Ball Lightning"],"relics":["FrozenCore","Golden Idol","Blood Vial","Symbiotic Virus","Oddly Smooth Stone","Anchor","Letter Opener","Sozu","Darkstone Periapt","DollysMirror","Dream Catcher","PreservedInsect","Meat on the Bone","Mercury Hourglass","Mummified Hand"],"potions_floor_usage":[7,24,55,55],"damage_taken":[{"damage":0,"enemies":"2 Louse","floor":1,"turns":2},{"damage":6,"enemies":"Jaw Worm","floor":5,"turns":2},{"damage":21,"enemies":"Lagavulin","floor":7,"turns":5},{"damage":0,"enemies":"Small Slimes","floor":14,"turns":2},{"damage":22,"enemies":"The Guardian","floor":16,"turns":6},{"damage":7,"enemies":"3 Byrds","floor":18,"turns":2},{"damage":14,"enemies":"Shell Parasite","floor":19,"turns":4},{"damage":10,"enemies":"Snake Plant","floor":21,"turns":4},{"damage":26,"enemies":"Gremlin Leader","floor":24,"turns":5},{"damage":5,"enemies":"Book of Stabbing","floor":28,"turns":6},{"damage":2,"enemies":"3 Cultists","floor":29,"turns":4},{"damage":20,"enemies":"Centurion and Healer","floor":30,"turns":4},{"damage":8,"enemies":"Champ","floor":33,"turns":9},{"damage":24,"enemies":"Orb Walker","floor":35,"turns":3},{"damage":12,"enemies":"3 Darklings","floor":37,"turns":4},{"damage":6,"enemies":"Sphere and 2 Shapes","floor":38,"turns":4},{"damage":14,"enemies":"Maw","floor":39,"turns":7},{"damage":34,"enemies":"Nemesis","floor":41,"turns":9},{"damage":1,"enemies":"Giant Head","floor":44,"turns":8},{"damage":19,"enemies":"Transient","floor":47,"turns":5},{"damage":0,"enemies":"Reptomancer","floor":48,"turns":5},{"damage":22,"enemies":"Awakened One","floor":50,"turns":10},{"damage":12,"enemies":"Shield and Spear","floor":54,"turns":2},{"damage":70,"enemies":"The Heart","floor":55,"turns":5}],"seed_played":"4705390118883563425","potions_obtained":[{"floor":1,"key":"Block Potion"},{"floor":5,"key":"Poison Potion"},{"floor":18,"key":"EssenceOfSteel"},{"floor":19,"key":"FocusPotion"},{"floor":28,"key":"Dexterity Potion"}],"is_trial":false,"path_per_floor":["M","?","$","?","M","R","E","R","T","?","R","T","R","M","R","B",null,"M","M","$","M","?","R","E","R","T","$","E","M","M","?","R","B",null,"M","$","M","M","M","R","E","$","T","E","R","?","M","E","R","B",null,"R","$","E","B"],"character_chosen":"DEFECT","items_purchased":["Defragment","Bandage Up","Defragment","DollysMirror","Ball Lightning"],"campfire_rested":5,"item_purchase_floors":[20,20,27,42,53],"current_hp_per_floor":[75,60,60,42,36,36,15,15,15,15,37,37,59,61,61,41,75,68,56,56,52,52,52,32,54,54,54,55,59,45,45,45,43,75,59,59,53,57,49,49,21,21,21,26,48,48,47,53,75,61,75,75,75,63,0],"gold":62,"neow_bonus":"THREE_RARE_CARDS","is_prod":false,"is_daily":false,"chose_seed":false,"campfire_upgraded":6,"win_rate":0,"timestamp":1549070030,"path_taken":["M","?","$","?","M","R","E","R","T","?","R","?","R","M","R","BOSS","M","M","$","?","?","R","E","R","T","$","E","?","M","?","R","BOSS","M","$","M","M","M","R","E","?","T","E","R","?","M","E","R","BOSS","R","$","E","BOSS"],"build_version":"2019-01-23","purchased_purges":2,"victory":false,"max_hp_per_floor":[75,75,75,75,75,75,75,75,75,75,75,75,75,75,75,75,75,75,75,75,75,75,75,75,75,75,75,75,75,75,75,75,75,75,75,75,75,75,75,75,75,75,75,75,75,75,75,75,75,75,75,75,75,75,75],"card_choices":[{"not_picked":["Creative AI","Amplify"],"picked":"Thunder Strike","floor":0},{"not_picked":["Hello World","Gash","Stack"],"picked":"SKIP","floor":1},{"not_picked":["Barrage","Stack","Sunder"],"picked":"SKIP","floor":5},{"not_picked":["Steam","White Noise"],"picked":"Static Discharge","floor":7},{"not_picked":["Cold Snap","Go for the Eyes"],"picked":"Ball Lightning","floor":14},{"not_picked":["Fission","Hyperbeam"],"picked":"Electrodynamics","floor":16},{"not_picked":["Steam","Stack","Coolheaded+1"],"picked":"SKIP","floor":18},{"not_picked":["Hologram","Compile Driver+1"],"picked":"Capacitor+1","floor":19},{"not_picked":["Hello World+1","Doom and Gloom","BootSequence"],"picked":"SKIP","floor":21},{"not_picked":["Leap+1","Undo","Hologram"],"picked":"SKIP","floor":24},{"not_picked":["Undo","Sweeping Beam","Fission"],"picked":"SKIP","floor":28},{"not_picked":["Conserve Battery","Rebound+1","Gash"],"picked":"SKIP","floor":29},{"not_picked":["Rip and Tear","Sunder","Sweeping Beam"],"picked":"SKIP","floor":30},{"not_picked":["Core Surge","Machine Learning"],"picked":"Echo Form","floor":33},{"not_picked":["Stack+1","BootSequence","Compile Driver"],"picked":"SKIP","floor":35},{"not_picked":["Redo+1","Rebound+1"],"picked":"Conserve Battery+1","floor":37},{"not_picked":["Lockon","Coolheaded","Stack+1"],"picked":"SKIP","floor":38},{"not_picked":["Go for the Eyes","Conserve Battery","Fusion"],"picked":"SKIP","floor":39},{"not_picked":["Force Field","Compile Driver"],"picked":"Consume+1","floor":41},{"not_picked":["Recycle","Rebound"],"picked":"Seek","floor":44},{"not_picked":["Hologram","Leap+1"],"picked":"White Noise+1","floor":45},{"not_picked":["Static Discharge","Sunder+1"],"picked":"Coolheaded+1","floor":47},{"not_picked":["Go for the Eyes","FTL","Sunder+1"],"picked":"SKIP","floor":48},{"not_picked":["Rebound+1","Turbo+1"],"picked":"Undo","floor":49},{"not_picked":["Consume+1","Ball Lightning","Skim"],"picked":"SKIP","floor":54}],"player_experience":1202557,"relics_obtained":[{"floor":7,"key":"Blood Vial"},{"floor":9,"key":"Symbiotic Virus"},{"floor":12,"key":"Oddly Smooth Stone"},{"floor":24,"key":"Anchor"},{"floor":28,"key":"Letter Opener"},{"floor":41,"key":"Darkstone Periapt"},{"floor":43,"key":"Dream Catcher"},{"floor":44,"key":"PreservedInsect"},{"floor":48,"key":"Mercury Hourglass"},{"floor":54,"key":"Mummified Hand"}],"event_choices":[{"damage_healed":0,"gold_gain":0,"player_choice":"Entered Light","damage_taken":15,"max_hp_gain":0,"max_hp_loss":0,"event_name":"Shining Light","floor":2,"gold_loss":0,"cards_upgraded":["Strike_B","Zap"]},{"damage_healed":0,"gold_gain":0,"player_choice":"Take Damage","damage_taken":18,"relics_obtained":["Golden Idol"],"max_hp_gain":0,"max_hp_loss":0,"event_name":"Golden Idol","floor":4,"gold_loss":0},{"damage_healed":0,"gold_gain":0,"player_choice":"Grow","damage_taken":0,"max_hp_gain":0,"max_hp_loss":0,"event_name":"Living Wall","floor":10,"gold_loss":0,"cards_upgraded":["Thunder Strike"]},{"damage_healed":0,"gold_gain":0,"player_choice":"Bought 0 Potions","damage_taken":0,"max_hp_gain":0,"max_hp_loss":0,"event_name":"The Woman in Blue","floor":22,"gold_loss":0},{"damage_healed":0,"gold_gain":0,"cards_transformed":["Strike_B"],"player_choice":"Transformed","damage_taken":0,"max_hp_gain":0,"max_hp_loss":0,"event_name":"Transmorgrifier","floor":31,"gold_loss":0,"cards_obtained":["Cold Snap"]},{"damage_healed":0,"gold_gain":0,"player_choice":"Paid Gold","damage_taken":0,"relics_obtained":["Meat on the Bone"],"max_hp_gain":0,"max_hp_loss":0,"event_name":"WeMeetAgain","floor":46,"gold_loss":63}],"is_beta":true,"boss_relics":[{"not_picked":["Orrery","Runic Pyramid"],"picked":"FrozenCore"},{"not_picked":["Tiny House","Inserter"],"picked":"Sozu"}],"items_purged_floors":[20,36],"is_endless":false,"potions_floor_spawned":[1,5,18,19,28,30,33,37,41,48],"killed_by":"The Heart","ascension_level":1}