{"gold_per_floor":[115,132,19,19,33,66,66,86,112,122,122,47,57,71,71,173,173],"floor_reached":17,"playtime":1024,"items_purged":["Limit Break+1"],"score":159,"play_id":"378c70f5-84a0-4046-8cd3-1f9cd0d1fba9","local_time":"20180922182542","is_ascension_mode":false,"campfire_choices":[{"data":"Exhume","floor":7,"key":"SMITH"},{"data":"Metallicize","floor":11,"key":"SMITH"},{"data":"Flame Barrier","floor":15,"key":"SMITH"}],"neow_cost":"NONE","seed_source_timestamp":451733204877014,"circlet_count":0,"master_deck":["Strike_R","Strike_R","Strike_R","Strike_R","Strike_R","Defend_R","Defend_R","Defend_R","Defend_R","Bash","Shrug It Off","Exhume+1","Iron Wave","Pommel Strike","Fire Breathing","Disarm","Metallicize+1","Battle Trance","Flame Barrier+1","Demon Form"],"relics":["Burning Blood","Centennial Puzzle","Lantern","Lizard Tail"],"potions_floor_usage":[6,6],"damage_taken":[{"damage":9,"enemies":"Small Slimes","floor":1,"turns":5},{"damage":4,"enemies":"Cultist","floor":2,"turns":4},{"damage":6,"enemies":"2 Louse","floor":5,"turns":3},{"damage":26,"enemies":"Gremlin Nob","floor":6,"turns":5},{"damage":7,"enemies":"Large Slime","floor":8,"turns":8},{"damage":10,"enemies":"2 Fungi Beasts","floor":10,"turns":4},{"damage":2,"enemies":"Blue Slaver","floor":13,"turns":4},{"damage":0,"enemies":"Exordium Wildlife","floor":14,"turns":4},{"damage":46,"enemies":"The Guardian","floor":16,"turns":14}],"seed_played":"2700186477695486388","potions_obtained":[{"floor":0,"key":"Fire Potion"},{"floor":0,"key":"Ancient Potion"},{"floor":0,"key":"Ancient Potion"},{"floor":5,"key":"EssenceOfSteel"},{"floor":6,"key":"Explosive Potion"},{"floor":16,"key":"SneckoOil"}],"is_trial":false,"path_per_floor":["M","M","$","?","M","E","R","M","T","M","R","$","M","M","R","B"],"character_chosen":"IRONCLAD","items_purchased":["Limit Break","Iron Wave"],"campfire_rested":0,"item_purchase_floors":[3,3],"current_hp_per_floor":[77,79,79,79,79,59,59,58,58,54,54,54,58,64,64,24,80],"gold":173,"neow_bonus":"THREE_SMALL_POTIONS","is_prod":false,"is_daily":false,"chose_seed":false,"campfire_upgraded":3,"win_rate":0.0,"timestamp":1537658742,"path_taken":["M","M","$","?","M","E","R","M","T","?","R","$","M","M","R","BOSS"],"build_version":"2018-09-20","purchased_purges":1,"victory":false,"max_hp_per_floor":[80,80,80,80,80,80,80,80,80,80,80,80,80,80,80,80,80],"card_choices":[{"not_picked":["Dropkick","Warcry"],"picked":"Shrug It Off","floor":1},{"not_picked":["Warcry","Clothesline"],"picked":"Exhume","floor":2},{"not_picked":["Thunderclap","Clothesline"],"picked":"Pommel Strike","floor":5},{"not_picked":["Clothesline","Evolve"],"picked":"Fire Breathing","floor":6},{"not_picked":["Fire Breathing","Shockwave"],"picked":"Disarm","floor":8},{"not_picked":["Flame Barrier","Twin Strike"],"picked":"Metallicize","floor":10},{"not_picked":["Pommel Strike","Thunderclap"],"picked":"Battle Trance","floor":13},{"not_picked":["Anger","Second Wind"],"picked":"Flame Barrier","floor":14},{"not_picked":["Berserk","Immolate"],"picked":"Demon Form","floor":16}],"player_experience":72023,"relics_obtained":[{"floor":6,"key":"Centennial Puzzle"},{"floor":9,"key":"Lantern"}],"event_choices":[{"event_name":"Upgrade Shrine","player_choice":"Upgraded","floor":4,"damage_taken":0}],"is_beta":false,"boss_relics":[{"not_picked":["Fusion Hammer","Calling Bell"],"picked":"Lizard Tail"}],"items_purged_floors":[12],"is_endless":false,"potions_floor_spawned":[5,6,16],"ascension_level":0}