{"gold_per_floor":[109,119,119,137,137,137,151,151,151,165,175,83,83],"floor_reached":13,"playtime":667,"items_purged":["Strike_R"],"score":127,"play_id":"bac8fa22-2192-47ff-920f-3ddbf247a11c","local_time":"20181005140903","is_ascension_mode":true,"campfire_choices":[{"data":"True Grit","floor":6,"key":"SMITH"},{"data":"Warcry","floor":8,"key":"SMITH"}],"neow_cost":"NONE","seed_source_timestamp":1837822035879130,"circlet_count":0,"master_deck":["Strike_R","Strike_R","Strike_R","Defend_R","Defend_R","Defend_R","Defend_R","Bash","AscendersBane","Warcry+1","Iron Wave","Feel No Pain","True Grit+1","Disarm","Sever Soul","Uppercut"],"relics":["Burning Blood","Potion Belt","The Courier"],"potions_floor_usage":[13],"damage_taken":[{"damage":1,"enemies":"Small Slimes","floor":1,"turns":4},{"damage":2,"enemies":"2 Louse","floor":2,"turns":3},{"damage":7,"enemies":"Cultist","floor":4,"turns":4},{"damage":43,"enemies":"Exordium Thugs","floor":7,"turns":8},{"damage":10,"enemies":"Red Slaver","floor":10,"turns":8},{"damage":12,"enemies":"Blue Slaver","floor":11,"turns":5},{"damage":47,"enemies":"Gremlin Nob","floor":13,"turns":5}],"seed_played":"2984897434690413646","potions_obtained":[{"floor":2,"key":"BloodPotion"},{"floor":11,"key":"SteroidPotion"}],"is_trial":false,"path_per_floor":["M","M","?","M","T","R","M","R","T","M","M","$"],"character_chosen":"IRONCLAD","items_purchased":["Uppercut"],"campfire_rested":0,"item_purchase_floors":[12],"current_hp_per_floor":[77,80,85,84,84,84,47,47,47,43,37,37,0],"gold":83,"neow_bonus":"TRANSFORM_CARD","is_prod":false,"is_daily":false,"chose_seed":false,"campfire_upgraded":2,"win_rate":0,"timestamp":1538773743,"path_taken":["M","M","?","?","?","R","?","R","T","?","M","?","E"],"build_version":"2018-10-04","purchased_purges":1,"victory":false,"max_hp_per_floor":[80,80,85,85,85,85,85,85,85,85,85,85,85],"card_choices":[{"not_picked":["Warcry","Havoc"],"picked":"Iron Wave","floor":1},{"not_picked":["Twin Strike","Anger"],"picked":"Feel No Pain","floor":2},{"not_picked":["Clash","Whirlwind"],"picked":"True Grit","floor":4},{"not_picked":["Twin Strike","Dual Wield","Thunderclap"],"picked":"SKIP","floor":7},{"not_picked":["Iron Wave","Body Slam"],"picked":"Disarm","floor":10},{"not_picked":["Anger","Brutality"],"picked":"Sever Soul","floor":11}],"player_experience":1130148,"relics_obtained":[{"floor":5,"key":"Potion Belt"},{"floor":9,"key":"The Courier"}],"event_choices":[{"event_name":"Big Fish","player_choice":"Donut","floor":3,"damage_taken":0}],"is_beta":false,"boss_relics":[],"items_purged_floors":[12],"is_endless":false,"potions_floor_spawned":[2,11],"killed_by":"Gremlin Nob","ascension_level":13}