{"gold_per_floor":[119,119,119,133,149,183,195,207,245,291,303,315,358,427,439,556,568,590,517,529,231,231,231,265,265,265,290,309,329,329,345,345,345],"floor_reached":33,"playtime":1233,"items_purged":["Strike_B"],"score":351,"play_id":"d31d3da1-fa2d-496c-9bb6-c120eadf1b55","local_time":"20190111172243","is_ascension_mode":true,"campfire_choices":[{"data":"Machine Learning","floor":7,"key":"SMITH"},{"data":"Loop","floor":8,"key":"SMITH"},{"data":"Defragment","floor":12,"key":"SMITH"},{"data":"Go for the Eyes","floor":15,"key":"SMITH"},{"data":"Storm","floor":23,"key":"SMITH"},{"data":"Machine Learning","floor":25,"key":"SMITH"},{"floor":30,"key":"REST"},{"data":"Defragment","floor":32,"key":"SMITH"}],"neow_cost":"NONE","seed_source_timestamp":206369434100894,"circlet_count":0,"master_deck":["Strike_B","Strike_B","Defend_B","Defend_B+1","Defend_B","Defend_B+1","Zap+1","Dualcast","Go for the Eyes+1","Gash","Loop+1","Machine Learning+1","Defragment+1","Steam","Machine Learning+1","Storm+1","Panache","Trip","Go for the Eyes+1","Auto Shields","Self Repair","Conserve Battery","Defragment+1","Gash"],"relics":["Cracked Core","NeowsBlessing","WingedGreaves","MawBank","Boot","Happy Flower","War Paint","Tiny Chest","Inserter","Smiling Mask","Dream Catcher","Matryoshka","Incense Burner"],"potions_floor_usage":[14,14,24,33],"damage_taken":[{"damage":0,"enemies":"Jaw Worm","floor":1,"turns":1},{"damage":0,"enemies":"Cultist","floor":4,"turns":1},{"damage":0,"enemies":"2 Louse","floor":5,"turns":1},{"damage":11,"enemies":"Lagavulin","floor":6,"turns":6},{"damage":20,"enemies":"3 Sentries","floor":10,"turns":6},{"damage":6,"enemies":"Gremlin Nob","floor":13,"turns":3},{"damage":0,"enemies":"3 Sentries","floor":14,"turns":6},{"damage":7,"enemies":"Hexaghost","floor":16,"turns":9},{"damage":2,"enemies":"Chosen","floor":18,"turns":4},{"damage":16,"enemies":"Book of Stabbing","floor":24,"turns":4},{"damage":33,"enemies":"Gremlin Leader","floor":27,"turns":4},{"damage":4,"enemies":"Shell Parasite","floor":28,"turns":3},{"damage":15,"enemies":"Snake Plant","floor":29,"turns":3},{"damage":10,"enemies":"3 Cultists","floor":31,"turns":4},{"damage":52,"enemies":"Automaton","floor":33,"turns":6}],"seed_played":"700178019616160463","potions_obtained":[{"floor":10,"key":"Dexterity Potion"},{"floor":13,"key":"AttackPotion"},{"floor":16,"key":"SkillPotion"},{"floor":31,"key":"Ancient Potion"}],"is_trial":false,"path_per_floor":["M","?","T","M","M","E","R","R","T","E","$","R","E","E","R","B",null,"M","?","?","$","?","R","E","R","T","E","M","M","R","M","R","B"],"character_chosen":"DEFECT","items_purchased":["Panache","Trip"],"campfire_rested":1,"item_purchase_floors":[21,21],"current_hp_per_floor":[75,75,75,75,75,64,64,64,64,44,44,44,38,38,38,31,75,73,73,73,73,73,73,57,57,57,24,20,5,27,24,24,0],"gold":345,"neow_bonus":"THREE_ENEMY_KILL","is_prod":false,"is_daily":false,"chose_seed":false,"campfire_upgraded":7,"win_rate":0,"timestamp":1547187763,"path_taken":["M","?","?","M","?","E","R","R","T","E","?","R","E","E","R","BOSS","M","?","?","$","?","R","E","R","T","E","?","M","R","M","R","BOSS"],"build_version":"2018-11-15","purchased_purges":1,"victory":false,"max_hp_per_floor":[75,75,75,75,75,75,75,75,75,75,75,75,75,75,75,75,75,75,75,75,75,75,75,75,75,75,75,75,75,75,75,75,75],"card_choices":[{"not_picked":["Compile Driver","Beam Cell"],"picked":"Go for the Eyes","floor":1},{"not_picked":["Leap","Biased Cognition"],"picked":"Gash","floor":4},{"not_picked":["Lockon","Static Discharge"],"picked":"Loop","floor":5},{"not_picked":["Melter","Streamline"],"picked":"Machine Learning","floor":6},{"not_picked":["Beam Cell","Coolheaded"],"picked":"Defragment","floor":10},{"not_picked":["Stack","Turbo"],"picked":"Steam","floor":13},{"not_picked":["Rip and Tear","Steam","Hologram"],"picked":"SKIP","floor":14},{"not_picked":["Creative AI","Seek"],"picked":"Machine Learning","floor":16},{"not_picked":["Barrage+1","Beam Cell"],"picked":"Storm","floor":18},{"not_picked":["Redo","Beam Cell"],"picked":"Go for the Eyes+1","floor":24},{"not_picked":["Skim+1","Ball Lightning"],"picked":"Auto Shields","floor":27},{"not_picked":["Redo","Cold Snap"],"picked":"Self Repair","floor":28},{"not_picked":["Chill","Barrage"],"picked":"Conserve Battery","floor":29},{"not_picked":["Go for the Eyes","Core Surge"],"picked":"Defragment","floor":30},{"not_picked":["Stack","Conserve Battery"],"picked":"Gash","floor":31}],"player_experience":1079399,"relics_obtained":[{"floor":3,"key":"WingedGreaves"},{"floor":6,"key":"MawBank"},{"floor":9,"key":"Boot"},{"floor":10,"key":"Happy Flower"},{"floor":13,"key":"War Paint"},{"floor":14,"key":"Tiny Chest"},{"floor":24,"key":"Dream Catcher"},{"floor":26,"key":"Matryoshka"},{"floor":27,"key":"Incense Burner"}],"event_choices":[{"damage_healed":0,"gold_gain":0,"player_choice":"Grow","damage_taken":0,"max_hp_gain":0,"max_hp_loss":0,"event_name":"Living Wall","floor":2,"gold_loss":0,"cards_upgraded":["Zap"]},{"damage_healed":0,"gold_gain":0,"player_choice":"Obtained Relic","damage_taken":0,"relics_obtained":["Smiling Mask"],"max_hp_gain":0,"max_hp_loss":0,"event_name":"Addict","floor":19,"gold_loss":85},{"cards_removed":["Strike_B"],"damage_healed":0,"gold_gain":0,"player_choice":"Elegance","damage_taken":0,"max_hp_gain":0,"max_hp_loss":0,"event_name":"Back to Basics","floor":20,"gold_loss":0},{"damage_healed":0,"gold_gain":0,"player_choice":"Ignored","damage_taken":0,"max_hp_gain":0,"max_hp_loss":0,"event_name":"Vampires","floor":22,"gold_loss":0}],"is_beta":true,"boss_relics":[{"not_picked":["Velvet Choker","Astrolabe"],"picked":"Inserter"}],"items_purged_floors":[21],"is_endless":false,"potions_floor_spawned":[10,13,16,31],"killed_by":"Automaton","ascension_level":1}