{"path_per_floor":["M","$","?","M","?","M","R","T","T","E","M","R","?","M","R","B",null,"M","M","?","M","$","E","M","R","T","$","E","?","M","M","R","B",null,"M","M","?","?","$","R","E","?","T","M","E","M","M","M","R","B"],"character_chosen":"DEFECT","items_purchased":["Swift Strike","Shuriken","Mind Blast","Madness","Ornamental Fan"],"gold_per_floor":[112,112,112,131,206,224,224,224,224,256,272,272,272,286,286,390,390,403,421,421,439,102,127,143,143,143,53,380,295,314,329,329,424,424,439,457,457,457,117,117,143,143,143,157,182,193,211,222,222,222],"floor_reached":51,"campfire_rested":0,"playtime":2475,"current_hp_per_floor":[74,74,62,62,51,51,51,51,51,34,31,31,49,49,49,27,75,68,54,52,50,50,30,36,36,36,36,42,42,28,36,36,26,52,47,52,45,35,35,35,47,47,47,52,52,52,52,52,52,38],"items_purged":[],"gold":222,"score":874,"play_id":"345789cd-d370-4aa0-98de-2cd09f181b14","local_time":"20180428140803","is_prod":false,"is_daily":false,"chose_seed":false,"is_ascension_mode":false,"campfire_upgraded":7,"timestamp":1524942483,"path_taken":["M","$","?","M","?","M","R","?","T","E","?","R","?","M","R","BOSS","M","?","?","M","$","E","M","R","T","$","E","?","M","?","R","BOSS","M","M","?","?","$","R","E","?","T","?","E","M","M","?","R","BOSS"],"build_version":"2018-04-27v3","seed_source_timestamp":311737102790180,"purchased_purges":1,"victory":true,"master_deck":["Defend_B","Defend_B","Defend_B","Zap+1","Dualcast+1","Thunder Strike+1","Leap+1","Streamline","Beam Cell+1","Leap","FTL+1","Ball Lightning","All For One","Go for the Eyes","Beam Cell+1","Bite","Bite","Bite","Bite","Bite","Axe Kick","Swift Strike","Impulse","Leap","Mind Blast+1","Capacitor+1","Buffer+1","Capacitor","Amplify","Aggregate","Defragment+1","Madness","Madness","Swift Strike","Apotheosis+1","Swift Strike","Madness","Coolheaded+1","Impulse+1","Force Field+1","Tempest+1","Loop+1","Aggregate+1","Go for the Eyes+1"],"max_hp_per_floor":[75,75,75,75,75,75,75,75,75,75,75,75,75,75,75,75,75,75,75,52,52,52,52,52,52,52,52,52,52,52,52,52,52,52,52,52,52,52,52,52,52,52,52,52,52,52,52,52,52,52],"relics":["Cracked Core","Omamori","Anchor","Bronze Scales","Gremlin Horn","Lizard Tail","Shuriken","Unceasing Top","War Paint","Old Coin","Ancient Tea Set","Nuclear Battery","Ornamental Fan","Bottled Tornado","Toxic Egg 2","Blood Vial"],"card_choices":[{"not_picked":["Hologram","Axe Kick"],"picked":"Leap","floor":1},{"not_picked":["Chill","Loop"],"picked":"Streamline","floor":4},{"not_picked":["Heatsinks","Rip and Tear"],"picked":"Beam Cell","floor":6},{"not_picked":["Gash","Coolheaded"],"picked":"Leap","floor":10},{"not_picked":["Beam Cell","Chaos"],"picked":"FTL","floor":11},{"not_picked":["Skim","Streamline"],"picked":"Ball Lightning","floor":14},{"not_picked":["Prime","Redo"],"picked":"All For One","floor":16},{"not_picked":["Heatsinks","Axe Kick"],"picked":"Go for the Eyes","floor":18},{"not_picked":["Axe Kick","Stack"],"picked":"Beam Cell","floor":19},{"not_picked":["Ball Lightning","Scrape"],"picked":"Axe Kick","floor":21},{"not_picked":["Doom and Gloom","Skim"],"picked":"Impulse","floor":23},{"not_picked":["Loop","Skim"],"picked":"Leap","floor":24},{"not_picked":["Streamline","Steam Power"],"picked":"Capacitor","floor":28},{"not_picked":["Redo","Doom and Gloom"],"picked":"Buffer","floor":30},{"not_picked":["Skim","Hologram"],"picked":"Capacitor","floor":31},{"not_picked":["Multi-Cast","Machine Learning"],"picked":"Amplify","floor":33},{"not_picked":["Doom and Gloom","Loop"],"picked":"Aggregate","floor":35},{"not_picked":["Leap","Hello World"],"picked":"Defragment","floor":36},{"not_picked":["Trip","Deep Breath"],"picked":"Swift Strike","floor":38},{"not_picked":["Bandage Up","Swift Strike"],"picked":"Apotheosis","floor":38},{"not_picked":["Secret Weapon","Deep Breath"],"picked":"Swift Strike","floor":38},{"not_picked":["Stack","Sweeping Beam"],"picked":"Coolheaded","floor":41},{"not_picked":["Heatsinks","Hologram"],"picked":"Force Field","floor":44},{"not_picked":["Self Repair","Coolheaded"],"picked":"Tempest","floor":45},{"not_picked":["Cold Snap","Reinforced Body"],"picked":"Loop","floor":46},{"not_picked":["Sweeping Beam","Coolheaded"],"picked":"Aggregate","floor":47},{"not_picked":["Beam Cell","Skim"],"picked":"Go for the Eyes","floor":48}],"player_experience":193823,"potions_floor_usage":[28,45,47],"damage_taken":[{"damage":1,"enemies":"Cultist","floor":1,"turns":3},{"damage":0,"enemies":"Jaw Worm","floor":4,"turns":5},{"damage":0,"enemies":"2 Louse","floor":6,"turns":2},{"damage":17,"enemies":"Lagavulin","floor":10,"turns":5},{"damage":3,"enemies":"Blue Slaver","floor":11,"turns":3},{"damage":0,"enemies":"Exordium Wildlife","floor":14,"turns":3},{"damage":22,"enemies":"Hexaghost","floor":16,"turns":7},{"damage":7,"enemies":"2 Thieves","floor":18,"turns":4},{"damage":14,"enemies":"Spheric Guardian","floor":19,"turns":4},{"damage":6,"enemies":"Centurion and Healer","floor":21,"turns":5},{"damage":22,"enemies":"Gremlin Leader","floor":23,"turns":3},{"damage":0,"enemies":"Chosen and Byrds","floor":24,"turns":4},{"damage":2,"enemies":"Slavers","floor":28,"turns":3},{"damage":22,"enemies":"Snecko","floor":30,"turns":4},{"damage":0,"enemies":"Centurion and Healer","floor":31,"turns":3},{"damage":52,"enemies":"Champ","floor":33,"turns":7},{"damage":5,"enemies":"3 Shapes","floor":35,"turns":2},{"damage":1,"enemies":"3 Darklings","floor":36,"turns":4},{"damage":0,"enemies":"Nemesis","floor":41,"turns":5},{"damage":0,"enemies":"Maw","floor":44,"turns":5},{"damage":0,"enemies":"Giant Head","floor":45,"turns":3},{"damage":0,"enemies":"Spire Growth","floor":46,"turns":4},{"damage":0,"enemies":"Flame Bruiser 2 Orb","floor":47,"turns":3},{"damage":8,"enemies":"3 Darklings","floor":48,"turns":3},{"damage":16,"enemies":"Donu and Deca","floor":50,"turns":5}],"event_choices":[{"event_name":"Scrap Ooze","player_choice":"success","floor":3,"damage_taken":12},{"event_name":"World of Goop","player_choice":"Gather Gold","floor":5,"damage_taken":0},{"event_name":"Mushrooms","player_choice":"Healed and dodged fight","floor":13,"damage_taken":0},{"event_name":"Vampires","player_choice":"Became a vampire","floor":20,"damage_taken":0},{"event_name":"Addict","player_choice":"Obtained Relic","floor":29,"damage_taken":0},{"event_name":"Winding Halls","player_choice":"Embrace Madness","floor":37,"damage_taken":0},{"event_name":"SensoryStone","player_choice":"Memory 3","floor":38,"damage_taken":0},{"event_name":"Transmorgrifier","player_choice":"Transform","floor":42,"damage_taken":0}],"boss_relics":[{"not_picked":["Velvet Choker","Runic Pyramid"],"picked":"Lizard Tail"},{"not_picked":["Philosopher\u0027s Stone","Tiny House"],"picked":"Nuclear Battery"}],"potions_floor_spawned":[6,14,16,21,24,31,33,36,46,48],"seed_played":"-8976631351109064750","ascension_level":0,"is_trial":false}