{"path_per_floor":["M","M","M","M","M","E","R","M","T","R","E","T","?","E","R","B",null,"M","M","?","M","M","R","E","R","T","?","M","?","E","M","R"],"character_chosen":"THE_SILENT","items_purchased":[],"gold_per_floor":[109,125,140,153,163,191,191,205,205,205,232,232,293,320,320,419,419,437,450,365,377,393,393,426,426,426,426,437,437,471,491,491],"floor_reached":33,"campfire_rested":5,"playtime":4025,"current_hp_per_floor":[70,65,58,58,54,10,31,21,21,42,24,24,21,5,26,20,70,58,57,57,44,40,40,35,59,59,44,40,68,33,26,51],"items_purged":[],"gold":491,"score":334,"play_id":"1a2a515d-54ca-433b-92e4-69cd05b07092","is_prod":false,"is_daily":false,"is_ascension_mode":false,"campfire_upgraded":1,"path_taken":["M","?","M","M","M","E","R","M","T","R","E","?","?","E","R","BOSS","M","M","?","M","M","R","E","R","T","?","M","?","E","M","R","BOSS"],"build_version":"2018-02-15-PROD1","purchased_purges":0,"victory":false,"master_deck":["Defend_G","Defend_G","Defend_G","Defend_G","Defend_G","Strike_G","Strike_G","Strike_G","Strike_G","Strike_G","Survivor","Neutralize","Outmaneuver","Backflip","Deadly Poison","Poisoned Stab","Predator","Prepared","Crippling Poison","Adrenaline","Prepared","Deflect","Adrenaline","Deadly Poison","Slice","After Image+1","Heel Hook","Prepared","Deadly Poison","Flying Knee","Outmaneuver+1"],"max_hp_per_floor":[70,70,70,70,70,70,70,70,70,70,70,70,70,70,70,70,70,70,70,70,70,70,70,80,80,80,85,85,85,85,85,85],"relics":["Ring of the Snake","Ginger","Oddly Smooth Stone","Bottled Flame","Unceasing Top","Orichalcum","Paper Crane","Sozu","Happy Flower","Pear","Shovel","Mummified Hand"],"card_choices":[{"not_picked":["Expertise","Quick Slash"],"picked":"Outmaneuver"},{"not_picked":["Blur","Distraction"],"picked":"Backflip"},{"not_picked":["Sucker Punch","Outmaneuver"],"picked":"Deadly Poison"},{"not_picked":["Quick Slash","Flechettes"],"picked":"Poisoned Stab"},{"not_picked":["Acrobatics","Quick Slash"],"picked":"Predator"},{"not_picked":["Dodge and Roll","Slice"],"picked":"Prepared"},{"not_picked":["Caltrops","Sucker Punch"],"picked":"Crippling Poison"},{"not_picked":["Blade Dance","Dodge and Roll"],"picked":"Adrenaline"},{"not_picked":["Calculated Gamble","All Out Attack"],"picked":"Prepared"},{"not_picked":["PiercingWail","Malaise"],"picked":"Deflect"},{"not_picked":["Die Die Die","A Thousand Cuts"],"picked":"Adrenaline"},{"not_picked":["Flying Knee","Poisoned Stab"],"picked":"Deadly Poison"},{"not_picked":["Dash","Sucker Punch"],"picked":"Slice"},{"not_picked":["Quick Slash","Terror"],"picked":"After Image"},{"not_picked":["Eviscerate","Distraction"],"picked":"Heel Hook"},{"not_picked":["Backstab","Terror"],"picked":"Prepared"},{"not_picked":["Sucker Punch","Endless Agony"],"picked":"Deadly Poison"},{"not_picked":["Backflip","Dodge and Roll"],"picked":"Flying Knee"},{"not_picked":["Predator","Sucker Punch"],"picked":"Outmaneuver"}],"player_experience":21350,"potions_floor_usage":[],"damage_taken":[{"damage":0.0,"enemies":"Cultist","floor":1.0,"turns":4.0},{"damage":5.0,"enemies":"2 Louse","floor":2.0,"turns":3.0},{"damage":7.0,"enemies":"Small Slimes","floor":3.0,"turns":4.0},{"damage":0.0,"enemies":"2 Fungi Beasts","floor":4.0,"turns":4.0},{"damage":4.0,"enemies":"Exordium Wildlife","floor":5.0,"turns":6.0},{"damage":44.0,"enemies":"3 Sentries","floor":6.0,"turns":10.0},{"damage":10.0,"enemies":"Lots of Slimes","floor":8.0,"turns":4.0},{"damage":18.0,"enemies":"Gremlin Nob","floor":11.0,"turns":4.0},{"damage":3.0,"enemies":"3 Sentries","floor":13.0,"turns":7.0},{"damage":16.0,"enemies":"Lagavulin","floor":14.0,"turns":8.0},{"damage":6.0,"enemies":"Hexaghost","floor":16.0,"turns":11.0},{"damage":12,"enemies":"3 Byrds","floor":18,"turns":7},{"damage":1,"enemies":"Shell Parasite","floor":19,"turns":5},{"damage":13,"enemies":"3 Cultists","floor":21,"turns":7},{"damage":4,"enemies":"Centurion and Healer","floor":22,"turns":7},{"damage":15,"enemies":"Book of Stabbing","floor":24,"turns":6},{"damage":4,"enemies":"Cultist and Chosen","floor":28,"turns":7},{"damage":35,"enemies":"Slavers","floor":30,"turns":8},{"damage":7,"enemies":"Slaver and Parasite","floor":31,"turns":5},{"damage":60,"enemies":"Collector","floor":33,"turns":7}],"event_choices":[{"event_name":"Dead Adventurer","player_choice":"Searched \u00272\u0027 times","floor":13.0,"damage_taken":0.0},{"event_name":"Addict","player_choice":"Obtained Relic","floor":20,"damage_taken":0},{"event_name":"Forgotten Altar","player_choice":"Shed Blood","floor":27,"damage_taken":0},{"event_name":"The Library","player_choice":"Heal","floor":29,"damage_taken":0}],"boss_relics":[{"not_picked":["Snecko Eye","Question Card"],"picked":"Sozu"}],"potions_floor_spawned":[1,6,11,13,19,22,28,30],"seed_played":"-1054716688693574731","killed_by":"Collector","ascension_level":0,"is_trial":false}