{"gold_per_floor":[113,131,3,3,23,23,52,52,52,52,72,82,82,102,102,207,207,222,210,210],"floor_reached":20,"playtime":1606,"items_purged":["Strike_R"],"score":273,"play_id":"c4395af9-6189-4861-b05b-457356345780","local_time":"20180629132946","is_ascension_mode":true,"campfire_choices":[{"data":"True Grit","floor":6.0,"key":"SMITH"},{"data":"Pummel","floor":10.0,"key":"SMITH"},{"data":"Armaments","floor":13,"key":"SMITH"},{"data":"Clothesline","floor":15,"key":"SMITH"}],"neow_cost":"","seed_source_timestamp":1365812342979744,"circlet_count":0,"master_deck":["Strike_R","Strike_R","Strike_R","Strike_R","Defend_R","Defend_R","Defend_R","Defend_R","Bash","AscendersBane","Pommel Strike","Uppercut+1","True Grit+1","Shrug It Off+1","Pummel+1","Armaments+1","Clothesline+1","Feed","Disarm"],"special_seed":0,"relics":["Burning Blood","Pantograph","Darkstone Periapt","Question Card","Busted Crown"],"potions_floor_usage":[12,16],"damage_taken":[{"damage":1.0,"enemies":"Cultist","floor":1.0,"turns":4.0},{"damage":5.0,"enemies":"Small Slimes","floor":2.0,"turns":3.0},{"damage":9.0,"enemies":"2 Louse","floor":5.0,"turns":3.0},{"damage":28.0,"enemies":"Lagavulin","floor":7.0,"turns":8.0},{"damage":8,"enemies":"2 Fungi Beasts","floor":11,"turns":4},{"damage":10,"enemies":"Gremlin Gang","floor":12,"turns":7},{"damage":2,"enemies":"3 Louse","floor":14,"turns":6},{"damage":58,"enemies":"Hexaghost","floor":16,"turns":15},{"damage":25,"enemies":"Spheric Guardian","floor":18,"turns":6},{"damage":22,"enemies":"2 Thieves","floor":19,"turns":4},{"damage":29,"enemies":"Cultist and Chosen","floor":20,"turns":9}],"seed_played":"7269842700455970119","potions_obtained":[{"floor":5.0,"key":"Weak Potion"},{"floor":11,"key":"BloodPotion"},{"floor":12,"key":"PowerPotion"},{"floor":16,"key":"FearPotion"},{"floor":19,"key":"SteroidPotion"}],"is_trial":false,"path_per_floor":["M","M","$","T","M","R","E","?","T","R","M","M","R","M","R","B",null,"M","M"],"character_chosen":"IRONCLAD","items_purchased":["True Grit"],"campfire_rested":0,"item_purchase_floors":[],"current_hp_per_floor":[77,78,78,78,75,75,53,37,37,37,35,39,39,43,43,16,64,45,29,0],"gold":210,"neow_bonus":"","is_prod":false,"is_daily":false,"chose_seed":false,"campfire_upgraded":4,"win_rate":0,"timestamp":1530304186,"path_taken":["M","M","$","?","?","R","E","?","T","R","M","M","R","M","R","BOSS","M","?","M"],"build_version":"2018-06-28","purchased_purges":1,"victory":false,"max_hp_per_floor":[80,80,80,80,80,80,80,80,80,80,80,80,80,80,80,80,80,80,80,80],"card_choices":[{"not_picked":["Havoc","Bloodletting"],"picked":"Pommel Strike","floor":1.0},{"not_picked":["Armaments","Corruption"],"picked":"Uppercut","floor":2.0},{"not_picked":["Warcry","Body Slam"],"picked":"Shrug It Off","floor":5.0},{"not_picked":["Searing Blow","Rage"],"picked":"Pummel","floor":7.0},{"not_picked":["Warcry","Shrug It Off","Twin Strike"],"picked":"Armaments","floor":11},{"not_picked":["Fiend Fire","Thunderclap","Flame Barrier"],"picked":"Clothesline","floor":12},{"not_picked":["Dropkick","Havoc","Heavy Blade","Clash"],"picked":"SKIP","floor":14},{"not_picked":["Double Tap","Exhume","Juggernaut"],"picked":"Feed","floor":16},{"not_picked":["Heavy Blade","Clothesline"],"picked":"SKIP","floor":18},{"not_picked":["Evolve"],"picked":"Disarm","floor":19}],"player_experience":927854,"relics_obtained":[{"floor":4.0,"key":"Pantograph"},{"floor":7.0,"key":"Darkstone Periapt"},{"floor":9.0,"key":"Question Card"}],"event_choices":[{"event_name":"Shining Light","player_choice":"Entered Light","floor":8.0,"damage_taken":0.0}],"boss_relics":[{"not_picked":["Pandora\u0027s Box","White Beast Statue"],"picked":"Busted Crown"}],"items_purged_floors":[],"is_endless":false,"potions_floor_spawned":[5,11,12,16,19],"killed_by":"Cultist and Chosen","ascension_level":11}