{"gold_per_floor":[119,119,119,84,9,9,39,39,39,39,70,87,87,98,98,203,203,220,235,86,1,15,50,61,61,86,10,10,42,42,101,101,101],"floor_reached":33,"playtime":1879,"items_purged":["Strike_B"],"score":464,"play_id":"86ec7d3f-d43c-4996-b021-a6e371a75477","local_time":"20190119012533","is_ascension_mode":true,"campfire_choices":[{"data":"White Noise","floor":6,"key":"SMITH"},{"floor":8,"key":"REST"},{"floor":13,"key":"REST"},{"floor":15,"key":"REST"},{"data":"Rip and Tear","floor":25,"key":"SMITH"},{"floor":28,"key":"REST"},{"floor":32,"key":"REST"}],"neow_cost":"CURSE","seed_source_timestamp":93321239298307,"circlet_count":0,"master_deck":["AscendersBane","Strike_B","Defend_B","Defend_B","Defend_B","Defend_B","Zap","Dualcast","Conserve Battery","White Noise+1","FTL","Cold Snap","Leap","Cold Snap","Machine Learning","Go for the Eyes","Rip and Tear","Rip and Tear+1","Conserve Battery+1","Beam Cell+1","Go for the Eyes","Cold Snap","Compile Driver","Stack","Heatsinks","Electrodynamics"],"relics":["Cracked Core","Ice Cream","Mummified Hand","Dodecahedron","Bird Faced Urn","Black Star","Mercury Hourglass","Nunchaku","Gambling Chip","Juzu Bracelet","Happy Flower","Vajra","Peace Pipe","Tiny Chest"],"potions_floor_usage":[16,22,23,23,29,31,33],"damage_taken":[{"damage":9,"enemies":"Small Slimes","floor":1,"turns":4},{"damage":48,"enemies":"3 Sentries","floor":7,"turns":9},{"damage":25,"enemies":"Gremlin Nob","floor":11,"turns":4},{"damage":2,"enemies":"Jaw Worm","floor":12,"turns":2},{"damage":0,"enemies":"2 Louse","floor":14,"turns":3},{"damage":1,"enemies":"The Guardian","floor":16,"turns":12},{"damage":8,"enemies":"Chosen","floor":18,"turns":7},{"damage":11,"enemies":"2 Thieves","floor":19,"turns":3},{"damage":10,"enemies":"Snake Plant","floor":22,"turns":6},{"damage":25,"enemies":"Book of Stabbing","floor":23,"turns":6},{"damage":12,"enemies":"Cultist and Chosen","floor":24,"turns":5},{"damage":16,"enemies":"Gremlin Leader","floor":29,"turns":8},{"damage":32,"enemies":"Slavers","floor":31,"turns":4},{"damage":80,"enemies":"Champ","floor":33,"turns":11}],"seed_played":"-6874820661923418799","potions_obtained":[{"floor":7,"key":"LiquidBronze"},{"floor":11,"key":"Block Potion"},{"floor":14,"key":"Strength Potion"},{"floor":18,"key":"Regen Potion"},{"floor":23,"key":"FearPotion"},{"floor":31,"key":"Regen Potion"}],"is_trial":false,"path_per_floor":["M","?","?","?","$","R","E","R","T","T","E","M","R","M","R","B",null,"M","M","$","?","M","E","M","R","T","$","R","E","?","E","R","B"],"character_chosen":"DEFECT","items_purchased":["White Noise","Rip and Tear","Strength Potion","Cold Snap"],"campfire_rested":5,"item_purchase_floors":[5,20,27,27],"current_hp_per_floor":[59,52,52,70,70,70,22,44,44,44,19,19,41,43,65,66,73,69,62,62,62,56,47,45,45,45,45,67,55,55,27,49,0],"gold":101,"neow_bonus":"ONE_RARE_RELIC","is_prod":false,"is_daily":false,"chose_seed":false,"campfire_upgraded":2,"win_rate":0,"timestamp":1547879133,"path_taken":["M","?","?","?","?","R","E","R","T","?","E","M","R","?","R","BOSS","M","?","?","?","M","E","M","R","T","$","R","E","?","E","R","BOSS"],"build_version":"2019-01-17v2","purchased_purges":1,"victory":false,"max_hp_per_floor":[75,75,75,75,75,75,75,75,75,75,75,75,75,75,75,75,75,75,75,75,75,75,75,75,75,75,75,75,75,75,75,75,75],"card_choices":[{"not_picked":["Stack","Beam Cell"],"picked":"Conserve Battery","floor":1},{"not_picked":["Ball Lightning","Skim"],"picked":"FTL","floor":7},{"not_picked":["Conserve Battery","Fission"],"picked":"Cold Snap","floor":11},{"not_picked":["FTL","Rebound"],"picked":"Leap","floor":12},{"not_picked":["Conserve Battery","Sweeping Beam"],"picked":"Cold Snap","floor":14},{"not_picked":["Fission","All For One"],"picked":"Machine Learning","floor":16},{"not_picked":["Compile Driver","BootSequence"],"picked":"Go for the Eyes","floor":18},{"not_picked":["Consume","Turbo+1"],"picked":"Rip and Tear","floor":19},{"not_picked":["Reprogram","Skim+1"],"picked":"Conserve Battery+1","floor":22},{"not_picked":["Conserve Battery","Hologram"],"picked":"Beam Cell+1","floor":23},{"not_picked":["Turbo","Blizzard"],"picked":"Go for the Eyes","floor":24},{"not_picked":["Undo","Leap"],"picked":"Compile Driver","floor":29},{"not_picked":["Stack","BootSequence"],"picked":"Electrodynamics","floor":31}],"player_experience":533445,"relics_obtained":[{"floor":7,"key":"Mummified Hand"},{"floor":10,"key":"Dodecahedron"},{"floor":11,"key":"Bird Faced Urn"},{"floor":23,"key":"Nunchaku"},{"floor":23,"key":"Gambling Chip"},{"floor":26,"key":"Juzu Bracelet"},{"floor":29,"key":"Happy Flower"},{"floor":29,"key":"Vajra"},{"floor":31,"key":"Peace Pipe"},{"floor":31,"key":"Tiny Chest"}],"event_choices":[{"cards_removed":["Regret"],"damage_healed":0,"gold_gain":0,"player_choice":"Card Removal","damage_taken":7,"max_hp_gain":0,"max_hp_loss":0,"event_name":"Golden Wing","floor":2,"gold_loss":0},{"damage_healed":0,"gold_gain":0,"player_choice":"Ignored","damage_taken":0,"max_hp_gain":0,"max_hp_loss":0,"event_name":"Liars Game","floor":3,"gold_loss":0},{"damage_healed":18,"gold_gain":0,"player_choice":"Healed","damage_taken":0,"max_hp_gain":0,"max_hp_loss":0,"event_name":"The Cleric","floor":4,"gold_loss":35},{"damage_healed":0,"gold_gain":0,"player_choice":"Obtained Relic","damage_taken":0,"relics_obtained":["Mercury Hourglass"],"max_hp_gain":0,"max_hp_loss":0,"event_name":"Addict","floor":21,"gold_loss":85},{"damage_healed":0,"gold_gain":0,"cards_transformed":["Strike_B","Strike_B"],"player_choice":"Became Test Subject","damage_taken":0,"max_hp_gain":0,"max_hp_loss":0,"event_name":"Drug Dealer","floor":30,"gold_loss":0,"cards_obtained":["Stack","Heatsinks"]}],"is_beta":false,"boss_relics":[{"not_picked":["Fusion Hammer","White Beast Statue"],"picked":"Black Star"}],"items_purged_floors":[20],"is_endless":false,"potions_floor_spawned":[7,11,14,18,23,31],"killed_by":"Champ","ascension_level":10}