{"gold_per_floor":[116,116,136,136,147,147,147,175,201,228,258,298,206,237,237,332,332,342,342,356,356,131,160,160],"floor_reached":24,"playtime":1351,"items_purged":[],"score":284,"play_id":"639f0bac-7928-4cff-ad84-416dd079e35c","local_time":"20181112230009","is_ascension_mode":false,"campfire_choices":[{"data":"Zap","floor":6,"key":"SMITH"},{"data":"Loop","floor":15,"key":"SMITH"}],"neow_cost":"NONE","seed_source_timestamp":153300104456633,"circlet_count":0,"master_deck":["Defend_B","Defend_B","Defend_B","Defend_B","Zap+1","Dualcast","Doom and Gloom","Go for the Eyes","Beam Cell","Barrage","Loop+1","Lockon","Loop","Coolheaded","Defragment","Echo Form","Go for the Eyes+1","Conserve Battery","Rainbow","Ball Lightning+1","Conserve Battery","Flash of Steel+1","Defragment","Force Field"],"relics":["Cracked Core","NeowsBlessing","Happy Flower","MawBank","Ancient Tea Set","Boot","Nuclear Battery","Whetstone"],"potions_floor_usage":[12,14,23],"damage_taken":[{"damage":0,"enemies":"Small Slimes","floor":1,"turns":1},{"damage":0,"enemies":"Cultist","floor":3,"turns":1},{"damage":0,"enemies":"2 Louse","floor":5,"turns":1},{"damage":16,"enemies":"Lagavulin","floor":8,"turns":5},{"damage":10,"enemies":"Lots of Slimes","floor":10,"turns":3},{"damage":3,"enemies":"3 Louse","floor":11,"turns":3},{"damage":11,"enemies":"3 Sentries","floor":12,"turns":4},{"damage":11,"enemies":"Lagavulin","floor":14,"turns":6},{"damage":0,"enemies":"Slime Boss","floor":16,"turns":6},{"damage":27,"enemies":"2 Thieves","floor":18,"turns":4},{"damage":22,"enemies":"Spheric Guardian","floor":20,"turns":5},{"damage":11,"enemies":"Gremlin Leader","floor":23,"turns":5}],"seed_played":"7443468609323153128","potions_obtained":[{"floor":1,"key":"SneckoOil"},{"floor":5,"key":"Fire Potion"},{"floor":10,"key":"SkillPotion"},{"floor":16,"key":"Strength Potion"},{"floor":20,"key":"Swift Potion"}],"is_trial":false,"path_per_floor":["M","?","M","?","M","R","?","E","T","M","M","E","$","E","R","B",null,"M","?","M","?","$","E","?"],"character_chosen":"DEFECT","items_purchased":["Loop","Coolheaded","Conserve Battery","Flash of Steel","Defragment"],"campfire_rested":0,"item_purchase_floors":[13,13,22,22,22],"current_hp_per_floor":[75,75,75,75,75,75,75,59,59,49,46,35,35,24,24,24,75,48,48,26,26,26,15,0],"gold":160,"neow_bonus":"THREE_ENEMY_KILL","is_prod":false,"is_daily":false,"chose_seed":false,"campfire_upgraded":2,"win_rate":0,"timestamp":1542024009,"path_taken":["M","?","?","?","?","R","?","E","T","M","M","E","$","E","R","BOSS","M","?","M","?","$","E","?"],"build_version":"2018-11-06","purchased_purges":0,"victory":false,"max_hp_per_floor":[75,75,75,75,75,75,75,75,75,75,75,75,75,75,75,75,75,75,75,75,75,75,75,75],"card_choices":[{"not_picked":["Defragment","Genetic Algorithm"],"picked":"Doom and Gloom","floor":1},{"not_picked":["Hello World","Compile Driver"],"picked":"Go for the Eyes","floor":3},{"not_picked":["Redo","Double Energy"],"picked":"Barrage","floor":5},{"not_picked":["Coolheaded","Conserve Battery"],"picked":"Loop","floor":8},{"not_picked":["Aggregate","Go for the Eyes","Streamline"],"picked":"SKIP","floor":10},{"not_picked":["Reprogram","Scrape"],"picked":"Lockon","floor":11},{"not_picked":["Melter","Static Discharge"],"picked":"Redo","floor":12},{"not_picked":["Undo","Sweeping Beam"],"picked":"Defragment","floor":14},{"not_picked":["Hyperbeam","Meteor Strike"],"picked":"Echo Form","floor":16},{"not_picked":["Fusion","Sweeping Beam+1"],"picked":"Go for the Eyes+1","floor":18},{"not_picked":["Doom and Gloom","Rebound"],"picked":"Conserve Battery","floor":20},{"not_picked":["Skim","Aggregate"],"picked":"Force Field","floor":23}],"player_experience":774222,"relics_obtained":[{"floor":8,"key":"Happy Flower"},{"floor":9,"key":"MawBank"},{"floor":12,"key":"Ancient Tea Set"},{"floor":14,"key":"Boot"},{"floor":23,"key":"Whetstone"}],"event_choices":[{"cards_removed":["Strike_B"],"damage_healed":0,"gold_gain":0,"player_choice":"Offered Basic","damage_taken":0,"max_hp_gain":0,"max_hp_loss":0,"event_name":"Bonfire Elementals","floor":2,"gold_loss":0},{"damage_healed":0,"gold_gain":0,"cards_transformed":["Strike_B"],"player_choice":"Transformed","damage_taken":0,"max_hp_gain":0,"max_hp_loss":0,"event_name":"Transmorgrifier","floor":4,"gold_loss":0,"cards_obtained":["Beam Cell"]},{"damage_healed":0,"gold_gain":0,"player_choice":"Ignored","damage_taken":0,"max_hp_gain":0,"max_hp_loss":0,"event_name":"Liars Game","floor":7,"gold_loss":0},{"cards_removed":["Strike_B"],"damage_healed":0,"gold_gain":0,"player_choice":"Elegance","damage_taken":0,"max_hp_gain":0,"max_hp_loss":0,"event_name":"Back to Basics","floor":19,"gold_loss":0},{"damage_healed":0,"gold_gain":0,"cards_transformed":["Strike_B","Redo"],"player_choice":"Became Test Subject","damage_taken":0,"max_hp_gain":0,"max_hp_loss":0,"event_name":"Drug Dealer","floor":21,"gold_loss":0,"cards_obtained":["Rainbow","Ball Lightning"]}],"is_beta":true,"boss_relics":[{"not_picked":["Runic Pyramid","Empty Cage"],"picked":"Nuclear Battery"}],"items_purged_floors":[],"is_endless":false,"potions_floor_spawned":[1,5,10,16,20],"ascension_level":0}