{"gold_per_floor":[114,128,25,45,65,96,106,138,165,176,204,204,204,204,204,204],"floor_reached":16,"playtime":577,"items_purged":[],"score":146,"play_id":"1828cb07-2b49-4b5d-89b4-f84964082aaf","local_time":"20180815101805","is_ascension_mode":true,"campfire_choices":[{"floor":13,"key":"REST"},{"floor":15,"key":"REST"}],"neow_cost":"NONE","seed_source_timestamp":10474553816105,"circlet_count":0,"master_deck":["Defend_G","Defend_G","Defend_G","Defend_G","Defend_G","Strike_G","Strike_G","Strike_G","Strike_G","Strike_G","Survivor","Neutralize","Poisoned Stab","Cloak And Dagger","Deflect","Finisher","Cloak And Dagger","Slice","Choke","Cloak And Dagger","Blade Dance","Accuracy","Accuracy","Injury"],"relics":["Philosopher\u0027s Stone","Anchor","Letter Opener","Bag of Preparation","Potion Belt","Golden Idol"],"potions_floor_usage":[6,7,8,10,16],"damage_taken":[{"damage":5,"enemies":"Small Slimes","floor":1,"turns":5},{"damage":0,"enemies":"2 Louse","floor":2,"turns":2},{"damage":0,"enemies":"Cultist","floor":4,"turns":3},{"damage":0,"enemies":"Blue Slaver","floor":5,"turns":3},{"damage":20,"enemies":"3 Sentries","floor":6,"turns":8},{"damage":3,"enemies":"Exordium Wildlife","floor":7,"turns":4},{"damage":18,"enemies":"Lagavulin","floor":8,"turns":5},{"damage":0,"enemies":"Exordium Thugs","floor":10,"turns":3},{"damage":18,"enemies":"Gremlin Nob","floor":11,"turns":4},{"damage":49,"enemies":"Slime Boss","floor":16,"turns":8}],"seed_played":"-6944062583632239992","potions_obtained":[{"floor":1,"key":"LiquidBronze"},{"floor":2,"key":"Block Potion"},{"floor":4,"key":"FearPotion"},{"floor":8,"key":"AttackPotion"},{"floor":11,"key":"Energy Potion"}],"is_trial":false,"path_per_floor":["M","M","$","M","M","E","M","E","T","M","E","?","R","?","R"],"character_chosen":"THE_SILENT","items_purchased":["Deflect","Finisher"],"campfire_rested":2,"item_purchase_floors":[3,3],"current_hp_per_floor":[65,65,65,65,65,45,42,24,24,24,6,6,27,27,48,0],"gold":204,"neow_bonus":"BOSS_RELIC","is_prod":false,"is_daily":false,"chose_seed":false,"campfire_upgraded":0,"win_rate":0,"timestamp":1534321085,"path_taken":["M","M","$","M","M","E","M","E","T","M","E","?","R","?","R","BOSS"],"build_version":"2018-08-14","purchased_purges":0,"victory":false,"max_hp_per_floor":[70,70,70,70,70,70,70,70,70,70,70,70,70,70,70,70],"card_choices":[{"not_picked":["Flechettes","Deflect"],"picked":"Poisoned Stab","floor":1},{"not_picked":["Masterful Stab","Well Laid Plans"],"picked":"Cloak And Dagger","floor":2},{"not_picked":["Choke","Dagger Spray"],"picked":"Cloak And Dagger","floor":4},{"not_picked":["Die Die Die","Underhanded Strike"],"picked":"Slice","floor":5},{"not_picked":["Catalyst","Flying Knee"],"picked":"Choke","floor":6},{"not_picked":["Blade Dance","Noxious Fumes"],"picked":"Cloak And Dagger","floor":7},{"not_picked":["Quick Slash","Reflex"],"picked":"Blade Dance","floor":8},{"not_picked":["Acrobatics","Well Laid Plans"],"picked":"Accuracy","floor":10},{"not_picked":["Heel Hook","Calculated Gamble"],"picked":"Accuracy","floor":11}],"player_experience":410420,"relics_obtained":[{"floor":6,"key":"Anchor"},{"floor":8,"key":"Letter Opener"},{"floor":9,"key":"Bag of Preparation"},{"floor":11,"key":"Potion Belt"}],"event_choices":[{"event_name":"Shining Light","player_choice":"Ignored","floor":12,"damage_taken":0},{"event_name":"Golden Idol","player_choice":"Take Wound","floor":14,"damage_taken":0}],"is_beta":true,"boss_relics":[],"items_purged_floors":[],"is_endless":false,"potions_floor_spawned":[1,2,4,8,11],"killed_by":"Slime Boss","ascension_level":4}