{"gold_per_floor":[119,137,151,169,189,189,200,226,226,226,241,252,222,257,257,333,333,346,363,363,373,373],"floor_reached":22,"playtime":1186,"items_purged":[],"score":404,"play_id":"32219cc7-605c-4e37-9b8e-6964abfecf20","local_time":"20181106050702","is_ascension_mode":true,"campfire_choices":[{"data":"Armaments","floor":6,"key":"SMITH"},{"data":"Uppercut","floor":10,"key":"SMITH"},{"data":"Rampage","floor":15,"key":"SMITH"}],"neow_cost":"PERCENT_DAMAGE","seed_source_timestamp":646728935160548,"circlet_count":0,"master_deck":["Strike_R","Strike_R","Strike_R","Defend_R","Defend_R","Defend_R","Defend_R","Bash","AscendersBane","Carnage","Power Through","Armaments+1","Burning Pact","Uppercut+1","Headbutt","Iron Wave","Whirlwind","Shrug It Off","Rampage+1","Feel No Pain","Demon Form","Seeing Red","Shrug It Off+1","Disarm+1"],"relics":["Burning Blood","Strawberry","Charon\u0027s Ashes","Dodecahedron","Runic Cube","Singing Bowl"],"potions_floor_usage":[8,14,14,22],"damage_taken":[{"damage":0,"enemies":"Cultist","floor":1,"turns":2},{"damage":0,"enemies":"2 Louse","floor":2,"turns":3},{"damage":5,"enemies":"Small Slimes","floor":3,"turns":6},{"damage":8,"enemies":"3 Louse","floor":4,"turns":5},{"damage":4,"enemies":"Blue Slaver","floor":5,"turns":3},{"damage":0,"enemies":"2 Fungi Beasts","floor":7,"turns":4},{"damage":17,"enemies":"3 Sentries","floor":8,"turns":7},{"damage":2,"enemies":"3 Louse","floor":11,"turns":4},{"damage":9,"enemies":"Looter","floor":12,"turns":3},{"damage":27,"enemies":"Gremlin Nob","floor":14,"turns":4},{"damage":37,"enemies":"The Guardian","floor":16,"turns":13},{"damage":17,"enemies":"Shell Parasite","floor":18,"turns":7},{"damage":22,"enemies":"3 Byrds","floor":19,"turns":5},{"damage":36,"enemies":"Sentry and Sphere","floor":21,"turns":13},{"damage":19,"enemies":"Cultist and Chosen","floor":22,"turns":7}],"seed_played":"-8772602267412980157","potions_obtained":[{"floor":1,"key":"PowerPotion"},{"floor":2,"key":"LiquidBronze"},{"floor":7,"key":"Explosive Potion"},{"floor":11,"key":"EssenceOfSteel"},{"floor":14,"key":"Fruit Juice"},{"floor":16,"key":"SteroidPotion"}],"is_trial":false,"path_per_floor":["M","M","M","M","M","R","M","E","T","R","M","M","?","E","R","B",null,"M","M","T","M","M"],"character_chosen":"IRONCLAD","items_purchased":[],"campfire_rested":0,"item_purchase_floors":[],"current_hp_per_floor":[56,62,63,61,63,63,69,65,65,65,69,66,66,50,50,19,70,59,43,43,13,0],"gold":373,"neow_bonus":"TRANSFORM_TWO_CARDS","is_prod":false,"is_daily":false,"chose_seed":false,"campfire_upgraded":3,"win_rate":0,"timestamp":1541498822,"path_taken":["M","M","M","M","M","R","M","E","T","R","M","M","?","E","R","BOSS","M","M","?","M","M"],"build_version":"2018-10-30","purchased_purges":0,"victory":false,"max_hp_per_floor":[75,75,75,75,75,75,75,82,82,82,82,82,82,87,87,87,87,87,87,87,87,87],"card_choices":[{"not_picked":["Clash","Cleave"],"picked":"Armaments","floor":1},{"not_picked":["Heavy Blade","Twin Strike"],"picked":"Burning Pact","floor":2},{"not_picked":["Sword Boomerang","Pommel Strike"],"picked":"Uppercut","floor":3},{"not_picked":["Clothesline","Pummel"],"picked":"Headbutt","floor":4},{"not_picked":["Twin Strike","Corruption"],"picked":"Iron Wave","floor":5},{"not_picked":["Rupture","Headbutt","Rage"],"picked":"SKIP","floor":7},{"not_picked":["Sever Soul","Infernal Blade"],"picked":"Whirlwind","floor":8},{"not_picked":["Shockwave","Cleave"],"picked":"Shrug It Off","floor":11},{"not_picked":["Warcry","Brutality"],"picked":"Rampage","floor":12},{"not_picked":["Body Slam","Flex"],"picked":"Feel No Pain","floor":14},{"not_picked":["Barricade","Offering"],"picked":"Demon Form","floor":16},{"not_picked":["Feel No Pain","Cleave"],"picked":"Seeing Red","floor":18},{"not_picked":["Iron Wave","Rage"],"picked":"Shrug It Off+1","floor":19},{"not_picked":["Cleave+1","Warcry"],"picked":"Disarm+1","floor":21}],"player_experience":924409,"relics_obtained":[{"floor":8,"key":"Strawberry"},{"floor":9,"key":"Charon\u0027s Ashes"},{"floor":14,"key":"Dodecahedron"},{"floor":20,"key":"Singing Bowl"}],"event_choices":[{"damage_healed":0,"gold_gain":0,"player_choice":"Bought 2 Potions","damage_taken":0,"max_hp_gain":0,"max_hp_loss":0,"event_name":"The Woman in Blue","floor":13,"gold_loss":0}],"is_beta":true,"boss_relics":[{"not_picked":["Black Blood","Eternal Feather"],"picked":"Runic Cube"}],"items_purged_floors":[],"is_endless":false,"potions_floor_spawned":[1,2,7,11,14,16,18,21],"killed_by":"Cultist and Chosen","ascension_level":20}