{"gold_per_floor":[129,144,159,159,7,26,45,45,95,133,152,190,190,190,190,315,315,334,353,67,86,105,105,143,143,143,162,181,181,181,219,219,344,344,363,363,57,76,76,114,133,152,152,171,190,190,209,247,247,247],"floor_reached":51,"playtime":969,"items_purged":[],"score":1538,"play_id":"fd0e9fb7-071b-4911-8461-86925e3abd38","local_time":"20180821092519","daily_mods":["Allstar","Night Terrors","Hoarder"],"is_ascension_mode":false,"campfire_choices":[{"data":"Mind Blast","floor":8,"key":"SMITH"},{"data":"Mind Blast","floor":15,"key":"SMITH"},{"data":"Apotheosis","floor":23,"key":"SMITH"},{"data":"Hologram","floor":25,"key":"SMITH"},{"data":"White Noise","floor":30,"key":"SMITH"},{"data":"Zap","floor":32,"key":"SMITH"},{"data":"Echo Form","floor":49,"key":"SMITH"}],"neow_cost":"","seed_source_timestamp":0,"circlet_count":0,"master_deck":["Strike_B","Strike_B","Strike_B+1","Strike_B","Defend_B","Defend_B","Defend_B","Defend_B","Zap+1","Dualcast","Transmutation","Transmutation","Transmutation","Apotheosis+1","Apotheosis","Apotheosis","Jack Of All Trades","Jack Of All Trades","Jack Of All Trades","Enlightenment","Enlightenment","Enlightenment","Blind","Blind","Blind","Aggregate","Aggregate","Aggregate","Scrape","Scrape+1","Scrape","Gash","Gash","Gash","Injury","Injury","Injury","Mind Blast+1","Mind Blast+1","Mind Blast+1","Cold Snap","Cold Snap","Cold Snap","Conserve Battery","Conserve Battery","Conserve Battery","Gash","Gash","Gash","Scrape+1","Scrape+1","Scrape+1","Rebound+1","Rebound+1","Rebound+1","Aggregate","Aggregate","Aggregate","Echo Form","Echo Form+1","Echo Form","Ball Lightning+1","Ball Lightning+1","Ball Lightning+1","Gash+1","Gash+1","Gash+1","White Noise+1","White Noise","White Noise","Hologram","Hologram","Hologram","Gash+1","Gash+1","Gash+1","Turbo","Turbo","Turbo","Skim","Skim","Skim","Core Surge+1","Core Surge+1","Core Surge+1","Cold Snap+1","Cold Snap+1","Cold Snap+1","Coolheaded","Coolheaded","Coolheaded","Purity","Purity","Purity","White Noise","White Noise","White Noise","Hologram+1","Hologram","Hologram","Scrape+1","Scrape+1","Scrape+1","Gash+1","Gash+1","Gash+1","Cold Snap+1","Cold Snap+1","Cold Snap+1","RitualDagger+1","RitualDagger+1","RitualDagger+1","Beam Cell+1","Beam Cell+1","Beam Cell+1","Core Surge+1","Core Surge+1","Core Surge+1","Go for the Eyes+1","Go for the Eyes+1","Go for the Eyes+1","Bandage Up","Bandage Up","Bandage Up","FTL+1","FTL+1","FTL+1","Gash+1","Gash+1","Gash+1","Redo","Redo","Redo","Undo","Undo","Undo","Ball Lightning+1","Ball Lightning+1","Ball Lightning+1","Madness","Madness","Madness","Madness","Madness","Madness","Coolheaded+1","Coolheaded+1","Coolheaded+1","Stack","Stack","Stack","Stack","Stack","Stack","Turbo","Turbo","Turbo","Beam Cell+1","Beam Cell+1","Beam Cell+1","Melter+1","Melter+1","Melter+1","Double Energy+1","Double Energy+1","Double Energy+1","FTL+1","FTL+1","FTL+1"],"special_seed":17764,"relics":["Cracked Core","Golden Idol","Bag of Marbles","Molten Egg 2","Pear","Gambling Chip","Orrery","Whetstone","Symbiotic Virus","Dream Catcher","Sozu","Incense Burner","Ornamental Fan","Emotion Chip","Oddly Smooth Stone"],"potions_floor_usage":[3,35,44],"damage_taken":[{"damage":0,"enemies":"Small Slimes","floor":1,"turns":3},{"damage":9,"enemies":"2 Louse","floor":2,"turns":3},{"damage":4,"enemies":"Cultist","floor":3,"turns":3},{"damage":7,"enemies":"3 Louse","floor":6,"turns":4},{"damage":0,"enemies":"Looter","floor":7,"turns":1},{"damage":0,"enemies":"Gremlin Nob","floor":10,"turns":1},{"damage":0,"enemies":"Exordium Thugs","floor":11,"turns":1},{"damage":0,"enemies":"Lagavulin","floor":12,"turns":1},{"damage":0,"enemies":"Slime Boss","floor":16,"turns":1},{"damage":0,"enemies":"3 Byrds","floor":18,"turns":1},{"damage":0,"enemies":"Spheric Guardian","floor":19,"turns":1},{"damage":0,"enemies":"Snake Plant","floor":21,"turns":1},{"damage":0,"enemies":"Centurion and Healer","floor":22,"turns":1},{"damage":0,"enemies":"Book of Stabbing","floor":24,"turns":1},{"damage":0,"enemies":"3 Cultists","floor":27,"turns":1},{"damage":0,"enemies":"Cultist and Chosen","floor":28,"turns":1},{"damage":0,"enemies":"Gremlin Leader","floor":31,"turns":1},{"damage":0,"enemies":"Automaton","floor":33,"turns":1},{"damage":0,"enemies":"3 Shapes","floor":35,"turns":1},{"damage":0,"enemies":"Flame Bruiser 1 Orb","floor":38,"turns":1},{"damage":0,"enemies":"2 Orb Walkers","floor":40,"turns":1},{"damage":0,"enemies":"3 Darklings","floor":41,"turns":1},{"damage":0,"enemies":"Sphere and 2 Shapes","floor":42,"turns":1},{"damage":0,"enemies":"Transient","floor":44,"turns":5},{"damage":0,"enemies":"Spire Growth","floor":45,"turns":1},{"damage":0,"floor":46,"turns":1},{"damage":0,"enemies":"Jaw Worm Horde","floor":47,"turns":1},{"damage":0,"enemies":"Nemesis","floor":48,"turns":1},{"damage":0,"enemies":"Time Eater","floor":50,"turns":1}],"seed_played":"-3893326877167468496","potions_obtained":[{"floor":2,"key":"Regen Potion"},{"floor":6,"key":"Ancient Potion"},{"floor":7,"key":"AttackPotion"},{"floor":12,"key":"Block Potion"}],"is_trial":false,"path_per_floor":["M","M","M","?","$","M","M","R","T","E","M","E","?","T","R","B",null,"M","M","$","M","M","R","E","R","T","M","M","?","R","E","R","B",null,"M","?","$","M","?","E","M","M","T","M","M","?","M","E","R","B"],"character_chosen":"DEFECT","items_purchased":["Mind Blast","Cold Snap","Core Surge+1","Cold Snap+1","Coolheaded","Purity","Bandage Up","FTL+1","Gash+1","Redo","Undo"],"campfire_rested":0,"item_purchase_floors":[5,5,20,20,20,20,37,37,37,37,37],"current_hp_per_floor":[75,66,71,71,71,64,64,64,64,64,64,74,74,74,74,74,85,85,85,85,85,85,85,85,85,85,85,85,79,79,79,79,79,85,85,85,85,85,74,74,74,74,74,74,74,74,74,78,78,78],"gold":247,"neow_bonus":"","is_prod":false,"is_daily":true,"chose_seed":false,"campfire_upgraded":7,"win_rate":0,"timestamp":1534836319,"path_taken":["M","M","M","?","?","M","M","R","T","E","M","E","?","?","R","BOSS","M","?","$","M","M","R","E","R","T","M","M","?","R","E","R","BOSS","M","?","$","M","?","E","M","M","T","M","?","?","M","E","R","BOSS"],"build_version":"2018-08-16","purchased_purges":0,"victory":true,"max_hp_per_floor":[75,75,75,75,75,75,75,75,75,75,75,85,85,85,85,85,85,85,85,85,85,85,85,85,85,85,85,85,85,85,85,85,85,85,85,85,85,85,85,85,85,85,85,85,85,85,85,85,85,85],"card_choices":[{"not_picked":["Reprogram","BootSequence"],"picked":"Aggregate","floor":1},{"not_picked":["Cold Snap","Glacier"],"picked":"Scrape","floor":2},{"not_picked":["Streamline","Compile Driver"],"picked":"Gash","floor":3},{"not_picked":["Hologram","Stack"],"picked":"Conserve Battery","floor":6},{"not_picked":["Steam Power","Redo"],"picked":"Gash","floor":7},{"not_picked":["Doom and Gloom","Cold Snap"],"picked":"Scrape","floor":10},{"not_picked":["Steam Power","Glacier"],"picked":"Rebound+1","floor":11},{"not_picked":["Multi-Cast","Buffer"],"picked":"Aggregate","floor":12},{"not_picked":["Buffer","Amplify"],"picked":"Echo Form","floor":16},{"not_picked":["Streamline+1","Compile Driver+1"],"picked":"Ball Lightning+1","floor":17},{"not_picked":["Leap","Cold Snap+1"],"picked":"Gash+1","floor":17},{"not_picked":["Redo","Stack"],"picked":"White Noise","floor":17},{"not_picked":["Sunder+1","Stack"],"picked":"Hologram","floor":17},{"not_picked":["Skim","Coolheaded"],"picked":"Gash+1","floor":17},{"not_picked":["Storm","FTL+1"],"picked":"Turbo","floor":18},{"not_picked":["Hello World","Self Repair+1"],"picked":"Skim","floor":19},{"not_picked":["Static Discharge+1","Meteor Strike+1"],"picked":"White Noise","floor":21},{"not_picked":["Darkness","Compile Driver+1"],"picked":"Hologram","floor":22},{"not_picked":["Seek","BootSequence+1"],"picked":"Scrape+1","floor":24},{"not_picked":["Go for the Eyes+1","Hologram+1"],"picked":"Gash+1","floor":27},{"not_picked":["Scrape+1","Conserve Battery+1"],"picked":"Cold Snap+1","floor":28},{"not_picked":["Genetic Algorithm","Rebound+1"],"picked":"Beam Cell+1","floor":31},{"not_picked":["Amplify","Rainbow"],"picked":"Core Surge+1","floor":33},{"not_picked":["Redo","Blizzard+1"],"picked":"Go for the Eyes+1","floor":35},{"not_picked":["Redo+1","Tempest"],"picked":"Ball Lightning+1","floor":38},{"not_picked":["Hologram","Amplify"],"picked":"Coolheaded+1","floor":40},{"not_picked":["Steam","Redo+1"],"picked":"Stack","floor":41},{"not_picked":["Go for the Eyes+1","Glacier+1"],"picked":"Stack","floor":42},{"not_picked":["Tempest","Go for the Eyes+1"],"picked":"Turbo","floor":44},{"not_picked":["Gash+1","Hologram+1"],"picked":"Beam Cell+1","floor":45},{"not_picked":["Streamline+1","Defragment"],"picked":"Melter+1","floor":46},{"not_picked":["Streamline+1","Leap"],"picked":"Double Energy+1","floor":47},{"not_picked":["Hello World+1","Self Repair+1"],"picked":"FTL+1","floor":48}],"player_experience":25104,"relics_obtained":[{"floor":9,"key":"Bag of Marbles"},{"floor":10,"key":"Molten Egg 2"},{"floor":12,"key":"Pear"},{"floor":14,"key":"Gambling Chip"},{"floor":24,"key":"Whetstone"},{"floor":26,"key":"Symbiotic Virus"},{"floor":31,"key":"Dream Catcher"},{"floor":40,"key":"Incense Burner"},{"floor":43,"key":"Ornamental Fan"},{"floor":46,"key":"Emotion Chip"},{"floor":48,"key":"Oddly Smooth Stone"}],"event_choices":[{"event_name":"Golden Idol","player_choice":"Take Wound","floor":4,"damage_taken":0},{"event_name":"Living Wall","player_choice":"Grow","floor":13,"damage_taken":0},{"event_name":"Nest","player_choice":"Joined the Cult","floor":29,"damage_taken":0},{"event_name":"The Woman in Blue","player_choice":"Bought 0 Potions","floor":36,"damage_taken":0},{"event_name":"Winding Halls","player_choice":"Embrace Madness","floor":39,"damage_taken":0},{"event_name":"MindBloom","player_choice":"Fight","floor":46,"damage_taken":0}],"is_beta":true,"boss_relics":[{"not_picked":["Nuclear Battery","FrozenCore"],"picked":"Orrery"},{"not_picked":["Eternal Feather","White Beast Statue"],"picked":"Sozu"}],"items_purged_floors":[],"is_endless":false,"potions_floor_spawned":[2,6,7,12,22,27,38,40,41,42],"ascension_level":0}