{"gold_per_floor":[113,113,113,130,130,162,162,189,189,202,233,253,253,21,21,95,95,110,127,127,142,142,168,168,197,197,216,216,216,216,235,235,235],"floor_reached":33,"playtime":1293,"items_purged":["Strike_R"],"score":705,"play_id":"a9f6ed63-51c2-4c40-9bf2-df43f625d7df","local_time":"20181210115423","is_ascension_mode":true,"campfire_choices":[{"data":"Body Slam","floor":7.0,"key":"SMITH"},{"data":"Inflame","floor":15.0,"key":"SMITH"},{"data":"RitualDagger","floor":24.0,"key":"SMITH"},{"floor":28.0,"key":"REST"},{"data":"Inflame","floor":32.0,"key":"SMITH"}],"neow_cost":"NONE","seed_source_timestamp":0,"circlet_count":0,"master_deck":["AscendersBane","Strike_R","Strike_R","Strike_R","Defend_R+1","Defend_R+1","Defend_R","Defend_R","Bash","Iron Wave","Flame Barrier+1","Body Slam+1","Carnage","Hemokinesis","Feed","True Grit+1","Armaments+1","Shrug It Off+1","Havoc+1","Inflame+1","Exhume+1","Clothesline","Headbutt+1","Fiend Fire","RitualDagger+1","Warcry+1","Inflame+1","Second Wind+1","Sentinel+1"],"special_seed":0,"relics":["Burning Blood","NeowsBlessing","Toxic Egg 2","Spirit Poop","Anchor","Lantern","The Courier","Gremlin Horn","Mark of Pain","Ancient Tea Set","Pantograph","Unceasing Top"],"potions_floor_usage":[33],"damage_taken":[{"damage":0.0,"enemies":"Small Slimes","floor":1.0,"turns":1.0},{"damage":0.0,"enemies":"Jaw Worm","floor":4.0,"turns":1.0},{"damage":0.0,"enemies":"Lagavulin","floor":6.0,"turns":1.0},{"damage":23.0,"enemies":"Gremlin Nob","floor":8.0,"turns":4.0},{"damage":0.0,"enemies":"2 Louse","floor":10.0,"turns":2.0},{"damage":10.0,"enemies":"3 Sentries","floor":11.0,"turns":7.0},{"damage":9.0,"enemies":"Exordium Thugs","floor":12.0,"turns":4.0},{"damage":14.0,"enemies":"The Guardian","floor":16.0,"turns":11.0},{"damage":6.0,"enemies":"Spheric Guardian","floor":18.0,"turns":4.0},{"damage":3.0,"enemies":"3 Byrds","floor":19.0,"turns":3.0},{"damage":5.0,"enemies":"Centurion and Healer","floor":21.0,"turns":6.0},{"damage":6.0,"enemies":"Gremlin Leader","floor":23.0,"turns":6.0},{"damage":59.0,"enemies":"Slavers","floor":25.0,"turns":7.0},{"damage":8.0,"enemies":"3 Cultists","floor":27.0,"turns":5.0},{"damage":19.0,"enemies":"Snake Plant","floor":31.0,"turns":3.0},{"damage":79,"enemies":"Champ","floor":33,"turns":10}],"seed_played":"6027505173940609051","potions_obtained":[{"floor":4.0,"key":"SteroidPotion"},{"floor":6.0,"key":"Swift Potion"},{"floor":10.0,"key":"SkillPotion"},{"floor":18.0,"key":"FearPotion"},{"floor":21.0,"key":"Swift Potion"},{"floor":31.0,"key":"FearPotion"}],"is_trial":false,"path_per_floor":["M","?","?","M","?","E","R","E","T","M","E","M","?","$","R","B",null,"M","M","$","M","?","E","R","E","T","M","R","?","?","M","R","B"],"character_chosen":"IRONCLAD","items_purchased":["Armaments+1","Shrug It Off+1","Havoc+1","Inflame"],"campfire_rested":1,"item_purchase_floors":[14,14,14,14],"current_hp_per_floor":[74,51,51,57,57,63,63,46,46,52,48,48,48,48,48,40,69,73,79,79,80,74,74,74,21,21,19,44,44,44,31,31,0],"gold":235,"neow_bonus":"THREE_ENEMY_KILL","is_prod":false,"is_daily":false,"chose_seed":false,"campfire_upgraded":4,"win_rate":0,"timestamp":1544468063,"path_taken":["M","?","?","M","?","E","R","E","T","M","E","?","?","$","R","BOSS","M","M","$","?","?","E","R","E","T","M","R","?","?","M","R","BOSS"],"build_version":"2018-12-06","purchased_purges":1,"victory":false,"max_hp_per_floor":[75,75,75,75,75,75,75,75,75,75,75,78,78,78,78,78,78,82,85,85,85,85,85,85,85,85,85,85,85,85,85,85,85],"card_choices":[{"not_picked":["Cleave","Clash"],"picked":"Iron Wave","floor":1.0},{"not_picked":["Evolve","Clothesline"],"picked":"Flame Barrier+1","floor":4.0},{"not_picked":["Flex+1","Twin Strike"],"picked":"Body Slam","floor":6.0},{"not_picked":["Headbutt","Clash"],"picked":"Carnage","floor":8.0},{"not_picked":["Flame Barrier+1","Body Slam"],"picked":"Hemokinesis","floor":10.0},{"not_picked":["Disarm+1","Clash"],"picked":"Feed","floor":11.0},{"not_picked":["Pommel Strike","Clothesline"],"picked":"True Grit+1","floor":12.0},{"not_picked":["Berserk","Immolate"],"picked":"Exhume+1","floor":16.0},{"not_picked":["Spot Weakness+1","Rage+1"],"picked":"Clothesline","floor":18.0},{"not_picked":["Sword Boomerang","Havoc+1"],"picked":"Headbutt+1","floor":19.0},{"not_picked":["Flex+1","Heavy Blade"],"picked":"Fiend Fire","floor":21.0},{"not_picked":["Thunderclap","Metallicize"],"picked":"Brutality","floor":23.0},{"not_picked":["Thunderclap","Fire Breathing"],"picked":"Warcry+1","floor":25.0},{"not_picked":["Combust+1","Heavy Blade"],"picked":"Inflame","floor":27.0},{"not_picked":["Clash","Ghostly Armor+1"],"picked":"Sentinel+1","floor":31.0}],"player_experience":582507,"relics_obtained":[{"floor":6.0,"key":"Anchor"},{"floor":8.0,"key":"Lantern"},{"floor":9.0,"key":"The Courier"},{"floor":11.0,"key":"Gremlin Horn"},{"floor":23.0,"key":"Ancient Tea Set"},{"floor":25.0,"key":"Pantograph"},{"floor":26.0,"key":"Unceasing Top"}],"event_choices":[{"damage_healed":0.0,"max_hp_gain":0.0,"max_hp_loss":0.0,"gold_gain":0.0,"event_name":"Shining Light","player_choice":"Entered Light","floor":2.0,"gold_loss":0.0,"damage_taken":23.0,"cards_upgraded":["Defend_R","Defend_R"]},{"damage_healed":0.0,"max_hp_gain":0.0,"max_hp_loss":0.0,"gold_gain":0.0,"event_name":"Big Fish","player_choice":"Box","floor":3.0,"gold_loss":0.0,"damage_taken":0.0,"relics_obtained":["Toxic Egg 2"],"cards_obtained":["Regret"]},{"cards_removed":["Regret"],"damage_healed":0.0,"max_hp_gain":0.0,"max_hp_loss":0.0,"gold_gain":0.0,"event_name":"Bonfire Elementals","player_choice":"Offered Curse","floor":5.0,"gold_loss":0.0,"damage_taken":0.0,"relics_obtained":["Spirit Poop"]},{"cards_removed":["Strike_R"],"damage_healed":0.0,"max_hp_gain":0.0,"max_hp_loss":0.0,"gold_gain":0.0,"event_name":"Purifier","player_choice":"Purged","floor":13.0,"gold_loss":0.0,"damage_taken":0.0},{"damage_healed":0.0,"max_hp_gain":0.0,"max_hp_loss":0.0,"gold_gain":0.0,"event_name":"Nest","player_choice":"Joined the Cult","floor":22.0,"gold_loss":0.0,"damage_taken":6.0,"cards_obtained":["RitualDagger"]},{"damage_healed":0.0,"max_hp_gain":0.0,"max_hp_loss":0.0,"gold_gain":0.0,"event_name":"Vampires","player_choice":"Ignored","floor":29.0,"gold_loss":0.0,"damage_taken":0.0},{"damage_healed":0.0,"max_hp_gain":0.0,"max_hp_loss":0.0,"gold_gain":0.0,"cards_transformed":["Brutality"],"event_name":"Transmorgrifier","player_choice":"Transformed","floor":30.0,"gold_loss":0.0,"damage_taken":0.0,"cards_obtained":["Second Wind"]}],"is_beta":false,"boss_relics":[{"not_picked":["Ectoplasm","Runic Pyramid"],"picked":"Mark of Pain"}],"items_purged_floors":[14],"is_endless":false,"potions_floor_spawned":[4,6,10,11,18,21,31],"killed_by":"Champ","ascension_level":20}