{"gold_per_floor":[118,128,147,162,178,178,207,207,233,250,269,269,10,0,0,78,78,88,104,27,27,27,27,55,83,160,160,160,195,195,213,213,213],"floor_reached":33,"playtime":5371,"items_purged":[],"score":670,"play_id":"7e5e2193-bd50-441d-a119-34e5f5244de6","local_time":"20190204161852","is_ascension_mode":true,"campfire_choices":[{"data":"Dagger Throw","floor":6.0,"key":"SMITH"},{"data":"Crippling Poison","floor":8.0,"key":"SMITH"},{"data":"Caltrops","floor":12.0,"key":"SMITH"},{"floor":15.0,"key":"REST"},{"data":"Bouncing Flask","floor":23.0,"key":"SMITH"},{"data":"Deadly Poison","floor":27,"key":"SMITH"},{"data":"Leg Sweep","floor":30,"key":"SMITH"},{"floor":32,"key":"REST"}],"neow_cost":"TEN_PERCENT_HP_LOSS","seed_source_timestamp":0,"circlet_count":0,"master_deck":["AscendersBane","Defend_G","Defend_G","Defend_G","Defend_G","Defend_G","Strike_G","Strike_G","Strike_G","Strike_G","Strike_G","Survivor","Neutralize","Dagger Throw+1","Deadly Poison+1","Leg Sweep+1","PiercingWail","Corpse Explosion","Crippling Poison+1","Caltrops+1","PiercingWail","Well Laid Plans","Unload","Infinite Blades","Bouncing Flask+1","Well Laid Plans","Blur","Infinite Blades","Dash+1","Well Laid Plans"],"special_seed":0,"relics":["Ring of the Snake","Tough Bandages","Bird Faced Urn","Juzu Bracelet","Snake Skull","Eternal Feather","Red Mask","Omamori","The Courier","Enchiridion","Art of War"],"potions_floor_usage":[25,25],"damage_taken":[{"damage":3.0,"enemies":"Cultist","floor":1.0,"turns":5.0},{"damage":2.0,"enemies":"Jaw Worm","floor":2.0,"turns":5.0},{"damage":0.0,"enemies":"Small Slimes","floor":3.0,"turns":3.0},{"damage":4.0,"enemies":"2 Fungi Beasts","floor":4.0,"turns":4.0},{"damage":11.0,"enemies":"Large Slime","floor":5.0,"turns":8.0},{"damage":10.0,"enemies":"Lagavulin","floor":7.0,"turns":9.0},{"damage":0.0,"enemies":"Blue Slaver","floor":10.0,"turns":3.0},{"damage":6.0,"enemies":"3 Louse","floor":11.0,"turns":3.0},{"damage":0.0,"enemies":"Hexaghost","floor":16.0,"turns":9.0},{"damage":15.0,"enemies":"Shell Parasite","floor":18.0,"turns":6.0},{"damage":0.0,"enemies":"3 Byrds","floor":19.0,"turns":2.0},{"damage":4.0,"enemies":"Masked Bandits","floor":24.0,"turns":3.0},{"damage":18,"enemies":"Slavers","floor":25,"turns":3},{"damage":30,"enemies":"Gremlin Leader","floor":29,"turns":4},{"damage":21,"enemies":"Snake Plant","floor":31,"turns":4},{"damage":85,"enemies":"Champ","floor":33,"turns":9}],"seed_played":"7861355759560736178","potions_obtained":[{"floor":4.0,"key":"GamblersBrew"},{"floor":5.0,"key":"Fire Potion"},{"floor":16.0,"key":"Strength Potion"},{"floor":24.0,"key":"Energy Potion"}],"is_trial":false,"path_per_floor":["M","M","M","M","M","R","E","R","T","M","M","R","$","?","R","B",null,"M","M","$","?","?","R","?","E","T","R","?","E","R","M","R","B"],"character_chosen":"THE_SILENT","items_purchased":["Snake Skull","Well Laid Plans","Well Laid Plans"],"campfire_rested":2,"item_purchase_floors":[13,13,20],"current_hp_per_floor":[56,54,54,50,39,39,29,29,29,29,25,25,25,25,43,47,57,45,47,47,47,47,60,60,48,48,60,39,17,32,21,57,0],"gold":213,"neow_bonus":"ONE_RARE_RELIC","is_prod":false,"is_daily":false,"chose_seed":false,"campfire_upgraded":6,"win_rate":0,"timestamp":1549325932,"path_taken":["M","M","M","M","?","R","E","R","T","M","M","R","$","?","R","BOSS","M","M","$","?","?","R","?","E","T","R","?","E","R","M","R","BOSS"],"build_version":"2019-01-23","purchased_purges":0,"victory":false,"max_hp_per_floor":[60,60,60,60,60,60,60,60,60,60,60,60,60,60,60,60,60,60,60,60,60,60,60,60,60,60,60,60,60,60,60,60,60],"card_choices":[{"not_picked":["Acrobatics","Backflip"],"picked":"Dagger Throw","floor":1.0},{"not_picked":["Reflex","Caltrops"],"picked":"Deadly Poison","floor":2.0},{"not_picked":["Cloak And Dagger","Prepared"],"picked":"Leg Sweep","floor":3.0},{"not_picked":["Blade Dance","Setup"],"picked":"PiercingWail","floor":4.0},{"not_picked":["Poisoned Stab","Accuracy"],"picked":"Corpse Explosion","floor":5.0},{"not_picked":["Infinite Blades","Expertise"],"picked":"Crippling Poison","floor":7.0},{"not_picked":["Dodge and Roll","Cloak And Dagger"],"picked":"Caltrops","floor":10.0},{"not_picked":["Skewer","Deadly Poison"],"picked":"PiercingWail","floor":11.0},{"not_picked":["Die Die Die","Grand Finale"],"picked":"Unload","floor":16.0},{"not_picked":["Deflect","Prepared"],"picked":"Infinite Blades","floor":18.0},{"not_picked":["Dagger Throw","PiercingWail"],"picked":"Bouncing Flask","floor":19.0},{"not_picked":["Accuracy","Setup"],"picked":"Blur","floor":24.0},{"not_picked":["Endless Agony","Distraction"],"picked":"Infinite Blades","floor":25},{"not_picked":["Poisoned Stab","Dagger Throw"],"picked":"Dash+1","floor":29},{"not_picked":["Acrobatics","Bouncing Flask"],"picked":"Well Laid Plans","floor":31}],"player_experience":1808786,"relics_obtained":[{"floor":7.0,"key":"Bird Faced Urn"},{"floor":9.0,"key":"Juzu Bracelet"},{"floor":24.0,"key":"Red Mask"},{"floor":25,"key":"Omamori"},{"floor":26,"key":"The Courier"},{"floor":28,"key":"Enchiridion"},{"floor":29,"key":"Art of War"}],"event_choices":[{"damage_healed":0.0,"max_hp_gain":0.0,"max_hp_loss":0.0,"gold_gain":0.0,"event_name":"World of Goop","player_choice":"Left Gold","floor":14.0,"gold_loss":10.0,"damage_taken":0.0},{"damage_healed":0.0,"max_hp_gain":0.0,"max_hp_loss":0.0,"gold_gain":0.0,"event_name":"Ghosts","player_choice":"Ignored","floor":21.0,"gold_loss":0.0,"damage_taken":0.0},{"damage_healed":0.0,"max_hp_gain":0.0,"max_hp_loss":0.0,"gold_gain":0.0,"event_name":"Masked Bandits","player_choice":"Fought Bandits","floor":24.0,"gold_loss":0.0,"damage_taken":0.0},{"damage_healed":0,"gold_gain":0,"player_choice":"Obtained Book","damage_taken":21,"max_hp_gain":0,"max_hp_loss":0,"event_name":"Cursed Tome","floor":28,"gold_loss":0}],"is_beta":false,"boss_relics":[{"not_picked":["WristBlade","Empty Cage"],"picked":"Eternal Feather"}],"items_purged_floors":[],"is_endless":false,"potions_floor_spawned":[4,5,16,18,24],"killed_by":"Champ","ascension_level":20}