{"gold_per_floor":[109,135,135,24,38,38,65,65,113,143,160,177,197,231,231,326,326,337,252,266,278,295,295,325,325,325,325,345,361,361,391,391,490,490,504,521,323,323,333,333,345,345,425,97,97,111,127,127,127,127,127,127,127,127],"floor_reached":54,"playtime":2726,"items_purged":["Strike_R"],"score":831,"play_id":"b5b2f70a-f97f-4eb2-98d4-793c220873f2","local_time":"20190130010906","is_ascension_mode":true,"campfire_choices":[{"data":"Inflame","floor":6,"key":"SMITH"},{"data":"Reaper","floor":8,"key":"SMITH"},{"data":"Rage","floor":15,"key":"SMITH"},{"data":"Whirlwind","floor":23,"key":"SMITH"},{"data":"Limit Break","floor":25,"key":"SMITH"},{"data":"Body Slam","floor":27,"key":"SMITH"},{"floor":30,"key":"REST"},{"floor":32,"key":"REST"},{"data":"Corruption","floor":40,"key":"SMITH"},{"data":"Double Tap","floor":42,"key":"SMITH"},{"data":"Shockwave","floor":45,"key":"SMITH"},{"floor":49,"key":"RECALL"},{"data":"Warcry","floor":52,"key":"SMITH"}],"neow_cost":"NONE","seed_source_timestamp":1662920627314824,"circlet_count":0,"master_deck":["Strike_R","Defend_R","Defend_R","Defend_R","Defend_R","Bash+1","Anger+1","Inflame+1","Iron Wave","Reaper+1","Warcry+1","Sword Boomerang","Rage+1","Double Tap+1","Body Slam+1","Whirlwind+1","Limit Break+1","Seeing Red+1","Flame Barrier","Shrug It Off","Inflame+1","Offering+1","Body Slam+1","Battle Trance+1","Battle Trance+1","Corruption+1","Shockwave+1","Finesse","Fire Breathing+1","Fire Breathing+1","True Grit+1","Impervious","Blood for Blood","Ghostly Armor+1","Entrench+1","Evolve"],"relics":["Burning Blood","Art of War","Omamori","Singing Bowl","Odd Mushroom","Red Skull","Sozu","Meat on the Bone","Prayer Wheel","Matryoshka","Ornamental Fan","Astrolabe","Oddly Smooth Stone","Molten Egg 2"],"potions_floor_usage":[13,24],"damage_taken":[{"damage":6,"enemies":"Cultist","floor":1,"turns":3},{"damage":0,"enemies":"Small Slimes","floor":5,"turns":3},{"damage":20,"enemies":"Lagavulin","floor":7,"turns":4},{"damage":32,"enemies":"Gremlin Nob","floor":10,"turns":4},{"damage":3,"enemies":"2 Louse","floor":11,"turns":2},{"damage":4,"enemies":"Exordium Wildlife","floor":12,"turns":4},{"damage":2,"enemies":"The Mushroom Lair","floor":13,"turns":3},{"damage":15,"enemies":"3 Sentries","floor":14,"turns":6},{"damage":61,"enemies":"Hexaghost","floor":16,"turns":8},{"damage":7,"enemies":"Chosen","floor":18,"turns":3},{"damage":0,"enemies":"Shell Parasite","floor":20,"turns":2},{"damage":23,"enemies":"Cultist and Chosen","floor":21,"turns":5},{"damage":20,"enemies":"Snecko","floor":22,"turns":5},{"damage":37,"enemies":"Slavers","floor":24,"turns":4},{"damage":20,"enemies":"Snake Plant","floor":28,"turns":4},{"damage":33,"enemies":"Centurion and Healer","floor":29,"turns":5},{"damage":36,"enemies":"Book of Stabbing","floor":31,"turns":5},{"damage":80,"enemies":"Champ","floor":33,"turns":10},{"damage":27,"enemies":"3 Shapes","floor":35,"turns":7},{"damage":8,"enemies":"Orb Walker","floor":36,"turns":2},{"damage":12,"enemies":"Maw","floor":39,"turns":6},{"damage":27,"enemies":"Writhing Mass","floor":41,"turns":4},{"damage":29,"enemies":"Transient","floor":46,"turns":5},{"damage":48,"enemies":"4 Shapes","floor":47,"turns":4},{"damage":77,"enemies":"Awakened One","floor":50,"turns":10},{"damage":87,"enemies":"Shield and Spear","floor":54,"turns":3}],"seed_played":"-8931099054418488843","potions_obtained":[{"floor":1,"key":"Energy Potion"},{"floor":7,"key":"Block Potion"}],"is_trial":false,"path_per_floor":["M","T","?","$","M","R","E","R","T","E","M","M","?","E","R","B",null,"M","?","M","M","M","R","E","R","T","R","M","M","R","E","R","B",null,"M","M","$","?","M","R","M","R","T","$","R","M","M","?","R","B",null,"R","$","E"],"character_chosen":"IRONCLAD","items_purchased":["Inflame","Corruption","Shockwave","Finesse","Blood for Blood","Molten Egg 2"],"campfire_rested":2,"item_purchase_floors":[4,37,37,37,44,44],"current_hp_per_floor":[80,80,80,80,80,80,66,66,66,48,53,55,78,82,82,43,84,83,83,86,78,64,64,62,62,62,62,60,49,76,58,85,50,94,79,79,79,79,73,73,64,64,64,64,64,53,25,86,86,27,86,86,86,0],"gold":127,"neow_bonus":"UPGRADE_CARD","is_prod":false,"is_daily":false,"chose_seed":false,"campfire_upgraded":10,"win_rate":0,"timestamp":1548778146,"path_taken":["M","?","?","$","M","R","E","R","T","E","M","M","?","E","R","BOSS","M","?","M","M","M","R","E","R","T","R","M","M","R","E","R","BOSS","M","M","$","?","M","R","M","R","T","$","R","M","?","?","R","BOSS","R","$","E"],"build_version":"2019-01-23","purchased_purges":1,"victory":false,"max_hp_per_floor":[80,80,80,80,80,80,80,80,80,80,82,82,84,84,84,84,84,84,84,86,88,88,88,88,88,88,88,88,92,92,92,92,94,94,94,96,96,96,96,96,96,96,96,96,96,96,98,86,86,86,86,86,86,86],"card_choices":[{"not_picked":["Searing Blow","Headbutt"],"picked":"Anger","floor":1},{"not_picked":["Perfected Strike","Headbutt"],"picked":"Iron Wave","floor":5},{"not_picked":["Combust","Intimidate"],"picked":"Reaper","floor":7},{"not_picked":["Havoc","Clothesline"],"picked":"Warcry","floor":10},{"not_picked":["Wild Strike","Intimidate","Havoc"],"picked":"Singing Bowl","floor":11},{"not_picked":["Perfected Strike","Searing Blow"],"picked":"Sword Boomerang","floor":12},{"not_picked":["Warcry","Double Tap","Sentinel"],"picked":"Singing Bowl","floor":13},{"not_picked":["Shockwave","Sword Boomerang"],"picked":"Rage","floor":14},{"not_picked":["Fiend Fire","Immolate"],"picked":"Double Tap","floor":16},{"not_picked":["Sword Boomerang","Corruption"],"picked":"Body Slam","floor":18},{"not_picked":["Flex","Rampage","Anger"],"picked":"Singing Bowl","floor":20},{"not_picked":["Anger","Wild Strike","Searing Blow"],"picked":"Singing Bowl","floor":21},{"not_picked":["Rage+1","Havoc"],"picked":"Whirlwind","floor":22},{"not_picked":["Dual Wield","Sword Boomerang"],"picked":"Limit Break","floor":24},{"not_picked":["Pummel","Cleave"],"picked":"Seeing Red+1","floor":28},{"not_picked":["Sword Boomerang","Heavy Blade"],"picked":"Flame Barrier","floor":28},{"not_picked":["Heavy Blade","Corruption","Headbutt+1"],"picked":"Singing Bowl","floor":29},{"not_picked":["Pommel Strike+1","Sword Boomerang","Cleave"],"picked":"Singing Bowl","floor":29},{"not_picked":["Limit Break","Cleave"],"picked":"Shrug It Off","floor":31},{"not_picked":["Double Tap","Dark Embrace","Reaper"],"picked":"Singing Bowl","floor":33},{"not_picked":["Pommel Strike","Shrug It Off+1"],"picked":"Battle Trance+1","floor":35},{"not_picked":["Infernal Blade","Cleave","Shrug It Off"],"picked":"SKIP","floor":35},{"not_picked":["Anger+1","Clothesline+1","Sever Soul+1"],"picked":"Singing Bowl","floor":36},{"not_picked":["Uppercut+1","Immolate"],"picked":"Battle Trance+1","floor":36},{"not_picked":["Wild Strike","Warcry"],"picked":"Fire Breathing+1","floor":39},{"not_picked":["Spot Weakness+1","Iron Wave+1"],"picked":"Fire Breathing+1","floor":39},{"not_picked":["Rampage","Cleave+1"],"picked":"True Grit+1","floor":41},{"not_picked":["Shrug It Off+1","Sword Boomerang"],"picked":"Impervious","floor":41},{"not_picked":["Shrug It Off+1","Perfected Strike+1"],"picked":"Ghostly Armor+1","floor":46},{"not_picked":["Pommel Strike+1","Havoc+1"],"picked":"Entrench+1","floor":46},{"not_picked":["Perfected Strike+1","Cleave+1","Twin Strike+1"],"picked":"Singing Bowl","floor":47},{"not_picked":["Cleave+1","Disarm"],"picked":"Evolve","floor":47}],"player_experience":736890,"relics_obtained":[{"floor":7,"key":"Art of War"},{"floor":9,"key":"Omamori"},{"floor":10,"key":"Singing Bowl"},{"floor":13,"key":"Odd Mushroom"},{"floor":14,"key":"Red Skull"},{"floor":24,"key":"Prayer Wheel"},{"floor":26,"key":"Matryoshka"},{"floor":31,"key":"Ornamental Fan"},{"floor":43,"key":"Oddly Smooth Stone"}],"event_choices":[{"damage_healed":0,"gold_gain":0,"player_choice":"Grow","damage_taken":0,"max_hp_gain":0,"max_hp_loss":0,"event_name":"Living Wall","floor":3,"gold_loss":0,"cards_upgraded":["Anger"]},{"damage_healed":0,"gold_gain":0,"player_choice":"Fought Mushrooms","damage_taken":0,"max_hp_gain":0,"max_hp_loss":0,"event_name":"Mushrooms","floor":13,"gold_loss":0},{"damage_healed":0,"gold_gain":0,"player_choice":"Obtained Relic","damage_taken":0,"relics_obtained":["Meat on the Bone"],"max_hp_gain":0,"max_hp_loss":0,"event_name":"Addict","floor":19,"gold_loss":85},{"damage_healed":0,"gold_gain":0,"player_choice":"Ignored","damage_taken":0,"max_hp_gain":0,"max_hp_loss":0,"event_name":"NoteForYourself","floor":38,"gold_loss":0},{"damage_healed":86,"gold_gain":0,"player_choice":"Heal","damage_taken":0,"max_hp_gain":0,"max_hp_loss":12,"event_name":"The Moai Head","floor":48,"gold_loss":0}],"is_beta":false,"boss_relics":[{"not_picked":["Calling Bell","Eternal Feather"],"picked":"Sozu"},{"not_picked":["Runic Pyramid","Fusion Hammer"],"picked":"Astrolabe"}],"items_purged_floors":[4],"is_endless":false,"potions_floor_spawned":[1,7,24,28,29,35,46,47],"killed_by":"Shield and Spear","ascension_level":4}