{"gold_per_floor":[112,132,57,57,57,95,95,134,134,134,154,192,192,192,192,320,320,339,339,352,352,352,352,395,395],"floor_reached":25,"playtime":734,"items_purged":["Strike_R"],"score":351,"play_id":"f450fd98-6e98-4c88-9ea9-ea48b3d56220","local_time":"20181222111730","is_ascension_mode":true,"campfire_choices":[{"data":"Rampage","floor":7,"key":"SMITH"},{"data":"Spot Weakness","floor":10,"key":"SMITH"},{"data":"Armaments","floor":13,"key":"SMITH"},{"floor":15,"key":"REST"},{"data":"Limit Break","floor":23,"key":"SMITH"}],"neow_cost":"NONE","seed_source_timestamp":103947364935177,"circlet_count":0,"master_deck":["Strike_R+1","Strike_R","Defend_R","Defend_R","Defend_R","Defend_R+1","Bash","Rampage+1","Spot Weakness+1","Heavy Blade+1","Warcry","Armaments+1","Limit Break+1","Flex","Headbutt+1","Warcry"],"relics":["Burning Blood","NeowsBlessing","Golden Idol","Dead Branch","Paper Frog","Pear","Juzu Bracelet","Black Star","Centennial Puzzle","Oddly Smooth Stone"],"potions_floor_usage":[20,24],"damage_taken":[{"damage":0,"enemies":"Cultist","floor":1,"turns":1},{"damage":0,"enemies":"Jaw Worm","floor":2,"turns":1},{"damage":0,"enemies":"3 Sentries","floor":6,"turns":1},{"damage":26,"enemies":"Gremlin Nob","floor":8,"turns":4},{"damage":6,"enemies":"2 Louse","floor":11,"turns":2},{"damage":17,"enemies":"3 Sentries","floor":12,"turns":5},{"damage":22,"enemies":"The Guardian","floor":16,"turns":7},{"damage":28,"enemies":"Spheric Guardian","floor":18,"turns":4},{"damage":34,"enemies":"2 Thieves","floor":20,"turns":5},{"damage":54,"enemies":"Book of Stabbing","floor":24,"turns":4},{"damage":8,"enemies":"Snake Plant","floor":25,"turns":1}],"seed_played":"5764813883762943164","potions_obtained":[{"floor":6,"key":"SpeedPotion"},{"floor":8,"key":"Explosive Potion"},{"floor":18,"key":"LiquidBronze"}],"is_trial":false,"path_per_floor":["M","M","$","?","?","E","R","E","T","R","M","E","R","?","R","B",null,"M","?","M","?","?","R","E","M"],"character_chosen":"IRONCLAD","items_purchased":[],"campfire_rested":1,"item_purchase_floors":[],"current_hp_per_floor":[78,80,80,64,44,50,50,30,40,40,40,29,29,22,49,33,76,54,54,26,56,56,56,8,0],"gold":395,"neow_bonus":"THREE_ENEMY_KILL","is_prod":false,"is_daily":false,"chose_seed":false,"campfire_upgraded":4,"win_rate":0,"timestamp":1545499050,"path_taken":["M","M","$","?","?","E","R","E","T","R","M","E","R","?","R","BOSS","M","?","M","?","?","R","E","M"],"build_version":"2018-12-20","purchased_purges":1,"victory":false,"max_hp_per_floor":[80,80,80,80,80,80,80,80,90,90,90,90,90,90,90,90,90,90,90,90,90,90,90,90,90],"card_choices":[{"not_picked":["Perfected Strike","Warcry"],"picked":"Rampage","floor":1},{"not_picked":["Fire Breathing","Heavy Blade"],"picked":"Spot Weakness","floor":2},{"not_picked":["Warcry","Clash"],"picked":"Heavy Blade","floor":6},{"not_picked":["Searing Blow","Clash","Berserk"],"picked":"SKIP","floor":8},{"not_picked":["Reckless Charge","Ghostly Armor"],"picked":"Warcry","floor":11},{"not_picked":["Sword Boomerang","Headbutt"],"picked":"Armaments","floor":12},{"not_picked":["Dark Embrace","Barricade"],"picked":"Limit Break","floor":16},{"not_picked":["Battle Trance","Sword Boomerang"],"picked":"Flex","floor":18},{"not_picked":["True Grit+1","Iron Wave"],"picked":"Headbutt+1","floor":20},{"not_picked":["Sword Boomerang+1","Ghostly Armor+1"],"picked":"Warcry","floor":24}],"player_experience":318528,"relics_obtained":[{"floor":6,"key":"Dead Branch"},{"floor":8,"key":"Paper Frog"},{"floor":9,"key":"Pear"},{"floor":12,"key":"Juzu Bracelet"},{"floor":24,"key":"Centennial Puzzle"},{"floor":24,"key":"Oddly Smooth Stone"}],"event_choices":[{"damage_healed":0,"gold_gain":0,"player_choice":"Entered Light","damage_taken":16,"max_hp_gain":0,"max_hp_loss":0,"event_name":"Shining Light","floor":4,"gold_loss":0,"cards_upgraded":["Strike_R","Defend_R"]},{"damage_healed":0,"gold_gain":0,"player_choice":"Take Damage","damage_taken":20,"relics_obtained":["Golden Idol"],"max_hp_gain":0,"max_hp_loss":0,"event_name":"Golden Idol","floor":5,"gold_loss":0},{"cards_removed":["Strike_R"],"damage_healed":0,"gold_gain":0,"player_choice":"Card Removal","damage_taken":7,"max_hp_gain":0,"max_hp_loss":0,"event_name":"Golden Wing","floor":14,"gold_loss":0},{"cards_removed":["Strike_R"],"damage_healed":0,"gold_gain":0,"player_choice":"Elegance","damage_taken":0,"max_hp_gain":0,"max_hp_loss":0,"event_name":"Back to Basics","floor":19,"gold_loss":0},{"damage_healed":30,"gold_gain":0,"player_choice":"Heal","damage_taken":0,"max_hp_gain":0,"max_hp_loss":0,"event_name":"The Library","floor":21,"gold_loss":0},{"damage_healed":0,"gold_gain":0,"player_choice":"Upgraded","damage_taken":0,"max_hp_gain":0,"max_hp_loss":0,"event_name":"Upgrade Shrine","floor":22,"gold_loss":0,"cards_upgraded":["Heavy Blade"]}],"is_beta":false,"boss_relics":[{"not_picked":["Busted Crown","Fusion Hammer"],"picked":"Black Star"}],"items_purged_floors":[3],"is_endless":false,"potions_floor_spawned":[6,8,18],"killed_by":"Snake Plant","ascension_level":7}