{"gold_per_floor":[119,119,119,119,138,172,172,202,202,274,291,304,304,57,57,134,134,152,152,152],"floor_reached":20,"playtime":781,"items_purged":[],"score":421,"play_id":"6711f70a-ecf6-44a7-b5cf-63091ce43d30","local_time":"20190202145923","is_ascension_mode":true,"campfire_choices":[{"data":"Bash","floor":7,"key":"SMITH"},{"data":"Corruption","floor":13,"key":"SMITH"},{"data":"Pummel","floor":15,"key":"SMITH"}],"neow_cost":"NONE","seed_source_timestamp":417110644536340,"circlet_count":0,"master_deck":["AscendersBane","Strike_R+1","Strike_R+1","Strike_R+1","Strike_R+1","Defend_R+1","Defend_R+1","Defend_R+1","Defend_R+1","Bash+1","Shrug It Off","Burning Pact","Burning Pact","Clash","Rage","Corruption+1","Pummel+1","Juggernaut","Infernal Blade"],"relics":["Burning Blood","NeowsBlessing","Torii","Mango","Vajra","Calipers","Mummified Hand","Brimstone","Black Star"],"potions_floor_usage":[8,8],"damage_taken":[{"damage":0,"enemies":"Cultist","floor":1,"turns":1},{"damage":0,"enemies":"Jaw Worm","floor":5,"turns":1},{"damage":0,"enemies":"Gremlin Nob","floor":6,"turns":1},{"damage":25,"enemies":"3 Sentries","floor":8,"turns":8},{"damage":14,"enemies":"Small Slimes","floor":11,"turns":7},{"damage":9,"enemies":"3 Louse","floor":12,"turns":5},{"damage":0,"enemies":"Slime Boss","floor":16,"turns":6},{"damage":17,"enemies":"Shell Parasite","floor":18,"turns":4},{"damage":36,"enemies":"Colosseum Slavers","floor":20,"turns":3},{"damage":46,"enemies":"Colosseum Nobs","floor":20,"turns":3}],"seed_played":"3632739819047994703","potions_obtained":[{"floor":5,"key":"Fire Potion"},{"floor":6,"key":"AttackPotion"}],"is_trial":false,"path_per_floor":["M","?","?","$","M","E","R","E","T","T","M","M","R","$","R","B",null,"M","?","?"],"character_chosen":"IRONCLAD","items_purchased":["Brimstone","Pummel"],"campfire_rested":0,"item_purchase_floors":[14,14],"current_hp_per_floor":[78,66,59,59,65,85,85,66,66,66,58,55,55,55,55,61,86,75,75,0],"gold":152,"neow_bonus":"THREE_ENEMY_KILL","is_prod":false,"is_daily":false,"chose_seed":false,"campfire_upgraded":3,"win_rate":0,"timestamp":1549141163,"path_taken":["M","?","?","?","M","E","R","E","T","?","?","M","R","$","R","BOSS","M","?","?"],"build_version":"2019-01-23","purchased_purges":0,"victory":false,"max_hp_per_floor":[80,80,80,80,80,94,94,94,94,94,94,94,94,94,94,94,94,94,94,94],"card_choices":[{"not_picked":["Clash","Havoc"],"picked":"Shrug It Off","floor":1},{"not_picked":["Havoc","Clash"],"picked":"Burning Pact","floor":5},{"not_picked":["Reckless Charge","Flex"],"picked":"Burning Pact","floor":6},{"not_picked":["Heavy Blade","Perfected Strike"],"picked":"Clash","floor":8},{"not_picked":["Headbutt","Anger"],"picked":"Rage","floor":11},{"not_picked":["True Grit","Anger"],"picked":"Corruption","floor":12},{"not_picked":["Impervious","Offering"],"picked":"Juggernaut","floor":16},{"not_picked":["Searing Blow","Body Slam"],"picked":"Infernal Blade","floor":18}],"player_experience":515813,"relics_obtained":[{"floor":6,"key":"Mango"},{"floor":8,"key":"Vajra"},{"floor":9,"key":"Calipers"},{"floor":10,"key":"Mummified Hand"}],"event_choices":[{"damage_healed":0,"gold_gain":0,"player_choice":"Success","damage_taken":12,"relics_obtained":["Torii"],"max_hp_gain":0,"max_hp_loss":0,"event_name":"Scrap Ooze","floor":2,"gold_loss":0},{"cards_removed":["Strike_R"],"damage_healed":0,"gold_gain":0,"player_choice":"Card Removal","damage_taken":7,"max_hp_gain":0,"max_hp_loss":0,"event_name":"Golden Wing","floor":3,"gold_loss":0},{"damage_healed":0,"gold_gain":0,"player_choice":"Simplicity","damage_taken":0,"max_hp_gain":0,"max_hp_loss":0,"event_name":"Back to Basics","floor":19,"gold_loss":0,"cards_upgraded":["Strike_R","Strike_R","Strike_R","Strike_R","Defend_R","Defend_R","Defend_R","Defend_R"]},{"damage_healed":0,"gold_gain":0,"player_choice":"Fight","damage_taken":0,"max_hp_gain":0,"max_hp_loss":0,"event_name":"Colosseum","floor":20,"gold_loss":0},{"damage_healed":0,"gold_gain":0,"player_choice":"Fought Nobs","damage_taken":0,"max_hp_gain":0,"max_hp_loss":0,"event_name":"Colosseum","floor":20,"gold_loss":0}],"is_beta":false,"boss_relics":[{"not_picked":["Cursed Key","Tiny House"],"picked":"Black Star"}],"items_purged_floors":[],"is_endless":false,"potions_floor_spawned":[5,6,20],"killed_by":"Colosseum Nobs","ascension_level":13}