{"gold_per_floor":[117,130,143,143,166,199,199,47,47,47,47,91,112,148,148,273,273,296,287,305,63,63,84,119,119,143,143,161,192,210,64,64,187,187,208,541,541,541,552,552,581,94,94,94,94,194,194,51,51,51],"floor_reached":51,"playtime":2577,"items_purged":["Writhe"],"score":977,"play_id":"aaeae3db-0031-41d3-b784-2b4dc7948860","local_time":"20190204141527","is_ascension_mode":true,"campfire_choices":[{"floor":11.0,"key":"REST"},{"floor":15,"key":"REST"},{"floor":25,"key":"REST"},{"data":"Dual Wield","floor":32,"key":"SMITH"},{"data":"Exhume","floor":40,"key":"SMITH"},{"floor":45,"key":"REST"},{"data":"Panache","floor":49,"key":"SMITH"}],"neow_cost":"NONE","seed_source_timestamp":0,"circlet_count":0,"master_deck":["Strike_R+1","Strike_R+1","Strike_R+1","Strike_R+1","Strike_R+1","Defend_R+1","Defend_R+1","Defend_R+1","Defend_R+1","Bash+1","Anger","Clash+1","Iron Wave","Iron Wave","Rampage+1","Offering+1","Intimidate","Flame Barrier+1","Dual Wield+1","Anger","Pommel Strike","Warcry","Cleave","Flex","Metallicize+1","Clash","Iron Wave","Exhume+1","Cleave+1","Cleave+1","Clash+1","Good Instincts","Good Instincts","Panacea","Panache+1","Clash"],"special_seed":0,"relics":["Burning Blood","Strawberry","Whetstone","Question Card","Magic Flower","Blood Vial","Lizard Tail","Ornamental Fan","Darkstone Periapt","War Paint","Du-Vu Doll","Oddly Smooth Stone","Runic Cube","Gremlin Horn","Self Forming Clay","Membership Card","Juzu Bracelet","Unceasing Top","Bottled Flame","Champion Belt","ClockworkSouvenir"],"potions_floor_usage":[19,23,24,29,33,33,33,46,50],"damage_taken":[{"damage":1.0,"enemies":"Cultist","floor":1.0,"turns":3.0},{"damage":9.0,"enemies":"2 Louse","floor":2.0,"turns":3.0},{"damage":2.0,"enemies":"Jaw Worm","floor":3.0,"turns":3.0},{"damage":6.0,"enemies":"Looter","floor":5.0,"turns":3.0},{"damage":31.0,"enemies":"Lagavulin","floor":6.0,"turns":6.0},{"damage":0.0,"enemies":"Gremlin Nob","floor":12.0,"turns":3.0},{"damage":0.0,"enemies":"Lots of Slimes","floor":13.0,"turns":4.0},{"damage":14,"enemies":"3 Sentries","floor":14,"turns":6},{"damage":32,"enemies":"Slime Boss","floor":16,"turns":10},{"damage":27,"enemies":"Spheric Guardian","floor":18,"turns":4},{"damage":13,"enemies":"2 Thieves","floor":19,"turns":4},{"damage":25,"enemies":"Cultist and Chosen","floor":20,"turns":6},{"damage":13,"enemies":"Snake Plant","floor":23,"turns":3},{"damage":42,"enemies":"Gremlin Leader","floor":24,"turns":7},{"damage":7,"enemies":"3 Cultists","floor":28,"turns":4},{"damage":19,"enemies":"Book of Stabbing","floor":29,"turns":6},{"damage":9,"enemies":"Centurion and Healer","floor":30,"turns":5},{"damage":68,"enemies":"Champ","floor":33,"turns":15},{"damage":30,"enemies":"3 Shapes","floor":35,"turns":3},{"damage":21,"enemies":"3 Darklings","floor":39,"turns":6},{"damage":46,"enemies":"Giant Head","floor":41,"turns":8},{"damage":9,"enemies":"Mind Bloom Boss Battle","floor":46,"turns":5},{"damage":104,"enemies":"Time Eater","floor":50,"turns":11}],"seed_played":"1025037662877888603","potions_obtained":[{"floor":2.0,"key":"Explosive Potion"},{"floor":3.0,"key":"Swift Potion"},{"floor":12.0,"key":"Strength Potion"},{"floor":14,"key":"LiquidBronze"},{"floor":16,"key":"Ancient Potion"},{"floor":20,"key":"AttackPotion"},{"floor":28,"key":"Energy Potion"},{"floor":29,"key":"Block Potion"},{"floor":30,"key":"SpeedPotion"},{"floor":41,"key":"PowerPotion"},{"floor":46,"key":"Explosive Potion"}],"is_trial":false,"path_per_floor":["M","M","M","?","M","E","?","$","T","?","R","E","M","E","R","B",null,"M","M","M","$","?","M","E","R","T","?","M","E","M","$","R","B",null,"M","?","T","?","M","R","E","$","T","?","R","?","?","$","R","B",null],"character_chosen":"IRONCLAD","items_purchased":["Whetstone","Ornamental Fan","Oddly Smooth Stone","Membership Card","Juzu Bracelet","Unceasing Top","Good Instincts","ClockworkSouvenir"],"campfire_rested":4,"item_purchase_floors":[8,21,31,42,42,42,42,48],"current_hp_per_floor":[88,85,88,66,66,48,29,29,29,29,57,63,72,67,95,72,95,77,76,63,63,63,62,32,60,60,105,105,95,98,98,98,42,105,84,84,84,84,75,75,41,41,41,31,62,65,97,97,97,92],"gold":51,"neow_bonus":"TEN_PERCENT_HP_BONUS","is_prod":false,"is_daily":false,"chose_seed":false,"campfire_upgraded":3,"win_rate":0,"timestamp":1549260927,"path_taken":["M","?","M","?","M","E","?","$","T","?","R","E","?","E","R","BOSS","M","?","M","$","?","M","E","R","T","?","M","E","?","?","R","BOSS","M","?","?","?","M","R","E","$","T","?","R","?","?","?","R","BOSS"],"build_version":"2019-01-23","purchased_purges":1,"victory":true,"max_hp_per_floor":[88,88,88,88,88,95,95,95,95,95,95,95,95,95,95,95,95,95,95,95,95,95,95,95,95,95,105,105,105,105,105,105,105,105,105,105,105,105,105,105,105,105,105,105,105,105,111,111,111,111],"card_choices":[{"not_picked":["Feel No Pain","Fire Breathing"],"picked":"Anger","floor":1.0},{"not_picked":["Cleave","Armaments"],"picked":"Clash","floor":2.0},{"not_picked":["Body Slam","Headbutt"],"picked":"Iron Wave","floor":3.0},{"not_picked":["Second Wind","Shrug It Off"],"picked":"Iron Wave","floor":5.0},{"not_picked":["Flex","Wild Strike"],"picked":"Rampage","floor":6.0},{"not_picked":["Metallicize","Shrug It Off","Perfected Strike"],"picked":"Flame Barrier","floor":12.0},{"not_picked":["Intimidate","True Grit","Barricade"],"picked":"Dual Wield","floor":13.0},{"not_picked":["Twin Strike","Iron Wave","Flame Barrier"],"picked":"Anger","floor":14},{"not_picked":["Limit Break","Berserk","Juggernaut"],"picked":"Demon Form","floor":16},{"not_picked":["Shrug It Off","Blood for Blood+1","Twin Strike"],"picked":"Pommel Strike","floor":18},{"not_picked":["Wild Strike","Havoc","Corruption","Feel No Pain"],"picked":"SKIP","floor":19},{"not_picked":["Carnage+1","True Grit","Headbutt"],"picked":"Warcry","floor":20},{"not_picked":["Hemokinesis","Sever Soul","Shrug It Off"],"picked":"Cleave","floor":23},{"not_picked":["Clash","Havoc","Warcry"],"picked":"Flex","floor":24},{"not_picked":["Heavy Blade","True Grit+1","Dual Wield"],"picked":"Metallicize+1","floor":28},{"not_picked":["Reckless Charge","Sentinel","Juggernaut"],"picked":"Clash","floor":29},{"not_picked":["Havoc+1","Second Wind","Twin Strike"],"picked":"Iron Wave","floor":30},{"not_picked":["Limit Break","Impervious","Berserk"],"picked":"Exhume","floor":33},{"not_picked":["Shrug It Off","Perfected Strike","Clash"],"picked":"Cleave+1","floor":35},{"not_picked":["Armaments","Rampage+1","Fire Breathing+1"],"picked":"Cleave+1","floor":39},{"not_picked":["Perfected Strike+1","Headbutt+1","Barricade"],"picked":"Clash+1","floor":41},{"not_picked":["Forethought","Apotheosis","Purity"],"picked":"Good Instincts","floor":44},{"not_picked":["Good Instincts","Bandage Up","Deep Breath"],"picked":"Panacea","floor":44},{"not_picked":["Sadistic Nature","Dark Shackles","Purity"],"picked":"Panache","floor":44},{"not_picked":["Anger","Disarm+1","Havoc"],"picked":"Clash","floor":46}],"player_experience":54795,"relics_obtained":[{"floor":6.0,"key":"Strawberry"},{"floor":9.0,"key":"Question Card"},{"floor":12.0,"key":"Magic Flower"},{"floor":14,"key":"Blood Vial"},{"floor":24,"key":"Darkstone Periapt"},{"floor":26,"key":"War Paint"},{"floor":29,"key":"Du-Vu Doll"},{"floor":37,"key":"Gremlin Horn"},{"floor":41,"key":"Self Forming Clay"},{"floor":43,"key":"Bottled Flame"},{"floor":46,"key":"Champion Belt"}],"event_choices":[{"damage_healed":0.0,"max_hp_gain":0.0,"max_hp_loss":0.0,"gold_gain":0.0,"event_name":"Golden Idol","player_choice":"Take Damage","floor":4.0,"gold_loss":0.0,"damage_taken":22.0,"relics_obtained":["Golden Idol"]},{"damage_healed":0.0,"max_hp_gain":0.0,"max_hp_loss":0.0,"gold_gain":0.0,"event_name":"Shining Light","player_choice":"Entered Light","floor":7.0,"gold_loss":0.0,"damage_taken":19.0,"cards_upgraded":["Rampage","Clash"]},{"damage_healed":0.0,"max_hp_gain":0.0,"max_hp_loss":0.0,"gold_gain":0.0,"event_name":"Match and Keep!","player_choice":"2 cards matched","floor":10.0,"gold_loss":0.0,"damage_taken":0.0,"cards_obtained":["Offering","Intimidate"]},{"damage_healed":0,"gold_gain":0,"player_choice":"Simplicity","damage_taken":0,"max_hp_gain":0,"max_hp_loss":0,"event_name":"Back to Basics","floor":22,"gold_loss":0,"cards_upgraded":["Strike_R","Strike_R","Strike_R","Strike_R","Defend_R","Defend_R","Defend_R","Defend_R"]},{"cards_removed":["Demon Form"],"damage_healed":35,"gold_gain":0,"player_choice":"Offered Rare","damage_taken":0,"max_hp_gain":10,"max_hp_loss":0,"event_name":"Bonfire Elementals","floor":27,"gold_loss":0},{"damage_healed":0,"gold_gain":333,"player_choice":"Gave Idol","damage_taken":0,"max_hp_gain":0,"max_hp_loss":0,"event_name":"The Moai Head","floor":36,"relics_lost":["Golden Idol"],"gold_loss":0},{"damage_healed":0,"gold_gain":0,"player_choice":"Ignored","damage_taken":0,"max_hp_gain":0,"max_hp_loss":0,"event_name":"Tomb of Lord Red Mask","floor":38,"gold_loss":0},{"damage_healed":0,"gold_gain":0,"player_choice":"Memory 3","damage_taken":10,"max_hp_gain":0,"max_hp_loss":0,"event_name":"SensoryStone","floor":44,"gold_loss":0},{"damage_healed":0,"gold_gain":0,"player_choice":"Fight","damage_taken":0,"max_hp_gain":0,"max_hp_loss":0,"event_name":"MindBloom","floor":46,"gold_loss":0},{"damage_healed":26,"gold_gain":0,"player_choice":"Writhe","damage_taken":0,"max_hp_gain":0,"max_hp_loss":0,"event_name":"Winding Halls","floor":47,"gold_loss":0,"cards_obtained":["Writhe"]}],"is_beta":false,"boss_relics":[{"not_picked":["Orrery","Snecko Eye"],"picked":"Lizard Tail"},{"not_picked":["Fusion Hammer","Mark of Pain"],"picked":"Runic Cube"}],"items_purged_floors":[48],"is_endless":false,"potions_floor_spawned":[2,3,12,14,16,20,28,29,30,41,46],"ascension_level":2}