{"gold_per_floor":[110,11,23,40,59,59,59,86,155,155,182,182,182,201,201,299,299,269,269,169,169,169,169,169,169,169,169,169,169,169,169,169,169,169,169,169,79,79,79,79,1,1,1,1,1,1,1,1,1,1],"floor_reached":50,"playtime":1861,"items_purged":["Strike_R","Strike_R"],"score":569,"play_id":"1c01d3a1-75e8-49ac-90bf-969f83f8fc73","local_time":"20190201212011","is_ascension_mode":true,"campfire_choices":[{"data":"Immolate","floor":6,"key":"SMITH"},{"data":"Shockwave","floor":10,"key":"SMITH"},{"floor":13,"key":"REST"},{"data":"Bash","floor":15,"key":"SMITH"},{"data":"Inflame","floor":23,"key":"SMITH"},{"data":"Reckless Charge","floor":27,"key":"SMITH"},{"data":"Defend_R","floor":30,"key":"SMITH"},{"floor":32,"key":"REST"},{"floor":42,"key":"RECALL"},{"floor":49,"key":"REST"}],"neow_cost":"NONE","seed_source_timestamp":1909257750227193,"circlet_count":0,"master_deck":["Strike_R+1","Strike_R+1","Defend_R+1","Defend_R+1","Defend_R+1","Defend_R+1","Bash+1","Inflame+1","Wild Strike+1","Cleave+1","Immolate+1","Shockwave+1","Reckless Charge+1","Double Tap+1","Spot Weakness+1","Burning Pact+1","Shrug It Off+1","Rage+1","Impervious+1","Second Wind+1","Infernal Blade+1","Intimidate+1","Ghostly Armor+1","Doubt","Madness+1","Madness+1"],"relics":["Burning Blood","Whetstone","Charon\u0027s Ashes","Toxic Egg 2","War Paint","Ectoplasm","Pear","Self Forming Clay","MutagenicStrength","Mark of Pain","Dodecahedron"],"potions_floor_usage":[16,25,45,50],"damage_taken":[{"damage":3,"enemies":"Small Slimes","floor":1,"turns":4},{"damage":4,"enemies":"Jaw Worm","floor":3,"turns":3},{"damage":1,"enemies":"Cultist","floor":4,"turns":3},{"damage":31,"enemies":"Large Slime","floor":5,"turns":4},{"damage":16,"enemies":"Gremlin Nob","floor":8,"turns":3},{"damage":20,"enemies":"Lagavulin","floor":11,"turns":3},{"damage":3,"enemies":"Looter","floor":14,"turns":2},{"damage":40,"enemies":"The Guardian","floor":16,"turns":10},{"damage":9,"enemies":"2 Thieves","floor":18,"turns":2},{"damage":0,"enemies":"Chosen","floor":19,"turns":2},{"damage":28,"enemies":"Snake Plant","floor":21,"turns":3},{"damage":0,"enemies":"Snecko","floor":24,"turns":3},{"damage":25,"enemies":"Book of Stabbing","floor":25,"turns":4},{"damage":63,"enemies":"Automaton","floor":33,"turns":7},{"damage":12,"enemies":"3 Darklings","floor":35,"turns":4},{"damage":7,"enemies":"Orb Walker","floor":36,"turns":3},{"damage":11,"enemies":"3 Darklings","floor":38,"turns":4},{"damage":19,"enemies":"Spire Growth","floor":39,"turns":5},{"damage":0,"enemies":"4 Shapes","floor":40,"turns":5},{"damage":0,"enemies":"3 Darklings","floor":44,"turns":1},{"damage":50,"enemies":"Transient","floor":45,"turns":5},{"damage":33,"enemies":"Sphere and 2 Shapes","floor":48,"turns":5},{"damage":87,"enemies":"Time Eater","floor":50,"turns":10}],"seed_played":"-3908263281138050360","potions_obtained":[{"floor":5,"key":"Explosive Potion"},{"floor":11,"key":"Ancient Potion"},{"floor":14,"key":"Block Potion"},{"floor":18,"key":"Weak Potion"},{"floor":24,"key":"FearPotion"},{"floor":35,"key":"SpeedPotion"}],"is_trial":false,"path_per_floor":["M","$","M","M","M","R","?","E","T","R","E","?","R","M","R","B",null,"M","M","$","M","?","R","M","E","T","R","$","?","R","T","R","B",null,"M","M","?","M","M","M","$","R","T","M","M","?","?","M","R","B"],"character_chosen":"IRONCLAD","items_purchased":["Wild Strike","Intimidate+1"],"campfire_rested":3,"item_purchase_floors":[2,41],"current_hp_per_floor":[80,80,80,80,55,55,55,45,45,45,31,15,39,42,42,8,80,77,80,80,58,63,63,69,60,60,60,60,60,60,60,87,30,90,84,83,83,78,65,71,71,71,71,77,33,90,79,52,79,0],"gold":1,"neow_bonus":"RANDOM_COMMON_RELIC","is_prod":false,"is_daily":false,"chose_seed":false,"campfire_upgraded":6,"win_rate":0,"timestamp":1549023611,"path_taken":["M","$","M","M","M","R","?","E","T","R","E","?","R","M","R","BOSS","M","M","$","M","?","R","M","E","T","R","?","?","R","?","R","BOSS","M","M","?","M","?","?","$","R","T","M","M","?","?","M","R","BOSS"],"build_version":"2019-01-23","purchased_purges":2,"victory":false,"max_hp_per_floor":[80,80,80,80,80,80,80,80,80,80,80,80,80,80,80,80,80,80,80,80,80,80,80,80,90,90,90,90,90,90,90,90,90,90,90,90,90,90,90,90,90,90,90,90,90,90,90,90,90,90],"card_choices":[{"not_picked":["True Grit","Thunderclap"],"picked":"Inflame","floor":1},{"not_picked":["Bloodletting","Flex"],"picked":"Cleave","floor":3},{"not_picked":["Pummel","Sword Boomerang"],"picked":"Immolate","floor":4},{"not_picked":["Entrench","Flex"],"picked":"Clash","floor":5},{"not_picked":["Wild Strike","Heavy Blade"],"picked":"Shockwave","floor":8},{"not_picked":["Wild Strike","Flex+1","Fire Breathing"],"picked":"SKIP","floor":11},{"not_picked":["Sword Boomerang","Headbutt"],"picked":"Reckless Charge","floor":14},{"not_picked":["Berserk","Brutality"],"picked":"Double Tap+1","floor":16},{"not_picked":["Havoc+1","Sword Boomerang"],"picked":"Spot Weakness+1","floor":18},{"not_picked":["Anger","Blood for Blood"],"picked":"Burning Pact+1","floor":19},{"not_picked":["Searing Blow","Shockwave+1"],"picked":"Shrug It Off+1","floor":21},{"not_picked":["Dual Wield+1","Perfected Strike+1","Shrug It Off+1"],"picked":"SKIP","floor":24},{"not_picked":["Dual Wield+1","Corruption+1"],"picked":"Rage+1","floor":25},{"not_picked":["Bludgeon","Juggernaut"],"picked":"Impervious+1","floor":33},{"not_picked":["Headbutt","Clash"],"picked":"Second Wind+1","floor":35},{"not_picked":["Twin Strike+1","Cleave+1","Havoc+1"],"picked":"SKIP","floor":36},{"not_picked":["True Grit+1","Rampage","Cleave+1"],"picked":"SKIP","floor":38},{"not_picked":["Cleave","Perfected Strike","Uppercut+1"],"picked":"SKIP","floor":39},{"not_picked":["Cleave","Perfected Strike","Uppercut+1"],"picked":"SKIP","floor":39},{"not_picked":["Flame Barrier+1","Heavy Blade"],"picked":"Infernal Blade+1","floor":40},{"not_picked":["Heavy Blade","Thunderclap+1"],"picked":"Ghostly Armor+1","floor":44},{"not_picked":["Clash","Clothesline","Havoc+1"],"picked":"SKIP","floor":45},{"not_picked":["Immolate","Pommel Strike","Anger+1"],"picked":"SKIP","floor":48}],"player_experience":767154,"relics_obtained":[{"floor":8,"key":"Charon\u0027s Ashes"},{"floor":9,"key":"Toxic Egg 2"},{"floor":11,"key":"War Paint"},{"floor":25,"key":"Pear"},{"floor":26,"key":"Self Forming Clay"},{"floor":43,"key":"Dodecahedron"}],"event_choices":[{"damage_healed":0,"gold_gain":0,"player_choice":"Grow","damage_taken":0,"max_hp_gain":0,"max_hp_loss":0,"event_name":"Living Wall","floor":7,"gold_loss":0,"cards_upgraded":["Wild Strike"]},{"damage_healed":0,"gold_gain":0,"player_choice":"Entered Light","damage_taken":16,"max_hp_gain":0,"max_hp_loss":0,"event_name":"Shining Light","floor":12,"gold_loss":0,"cards_upgraded":["Strike_R","Cleave"]},{"cards_removed":["Clash"],"damage_healed":5,"gold_gain":0,"player_choice":"Offered Common","damage_taken":0,"max_hp_gain":0,"max_hp_loss":0,"event_name":"Bonfire Elementals","floor":22,"gold_loss":0},{"cards_removed":["Clash"],"damage_healed":5,"gold_gain":0,"player_choice":"Offered Special","damage_taken":0,"max_hp_gain":0,"max_hp_loss":0,"event_name":"Bonfire Elementals","floor":22,"gold_loss":0},{"damage_healed":0,"gold_gain":0,"player_choice":"Inject Mutagens","damage_taken":0,"relics_obtained":["MutagenicStrength"],"max_hp_gain":0,"max_hp_loss":0,"event_name":"Drug Dealer","floor":29,"gold_loss":0},{"cards_removed":["Strike_R"],"damage_healed":0,"gold_gain":0,"player_choice":"Upgrade and Remove","damage_taken":0,"max_hp_gain":0,"max_hp_loss":0,"event_name":"Designer","floor":37,"gold_loss":90,"cards_upgraded":["Defend_R"]},{"damage_healed":57,"gold_gain":0,"player_choice":"Heal","damage_taken":0,"max_hp_gain":0,"max_hp_loss":0,"event_name":"MindBloom","floor":46,"gold_loss":0,"cards_obtained":["Doubt"]},{"damage_healed":0,"gold_gain":0,"player_choice":"Embrace Madness","damage_taken":11,"max_hp_gain":0,"max_hp_loss":0,"event_name":"Winding Halls","floor":47,"gold_loss":0,"cards_obtained":["Madness","Madness"]}],"is_beta":false,"boss_relics":[{"not_picked":["Velvet Choker","Runic Dome"],"picked":"Ectoplasm"},{"not_picked":["Eternal Feather","Coffee Dripper"],"picked":"Mark of Pain"}],"items_purged_floors":[2,20],"is_endless":false,"potions_floor_spawned":[5,11,14,18,24,35,40],"killed_by":"Time Eater","ascension_level":4}