{"gold_per_floor":[114,114,162,162,175,175,195,195,195,195,205,205,221,21,21,119,119,130,141,141,141,154,154,165,197,244,244,11,11,46,63,63,164,164,181,200,200,170,170,170,189,189,216,230,230,230,265,71,71,71],"floor_reached":51,"playtime":3513,"items_purged":["Regret","Strike_B"],"score":873,"play_id":"70c3e624-b1a7-4d56-be3c-e9de553a50e2","local_time":"20180730103004","is_ascension_mode":true,"campfire_choices":[{"data":"Chaos","floor":6,"key":"SMITH"},{"data":"Zap","floor":8,"key":"SMITH"},{"data":"Dualcast","floor":10,"key":"SMITH"},{"data":"Barrage","floor":15,"key":"SMITH"},{"data":"Coolheaded","floor":23,"key":"SMITH"},{"data":"Electrodynamics","floor":27,"key":"SMITH"},{"floor":32,"key":"REST"},{"data":"Capacitor","floor":40,"key":"SMITH"},{"data":"Defragment","floor":42,"key":"SMITH"},{"data":"Barrage","floor":45,"key":"SMITH"},{"floor":49,"key":"REST"}],"neow_cost":"TEN_PERCENT_HP_LOSS","seed_source_timestamp":16820613158249,"circlet_count":0,"master_deck":["Strike_B","Defend_B","Defend_B","Defend_B","Defend_B","Zap+1","Dualcast+1","Core Surge","Chaos+1","Melter","FTL","Glacier","Barrage+1","Electrodynamics+1","Reboot","Chill+1","Coolheaded+1","Conserve Battery","Go for the Eyes+1","Capacitor+1","Defragment+1","Barrage+1","Reboot","Double Energy+1","Darkness+1","Finesse","Flash of Steel","Finesse","Capacitor+1","Tempest","Machine Learning"],"relics":["Cracked Core","Smiling Mask","Potion Belt","CultistMask","Centennial Puzzle","Strawberry","Empty Cage","Dodecahedron","Question Card","Blood Vial","Anchor","DataDisk","Sozu","Pear","Pen Nib","Molten Egg 2"],"potions_floor_usage":[18,24,25,33,50,50],"damage_taken":[{"damage":0,"enemies":"Cultist","floor":1,"turns":2},{"damage":2,"enemies":"Small Slimes","floor":5,"turns":2},{"damage":14,"enemies":"Jaw Worm","floor":7,"turns":3},{"damage":9,"enemies":"Exordium Thugs","floor":11,"turns":3},{"damage":4,"enemies":"Looter","floor":13,"turns":3},{"damage":4,"enemies":"Slime Boss","floor":16,"turns":6},{"damage":11,"enemies":"3 Byrds","floor":18,"turns":3},{"damage":0,"enemies":"Chosen","floor":19,"turns":4},{"damage":6,"enemies":"Sentry and Sphere","floor":22,"turns":3},{"damage":14,"enemies":"Snake Plant","floor":24,"turns":5},{"damage":6,"enemies":"Gremlin Leader","floor":25,"turns":6},{"damage":0,"enemies":"Slavers","floor":30,"turns":4},{"damage":6,"enemies":"Cultist and Chosen","floor":31,"turns":5},{"damage":39,"enemies":"Automaton","floor":33,"turns":8},{"damage":0,"enemies":"Flame Bruiser 1 Orb","floor":35,"turns":4},{"damage":14,"enemies":"3 Shapes","floor":36,"turns":3},{"damage":0,"enemies":"Maw","floor":41,"turns":6},{"damage":0,"enemies":"Spire Growth","floor":44,"turns":3},{"damage":5,"enemies":"2 Orb Walkers","floor":47,"turns":3},{"damage":39,"enemies":"Awakened One","floor":50,"turns":8}],"seed_played":"8103877535593806373","potions_obtained":[{"floor":7,"key":"LiquidBronze"},{"floor":13,"key":"FairyPotion"},{"floor":18,"key":"Block Potion"},{"floor":19,"key":"Block Potion"},{"floor":30,"key":"PowerPotion"},{"floor":31,"key":"LiquidBronze"},{"floor":33,"key":"SkillPotion"}],"is_trial":false,"path_per_floor":["M","?","T","?","M","R","M","R","T","R","M","?","M","$","R","B",null,"M","M","?","?","M","R","M","E","T","R","$","?","E","M","R","B",null,"M","M","?","?","?","R","M","R","T","M","R","?","E","$","R","B"],"character_chosen":"DEFECT","items_purchased":["Electrodynamics","Capacitor","Anchor","Machine Learning"],"campfire_rested":2,"item_purchase_floors":[14,28,28,48],"current_hp_per_floor":[68,68,68,68,66,66,52,52,52,52,43,50,46,46,46,42,67,56,56,56,56,50,50,36,30,30,30,30,30,32,28,50,13,60,62,50,60,60,50,50,52,52,52,54,54,54,51,51,76,39],"gold":71,"neow_bonus":"THREE_RARE_CARDS","is_prod":false,"is_daily":false,"chose_seed":false,"campfire_upgraded":9,"win_rate":0,"timestamp":1532910604,"path_taken":["M","?","?","?","M","R","?","R","T","R","M","?","M","$","R","BOSS","M","M","?","?","M","R","M","E","T","R","$","?","E","?","R","BOSS","M","M","?","?","?","R","M","R","T","M","R","?","E","$","R","BOSS"],"build_version":"2018-07-26","purchased_purges":2,"victory":true,"max_hp_per_floor":[68,68,68,68,68,68,68,68,68,68,68,75,75,75,75,75,75,75,75,75,75,75,75,75,75,75,75,75,75,75,75,75,75,75,75,75,85,85,85,85,85,85,85,85,85,85,85,85,85,85],"card_choices":[{"not_picked":["Amplify","Hyperbeam"],"picked":"Core Surge","floor":0},{"not_picked":["Leap","Undo"],"picked":"Chaos","floor":1},{"not_picked":["Leap","Steam"],"picked":"Melter","floor":5},{"not_picked":["Beam Cell","Go for the Eyes"],"picked":"FTL","floor":7},{"not_picked":["Cold Snap","Sweeping Beam"],"picked":"Glacier","floor":11},{"not_picked":["Lockon","Glacier"],"picked":"Barrage","floor":13},{"not_picked":["Amplify","Core Surge"],"picked":"Reboot","floor":16},{"not_picked":["Storm+1","Go for the Eyes"],"picked":"Chill+1","floor":18},{"not_picked":["Stack","Recycle"],"picked":"Coolheaded","floor":19},{"not_picked":["Coolheaded","Reinforced Body"],"picked":"Conserve Battery","floor":22},{"not_picked":["Darkness","Rip and Tear"],"picked":"Go for the Eyes+1","floor":24},{"not_picked":["Auto Shields+1","Streamline","Rip and Tear"],"picked":"SKIP","floor":25},{"not_picked":["Lockon+1","Barrage","Core Surge"],"picked":"Defragment","floor":30},{"not_picked":["Reinforced Body","Rebound","Heatsinks"],"picked":"Barrage","floor":31},{"not_picked":["All For One","Multi-Cast","Buffer"],"picked":"Reboot","floor":33},{"not_picked":["Barrage+1","Rebound+1","Doom and Gloom+1"],"picked":"Double Energy+1","floor":35},{"not_picked":["Ball Lightning+1","Steam","Streamline"],"picked":"Darkness+1","floor":36},{"not_picked":["Enlightenment","Mind Blast","Blind"],"picked":"Finesse","floor":39},{"not_picked":["Jack Of All Trades","Good Instincts","Enlightenment"],"picked":"Flash of Steel","floor":39},{"not_picked":["Secret Weapon","Trip","Bandage Up"],"picked":"Finesse","floor":39},{"not_picked":["Reinforced Body+1","Leap+1","Steam","Streamline"],"picked":"SKIP","floor":41},{"not_picked":["Heatsinks+1","Rip and Tear+1","Hello World","Sunder+1"],"picked":"SKIP","floor":44},{"not_picked":["Beam Cell","Hello World+1","Recycle"],"picked":"Tempest","floor":47}],"player_experience":563152,"relics_obtained":[{"floor":3,"key":"Potion Belt"},{"floor":9,"key":"Centennial Puzzle"},{"floor":25,"key":"Question Card"},{"floor":26,"key":"Blood Vial"},{"floor":30,"key":"DataDisk"},{"floor":43,"key":"Pen Nib"},{"floor":47,"key":"Molten Egg 2"}],"event_choices":[{"event_name":"Big Fish","player_choice":"Box","floor":2,"damage_taken":0},{"event_name":"FaceTrader","player_choice":"Trade","floor":4,"damage_taken":0},{"event_name":"WeMeetAgain","player_choice":"Potion","floor":12,"damage_taken":0},{"event_name":"Vampires","player_choice":"Ignored","floor":20,"damage_taken":0},{"event_name":"The Mausoleum","player_choice":"Yes","floor":21,"damage_taken":0},{"event_name":"Drug Dealer","player_choice":"Ignored","floor":29,"damage_taken":0},{"event_name":"Wheel of Change","player_choice":"Relic","floor":37,"damage_taken":0},{"event_name":"The Woman in Blue","player_choice":"Bought 2 Potions","floor":38,"damage_taken":0},{"event_name":"SensoryStone","player_choice":"Memory 3","floor":39,"damage_taken":0},{"event_name":"Duplicator","player_choice":"One dupe","floor":46,"damage_taken":0}],"is_beta":false,"boss_relics":[{"not_picked":["Orrery","Calling Bell"],"picked":"Empty Cage"},{"not_picked":["Busted Crown","Lizard Tail"],"picked":"Sozu"}],"items_purged_floors":[14,48],"is_endless":false,"potions_floor_spawned":[7,13,18,19,30,31,33,35,44],"ascension_level":5}