{"gold_per_floor":[131,243,31,43,6,6,25,44,71,44,44,44,64,93,93,93],"floor_reached":16,"playtime":863,"items_purged":[],"score":100,"play_id":"b0128ef9-9439-4013-814f-fd06baa658e6","local_time":"20181125011705","is_ascension_mode":false,"campfire_choices":[{"data":"Endless Agony","floor":6,"key":"SMITH"},{"data":"Storm of Steel","floor":12,"key":"SMITH"},{"floor":15,"key":"REST"}],"neow_cost":"NONE","seed_source_timestamp":61419280241162,"circlet_count":0,"master_deck":["Defend_G","Defend_G","Defend_G","Defend_G","Defend_G","Strike_G","Strike_G","Strike_G","Strike_G","Strike_G","Survivor","Neutralize","Endless Agony+1","Crippling Poison","Poisoned Stab","Backflip","Storm of Steel+1","Blade Dance","Neutralize","PiercingWail","Dodge and Roll"],"relics":["Ring of the Snake","MawBank","Happy Flower","Oddly Smooth Stone","Pen Nib"],"potions_floor_usage":[16],"damage_taken":[{"damage":0,"enemies":"Cultist","floor":1,"turns":4},{"damage":7,"enemies":"Jaw Worm","floor":4,"turns":5},{"damage":0,"enemies":"Small Slimes","floor":7,"turns":2},{"damage":2,"enemies":"Looter","floor":8,"turns":3},{"damage":13,"enemies":"2 Fungi Beasts","floor":13,"turns":3},{"damage":30,"enemies":"3 Sentries","floor":14,"turns":11},{"damage":42,"enemies":"Slime Boss","floor":16,"turns":12}],"seed_played":"-3190616359525244273","potions_obtained":[{"floor":4,"key":"Block Potion"},{"floor":8,"key":"GhostInAJar"}],"is_trial":false,"path_per_floor":["M","?","$","M","?","R","M","M","T","$","?","R","M","E","R","B"],"character_chosen":"THE_SILENT","items_purchased":["Happy Flower","Crippling Poison","Blade Dance"],"campfire_rested":1,"item_purchase_floors":[3,3,10],"current_hp_per_floor":[70,70,70,63,63,63,63,61,61,61,61,61,48,18,39,0],"gold":93,"neow_bonus":"RANDOM_COMMON_RELIC","is_prod":false,"is_daily":false,"chose_seed":false,"campfire_upgraded":2,"win_rate":0.0,"timestamp":1543126625,"path_taken":["M","?","?","M","?","R","M","M","T","$","?","R","M","E","R","BOSS"],"build_version":"2018-11-15","purchased_purges":0,"victory":false,"max_hp_per_floor":[70,70,70,70,70,70,70,70,70,70,70,70,70,70,70,70],"card_choices":[{"not_picked":["Prepared","Skewer"],"picked":"Endless Agony","floor":1},{"not_picked":["Underhanded Strike","Sucker Punch"],"picked":"Poisoned Stab","floor":4},{"not_picked":["Slice","Crippling Poison"],"picked":"Backflip","floor":7},{"not_picked":["Blur","Backflip"],"picked":"Storm of Steel","floor":8},{"not_picked":["Calculated Gamble","Underhanded Strike"],"picked":"PiercingWail","floor":13},{"not_picked":["Quick Slash","Escape Plan"],"picked":"Dodge and Roll","floor":14}],"player_experience":101917,"relics_obtained":[{"floor":9,"key":"Oddly Smooth Stone"},{"floor":14,"key":"Pen Nib"}],"event_choices":[{"damage_healed":0,"gold_gain":100,"player_choice":"Pray","damage_taken":0,"max_hp_gain":0,"max_hp_loss":0,"event_name":"Golden Shrine","floor":2,"gold_loss":0},{"damage_healed":0,"gold_gain":0,"player_choice":"Left Gold","damage_taken":0,"max_hp_gain":0,"max_hp_loss":0,"event_name":"World of Goop","floor":5,"gold_loss":37},{"damage_healed":0,"gold_gain":0,"player_choice":"1 cards matched","damage_taken":0,"max_hp_gain":0,"max_hp_loss":0,"event_name":"Match and Keep!","floor":11,"gold_loss":0,"cards_obtained":["Neutralize"]}],"is_beta":false,"boss_relics":[],"items_purged_floors":[],"is_endless":false,"potions_floor_spawned":[4,8],"killed_by":"Slime Boss","ascension_level":0}