{"gold_per_floor":[144,189,234,59,104,194,194,239,289,334,346,20,110,155,155,455,455,500,545,590,635,680,680,770,815,815,905,815,815,67,112,112,412,412,457,457,502,502,527,527,617,662,737,857,902,2,2,47,47,47],"floor_reached":51,"playtime":2298,"items_purged":["Reaper"],"score":1038,"play_id":"6ca6eb5a-7f75-475f-91ef-1edd8906114e","local_time":"20180824084742","daily_mods":["Specialized","Midas","Vintage"],"is_ascension_mode":false,"campfire_choices":[{"floor":7,"key":"DIG"},{"floor":11,"key":"DIG"},{"floor":15,"key":"DIG"},{"floor":23,"key":"DIG"},{"floor":29,"key":"DIG"},{"floor":32,"key":"DIG"},{"floor":40,"key":"DIG"},{"floor":49,"key":"DIG"}],"neow_cost":"","seed_source_timestamp":0,"circlet_count":0,"master_deck":["Strike_R","Strike_R","Strike_R","Strike_R+1","Strike_R","Defend_R","Defend_R","Defend_R+1","Defend_R","Bash","Reaper","Reaper+1","Reaper","Clash+1","Warcry","Clash","Flash of Steel","Flex","Ghostly Armor+1","Inflame","Thunderclap+1","Rage","Shrug It Off","Dramatic Entrance+1","Inflame","Offering","Rage+1","Thunderclap+1","Pommel Strike+1","Dropkick+1","Clash+1","Dropkick+1","Shame","Infernal Blade+1","Writhe"],"special_seed":17767,"relics":["Burning Blood","Bronze Scales","Unceasing Top","Orichalcum","Strawberry","Shovel","Omamori","Self Forming Clay","Whetstone","MawBank","Matryoshka","Medical Kit","Red Skull","Torii","War Paint","Bag of Preparation","Cursed Key","Ornamental Fan","Pen Nib","Dream Catcher","Juzu Bracelet","Potion Belt","Vajra","Gremlin Horn","Blood Vial","Molten Egg 2","Anchor","Meat on the Bone","Bottled Tornado","Dodecahedron","Toolbox","Mummified Hand","Boot","Ancient Tea Set","Orrery","Bag of Marbles","Lantern","Peace Pipe","Regal Pillow","Art of War","Toxic Egg 2","Happy Flower","Incense Burner","Pantograph","Tiny Chest","The Courier","Kunai","Singing Bowl","Paper Frog","Pear","Smiling Mask","Shuriken","Darkstone Periapt"],"potions_floor_usage":[3,6,13,14,18,21,27,27,33,50,50,50],"damage_taken":[{"damage":31,"enemies":"Cultist","floor":1,"turns":6},{"damage":3,"enemies":"Small Slimes","floor":2,"turns":5},{"damage":0,"enemies":"Jaw Worm","floor":3,"turns":3},{"damage":9,"enemies":"Looter","floor":5,"turns":3},{"damage":40,"enemies":"3 Sentries","floor":6,"turns":7},{"damage":6,"enemies":"3 Louse","floor":8,"turns":4},{"damage":2,"enemies":"Exordium Wildlife","floor":10,"turns":3},{"damage":23,"enemies":"Lagavulin","floor":13,"turns":6},{"damage":16,"enemies":"Exordium Thugs","floor":14,"turns":3},{"damage":36,"enemies":"The Guardian","floor":16,"turns":13},{"damage":10,"enemies":"Spheric Guardian","floor":18,"turns":4},{"damage":1,"enemies":"2 Thieves","floor":19,"turns":3},{"damage":8,"enemies":"Centurion and Healer","floor":20,"turns":4},{"damage":1,"enemies":"Shelled Parasite and Fungi","floor":21,"turns":3},{"damage":6,"enemies":"Chosen and Byrds","floor":22,"turns":4},{"damage":0,"enemies":"Gremlin Leader","floor":24,"turns":5},{"damage":17,"enemies":"Cultist and Chosen","floor":25,"turns":4},{"damage":2,"enemies":"Book of Stabbing","floor":27,"turns":4},{"damage":0,"enemies":"Shelled Parasite and Fungi","floor":31,"turns":2},{"damage":20,"enemies":"Champ","floor":33,"turns":9},{"damage":0,"enemies":"Orb Walker","floor":35,"turns":2},{"damage":6,"enemies":"Flame Bruiser 1 Orb","floor":37,"turns":1},{"damage":7,"enemies":"Mind Bloom Boss Battle","floor":38,"turns":2},{"damage":6,"enemies":"Nemesis","floor":41,"turns":3},{"damage":6,"enemies":"Spire Growth","floor":42,"turns":2},{"damage":0,"enemies":"2 Orb Walkers","floor":44,"turns":1},{"damage":6,"enemies":"Sphere and 2 Shapes","floor":45,"turns":1},{"damage":6,"enemies":"3 Darklings","floor":48,"turns":1},{"damage":6,"enemies":"Time Eater","floor":50,"turns":4}],"seed_played":"-2736081404112847193","potions_obtained":[{"floor":2,"key":"Block Potion"},{"floor":3,"key":"Strength Potion"},{"floor":8,"key":"SpeedPotion"},{"floor":13,"key":"Strength Potion"},{"floor":16,"key":"Ancient Potion"},{"floor":20,"key":"Block Potion"},{"floor":21,"key":"Weak Potion"},{"floor":24,"key":"EssenceOfSteel"},{"floor":27,"key":"Ancient Potion"},{"floor":33,"key":"EssenceOfSteel"},{"floor":35,"key":"Ancient Potion"},{"floor":44,"key":"Swift Potion"},{"floor":45,"key":"SneckoOil"}],"is_trial":false,"path_per_floor":["M","M","M","$","M","E","R","M","T","M","R","$","E","M","R","B",null,"M","M","M","M","M","R","E","M","T","E","?","R","$","M","R","B",null,"M","?","M","?","T","R","E","M","T","E","M","$","T","M","R","B"],"character_chosen":"IRONCLAD","items_purchased":["Clash","Warcry","Flash of Steel","Medical Kit","Flex","Dodecahedron","Toolbox","Rage","Shrug It Off","Dramatic Entrance+1","Inflame","Kunai","Singing Bowl","Paper Frog","Pear"],"campfire_rested":0,"item_purchase_floors":[4,4,12,12,12,30,30,30,30,30,30,46,46,46,46],"current_hp_per_floor":[69,80,80,80,87,86,86,87,87,87,87,87,75,77,77,63,87,83,87,87,87,87,87,87,76,76,87,87,87,87,87,87,73,87,87,87,87,87,87,87,87,87,87,87,87,97,97,97,97,97],"gold":47,"neow_bonus":"","is_prod":false,"is_daily":true,"chose_seed":false,"campfire_upgraded":0,"win_rate":0,"timestamp":1535093262,"path_taken":["M","M","M","$","M","E","R","M","T","M","R","$","E","M","R","BOSS","M","M","M","M","M","R","E","M","T","E","?","R","$","M","R","BOSS","M","?","M","?","?","R","E","M","T","E","M","$","?","M","R","BOSS"],"build_version":"2018-08-23v2","purchased_purges":1,"victory":true,"max_hp_per_floor":[80,80,80,80,87,87,87,87,87,87,87,87,87,87,87,87,87,87,87,87,87,87,87,87,87,87,87,87,87,87,87,87,87,87,87,87,87,87,87,87,87,87,87,87,87,97,97,97,97,97],"card_choices":[{"not_picked":["Iron Wave","Seeing Red"],"picked":"Clash","floor":6},{"not_picked":["Fire Breathing","Rampage"],"picked":"Ghostly Armor","floor":13},{"not_picked":["Demon Form","Juggernaut"],"picked":"Immolate","floor":16},{"not_picked":["Sword Boomerang","Wild Strike"],"picked":"Inflame","floor":24},{"not_picked":["Perfected Strike+1","Havoc"],"picked":"Thunderclap+1","floor":27},{"not_picked":["Demon Form","Feed+1"],"picked":"Offering","floor":33},{"not_picked":["Dual Wield","Havoc"],"picked":"Rage+1","floor":34},{"not_picked":["Intimidate","Havoc"],"picked":"Thunderclap+1","floor":34},{"not_picked":["Warcry+1","Headbutt+1"],"picked":"Pommel Strike+1","floor":34},{"not_picked":["Pommel Strike+1","Flame Barrier+1"],"picked":"Dropkick+1","floor":34},{"not_picked":["Havoc","Headbutt+1"],"picked":"Clash+1","floor":34},{"not_picked":["Spot Weakness+1","Feed+1"],"picked":"Dropkick+1","floor":41},{"not_picked":["Pommel Strike+1","Cleave+1"],"picked":"Infernal Blade+1","floor":44}],"player_experience":42044,"relics_obtained":[{"floor":1,"key":"Bronze Scales"},{"floor":2,"key":"Unceasing Top"},{"floor":3,"key":"Orichalcum"},{"floor":5,"key":"Strawberry"},{"floor":6,"key":"Shovel"},{"floor":7,"key":"Omamori"},{"floor":8,"key":"Self Forming Clay"},{"floor":9,"key":"Whetstone"},{"floor":10,"key":"MawBank"},{"floor":11,"key":"Matryoshka"},{"floor":13,"key":"Red Skull"},{"floor":14,"key":"Torii"},{"floor":15,"key":"War Paint"},{"floor":16,"key":"Bag of Preparation"},{"floor":18,"key":"Ornamental Fan"},{"floor":19,"key":"Pen Nib"},{"floor":20,"key":"Dream Catcher"},{"floor":21,"key":"Juzu Bracelet"},{"floor":22,"key":"Potion Belt"},{"floor":23,"key":"Vajra"},{"floor":24,"key":"Gremlin Horn"},{"floor":25,"key":"Blood Vial"},{"floor":26,"key":"Molten Egg 2"},{"floor":26,"key":"Anchor"},{"floor":27,"key":"Meat on the Bone"},{"floor":29,"key":"Bottled Tornado"},{"floor":31,"key":"Mummified Hand"},{"floor":32,"key":"Boot"},{"floor":33,"key":"Ancient Tea Set"},{"floor":35,"key":"Bag of Marbles"},{"floor":37,"key":"Lantern"},{"floor":38,"key":"Peace Pipe"},{"floor":39,"key":"Regal Pillow"},{"floor":39,"key":"Art of War"},{"floor":40,"key":"Toxic Egg 2"},{"floor":41,"key":"Happy Flower"},{"floor":42,"key":"Incense Burner"},{"floor":43,"key":"Pantograph"},{"floor":44,"key":"Tiny Chest"},{"floor":45,"key":"The Courier"},{"floor":47,"key":"Smiling Mask"},{"floor":48,"key":"Shuriken"},{"floor":49,"key":"Darkstone Periapt"}],"event_choices":[{"event_name":"Designer","player_choice":"Full Service","floor":28,"damage_taken":0},{"event_name":"Falling","player_choice":"Removed Attack","floor":36,"damage_taken":0},{"event_name":"MindBloom","player_choice":"Fight","floor":38,"damage_taken":0}],"is_beta":true,"boss_relics":[{"not_picked":["Astrolabe","White Beast Statue"],"picked":"Cursed Key"},{"not_picked":["Runic Pyramid","Runic Cube"],"picked":"Orrery"}],"items_purged_floors":[4],"is_endless":false,"potions_floor_spawned":[2,3,8,13,16,20,21,24,27,33,35,44,45],"ascension_level":0}