{"gold_per_floor":[119,42,42,17,17,17,48,63,87,87,115,29,29,44,44,148,148,164,177,1,18,18,46,60,70,70,85,34,53,53,87,87,87],"floor_reached":33,"playtime":12183,"items_purged":[],"score":295,"play_id":"50917f90-e4c7-4c9a-908a-c6a18005add7","local_time":"20190202143327","is_ascension_mode":false,"campfire_choices":[{"data":"Cleave","floor":6,"key":"SMITH"},{"floor":10,"key":"REST"},{"data":"Inflame","floor":15,"key":"SMITH"},{"data":"Heavy Blade","floor":32,"key":"SMITH"}],"neow_cost":"NONE","seed_source_timestamp":1222209630069220,"circlet_count":0,"master_deck":["Strike_R","Strike_R","Strike_R","Strike_R","Defend_R","Defend_R","Defend_R","Defend_R","Bash","Cleave+1","Feel No Pain","Twin Strike","Metallicize+1","Dropkick","Shrug It Off","Inflame+1","Cleave","Iron Wave","Limit Break","Armaments","Sword Boomerang+1","Secret Weapon","Burning Pact","Iron Wave","Impervious","Spot Weakness+1","Sword Boomerang","Twin Strike+1","Heavy Blade+1","Heavy Blade","Flex+1"],"relics":["Burning Blood","Bag of Marbles","Bag of Preparation","Ancient Tea Set","Pen Nib","Coffee Dripper","Anchor","Centennial Puzzle","Oddly Smooth Stone","Thread and Needle"],"potions_floor_usage":[5,33],"damage_taken":[{"damage":4,"enemies":"Small Slimes","floor":1,"turns":5},{"damage":48,"enemies":"Lagavulin","floor":7,"turns":8},{"damage":8,"enemies":"Jaw Worm","floor":8,"turns":5},{"damage":11,"enemies":"3 Sentries","floor":11,"turns":7},{"damage":0,"enemies":"Cultist","floor":14,"turns":2},{"damage":35,"enemies":"The Guardian","floor":16,"turns":11},{"damage":0,"enemies":"Chosen","floor":18,"turns":3},{"damage":2,"enemies":"Shell Parasite","floor":19,"turns":5},{"damage":5,"enemies":"Cultist and Chosen","floor":21,"turns":4},{"damage":60,"enemies":"Gremlin Leader","floor":23,"turns":9},{"damage":1,"enemies":"Centurion and Healer","floor":24,"turns":6},{"damage":17,"enemies":"Snake Plant","floor":25,"turns":6},{"damage":13,"enemies":"Sentry and Sphere","floor":27,"turns":5},{"damage":0,"enemies":"Centurion and Healer","floor":29,"turns":4},{"damage":10,"enemies":"Book of Stabbing","floor":31,"turns":4},{"damage":72,"enemies":"Collector","floor":33,"turns":6}],"seed_played":"-5632388596111962468","potions_obtained":[{"floor":5,"key":"Fruit Juice"},{"floor":5,"key":"FearPotion"},{"floor":5,"key":"SmokeBomb"},{"floor":7,"key":"LiquidBronze"},{"floor":21,"key":"FairyPotion"}],"is_trial":false,"path_per_floor":["M","$","?","$","?","R","E","M","T","R","E","$","?","M","R","B",null,"M","M","$","M","?","E","M","M","T","M","$","M","T","E","R","B"],"character_chosen":"IRONCLAD","items_purchased":["Feel No Pain","Twin Strike","Inflame","Cleave","Secret Weapon","Heavy Blade"],"campfire_rested":1,"item_purchase_floors":[2,4,12,12,20,28],"current_hp_per_floor":[88,88,85,85,90,90,48,46,46,73,68,68,68,74,74,45,93,93,93,93,93,93,39,44,33,33,26,26,32,32,28,28,0],"gold":87,"neow_bonus":"TEN_PERCENT_HP_BONUS","is_prod":false,"is_daily":false,"chose_seed":false,"campfire_upgraded":3,"win_rate":0.0,"timestamp":1549118007,"path_taken":["M","$","?","$","?","R","E","?","T","R","E","?","?","M","R","BOSS","M","M","$","M","?","E","M","?","T","?","?","M","?","E","R","BOSS"],"build_version":"2019-01-23","purchased_purges":0,"victory":false,"max_hp_per_floor":[88,88,88,88,93,93,93,93,93,93,93,93,93,93,93,93,93,93,93,93,93,93,93,93,93,93,93,93,93,93,93,93,93],"card_choices":[{"not_picked":["Heavy Blade","Twin Strike"],"picked":"Cleave","floor":1},{"not_picked":["Whirlwind","Pommel Strike"],"picked":"Metallicize","floor":7},{"not_picked":["Twin Strike","Heavy Blade"],"picked":"Dropkick","floor":8},{"not_picked":["Dropkick","Rupture"],"picked":"Shrug It Off","floor":11},{"not_picked":["Juggernaut","Body Slam"],"picked":"Iron Wave","floor":14},{"not_picked":["Demon Form","Fiend Fire"],"picked":"Limit Break","floor":16},{"not_picked":["Corruption","Cleave"],"picked":"Armaments","floor":18},{"not_picked":["Ghostly Armor","Twin Strike+1"],"picked":"Sword Boomerang+1","floor":19},{"not_picked":["Warcry","Cleave"],"picked":"Burning Pact","floor":21},{"not_picked":["Reckless Charge+1","Clash"],"picked":"Impervious","floor":23},{"not_picked":["Metallicize+1","Armaments"],"picked":"Spot Weakness+1","floor":24},{"not_picked":["Hemokinesis+1","Perfected Strike"],"picked":"Sword Boomerang","floor":25},{"not_picked":["Armaments","Flame Barrier"],"picked":"Twin Strike+1","floor":27},{"not_picked":["Shrug It Off","Perfected Strike"],"picked":"Heavy Blade","floor":29},{"not_picked":["Flame Barrier","Headbutt"],"picked":"Flex+1","floor":31}],"player_experience":71075,"relics_obtained":[{"floor":7,"key":"Bag of Preparation"},{"floor":9,"key":"Ancient Tea Set"},{"floor":11,"key":"Pen Nib"},{"floor":23,"key":"Anchor"},{"floor":26,"key":"Centennial Puzzle"},{"floor":30,"key":"Oddly Smooth Stone"},{"floor":31,"key":"Thread and Needle"}],"event_choices":[{"damage_healed":0,"gold_gain":0,"player_choice":"Success","damage_taken":3,"relics_obtained":["Bag of Marbles"],"max_hp_gain":0,"max_hp_loss":0,"event_name":"Scrap Ooze","floor":3,"gold_loss":0},{"damage_healed":0,"gold_gain":0,"player_choice":"Got Potions","damage_taken":0,"max_hp_gain":0,"max_hp_loss":0,"event_name":"Lab","floor":5,"gold_loss":0},{"damage_healed":0,"gold_gain":0,"player_choice":"Grow","damage_taken":0,"max_hp_gain":0,"max_hp_loss":0,"event_name":"Living Wall","floor":13,"gold_loss":0,"cards_upgraded":["Metallicize"]},{"cards_removed":["Strike_R"],"damage_healed":0,"gold_gain":0,"player_choice":"Took Card","damage_taken":0,"max_hp_gain":0,"max_hp_loss":0,"event_name":"NoteForYourself","floor":22,"gold_loss":0,"cards_obtained":["Iron Wave"]}],"is_beta":false,"boss_relics":[{"not_picked":["Tiny House","Runic Dome"],"picked":"Coffee Dripper"}],"items_purged_floors":[],"is_endless":false,"potions_floor_spawned":[7,11,19,21,23,24],"killed_by":"Collector","ascension_level":0}