{"gold_per_floor":[118,133,47,67,67,67,100,100,153,186,36,56,85,96,96,175,175,195,213,22,22,40,40,58,58,58,93,105,138,138,170,170,170],"floor_reached":33,"playtime":2512,"items_purged":["Regret","Strike_R"],"score":553,"play_id":"5016d3f9-9ecc-48ac-9879-05b9abc8de03","local_time":"20190202144543","is_ascension_mode":true,"campfire_choices":[{"data":"Hemokinesis","floor":6.0,"key":"SMITH"},{"data":"Cleave","floor":8.0,"key":"SMITH"},{"data":"Armaments","floor":15.0,"key":"SMITH"},{"floor":23.0,"key":"REST"},{"floor":25.0,"key":"REST"},{"floor":30.0,"key":"REST"},{"floor":32.0,"key":"REST"}],"neow_cost":"NONE","seed_source_timestamp":0,"circlet_count":0,"master_deck":["AscendersBane","Strike_R","Strike_R","Strike_R+1","Strike_R+1","Defend_R","Defend_R","Defend_R","Defend_R","Bash","Havoc","Battle Trance","Hemokinesis+1","Cleave+1","Iron Wave","Inflame","Juggernaut","Armaments+1","Clothesline","Demon Form","Armaments","Whirlwind","Disarm","Seeing Red+1","Burning Pact","Flame Barrier"],"special_seed":0,"relics":["Burning Blood","NeowsBlessing","Pen Nib","Dream Catcher","PreservedInsect","Bag of Marbles","Mango","Velvet Choker","Turnip","Whetstone","StoneCalendar","Letter Opener"],"potions_floor_usage":[33],"damage_taken":[{"damage":0.0,"enemies":"Small Slimes","floor":1.0,"turns":1.0},{"damage":0.0,"enemies":"2 Louse","floor":2.0,"turns":1.0},{"damage":0.0,"enemies":"Jaw Worm","floor":4.0,"turns":1.0},{"damage":22.0,"enemies":"Gremlin Nob","floor":7.0,"turns":3.0},{"damage":34.0,"enemies":"Lagavulin","floor":10.0,"turns":5.0},{"damage":14.0,"enemies":"Exordium Thugs","floor":12.0,"turns":2.0},{"damage":18.0,"enemies":"Gremlin Nob","floor":13.0,"turns":3.0},{"damage":0.0,"enemies":"3 Louse","floor":14.0,"turns":1.0},{"damage":38.0,"enemies":"Hexaghost","floor":16.0,"turns":9.0},{"damage":30.0,"enemies":"Shell Parasite","floor":18.0,"turns":4.0},{"damage":8.0,"enemies":"3 Byrds","floor":19.0,"turns":5.0},{"damage":34.0,"enemies":"Centurion and Healer","floor":22.0,"turns":6.0},{"damage":5.0,"enemies":"Snake Plant","floor":24.0,"turns":4.0},{"damage":22.0,"enemies":"Gremlin Leader","floor":27.0,"turns":5.0},{"damage":14.0,"enemies":"Chosen and Byrds","floor":28.0,"turns":4.0},{"damage":21.0,"enemies":"Book of Stabbing","floor":29.0,"turns":4.0},{"damage":35.0,"enemies":"Slavers","floor":31.0,"turns":3.0},{"damage":63,"enemies":"Collector","floor":33,"turns":7}],"seed_played":"-2112655108466812612","potions_obtained":[{"floor":10.0,"key":"Poison Potion"},{"floor":12.0,"key":"Regen Potion"},{"floor":16.0,"key":"Fire Potion"},{"floor":27.0,"key":"SteroidPotion"},{"floor":31.0,"key":"Block Potion"}],"is_trial":false,"path_per_floor":["M","M","$","M","?","R","E","R","T","E","$","M","E","M","R","B",null,"M","M","$","?","M","R","M","R","T","E","M","E","R","E","R","B"],"character_chosen":"IRONCLAD","items_purchased":["Battle Trance","Poison Potion","Inflame","Whirlwind","Block Potion"],"campfire_rested":4,"item_purchase_floors":[3,3,11,20,20],"current_hp_per_floor":[74,75,75,75,75,75,59,59,59,31,31,23,25,31,31,14,70,46,44,44,44,16,42,43,69,69,53,45,30,56,27,53,0],"gold":170,"neow_bonus":"THREE_ENEMY_KILL","is_prod":false,"is_daily":false,"chose_seed":false,"campfire_upgraded":3,"win_rate":0,"timestamp":1549136743,"path_taken":["M","M","$","M","?","R","E","R","T","E","$","M","E","M","R","BOSS","M","M","$","?","M","R","M","R","T","E","M","E","R","E","R","BOSS"],"build_version":"2019-01-23","purchased_purges":2,"victory":false,"max_hp_per_floor":[75,75,75,75,75,75,75,75,75,75,75,75,89,89,89,89,89,89,89,89,89,89,89,89,89,89,89,89,89,89,89,89,89],"card_choices":[{"not_picked":["Perfected Strike","Body Slam","Warcry"],"picked":"SKIP","floor":1.0},{"not_picked":["Power Through","Infernal Blade"],"picked":"Havoc","floor":2.0},{"not_picked":["Thunderclap","Rupture"],"picked":"Hemokinesis","floor":4.0},{"not_picked":["Havoc","Perfected Strike"],"picked":"Cleave","floor":7.0},{"not_picked":["Sword Boomerang","Searing Blow"],"picked":"Iron Wave","floor":10.0},{"not_picked":["Body Slam","Burning Pact"],"picked":"Juggernaut","floor":12.0},{"not_picked":["Rupture","Exhume"],"picked":"Armaments","floor":13.0},{"not_picked":["Power Through","Carnage"],"picked":"Clothesline","floor":14.0},{"not_picked":["Bludgeon","Juggernaut"],"picked":"Demon Form","floor":16.0},{"not_picked":["Perfected Strike","Intimidate","Pommel Strike"],"picked":"SKIP","floor":18.0},{"not_picked":["Body Slam","Wild Strike"],"picked":"Armaments","floor":19.0},{"not_picked":["Armaments","Anger","Thunderclap+1"],"picked":"SKIP","floor":22.0},{"not_picked":["Headbutt","Limit Break"],"picked":"Disarm","floor":24.0},{"not_picked":["Dual Wield","Clash"],"picked":"Seeing Red+1","floor":27.0},{"not_picked":["Bloodletting","Evolve","Anger"],"picked":"SKIP","floor":28.0},{"not_picked":["Wild Strike","Twin Strike"],"picked":"Burning Pact","floor":29.0},{"not_picked":["Heavy Blade","Headbutt"],"picked":"Flame Barrier","floor":30.0},{"not_picked":["Burning Pact","Berserk","Headbutt"],"picked":"SKIP","floor":31.0}],"player_experience":686522,"relics_obtained":[{"floor":7.0,"key":"Dream Catcher"},{"floor":9.0,"key":"PreservedInsect"},{"floor":10.0,"key":"Bag of Marbles"},{"floor":13.0,"key":"Mango"},{"floor":26.0,"key":"Turnip"},{"floor":27.0,"key":"Whetstone"},{"floor":29.0,"key":"StoneCalendar"},{"floor":31.0,"key":"Letter Opener"}],"event_choices":[{"damage_healed":0.0,"max_hp_gain":0.0,"max_hp_loss":0.0,"gold_gain":0.0,"event_name":"Big Fish","player_choice":"Box","floor":5.0,"gold_loss":0.0,"damage_taken":0.0,"relics_obtained":["Pen Nib"],"cards_obtained":["Regret"]},{"damage_healed":0.0,"max_hp_gain":0.0,"max_hp_loss":0.0,"gold_gain":0.0,"event_name":"Beggar","player_choice":"Ignored","floor":21.0,"gold_loss":0.0,"damage_taken":0.0}],"is_beta":false,"boss_relics":[{"not_picked":["Orrery","White Beast Statue"],"picked":"Velvet Choker"}],"items_purged_floors":[11,20],"is_endless":false,"potions_floor_spawned":[10,12,13,16,22,27,31],"killed_by":"Collector","ascension_level":14}