{"gold_per_floor":[113,188,188,188,200,234,234,261,261,261,261],"floor_reached":11,"playtime":257,"items_purged":[],"score":87,"play_id":"1797437c-eac7-4fb7-93b7-63addacddd6c","local_time":"20190204131835","is_ascension_mode":true,"campfire_choices":[{"floor":7,"key":"REST"}],"neow_cost":"NONE","seed_source_timestamp":5092406804760,"circlet_count":0,"master_deck":["Strike_R+1","Strike_R","Strike_R","Strike_R","Strike_R","Defend_R","Defend_R","Defend_R+1","Defend_R","Bash+1","Exhume+1","Clash","Regret","Wild Strike+1","Thunderclap+1","Flex+1"],"relics":["Burning Blood","Molten Egg 2","Toxic Egg 2","Juzu Bracelet","Whetstone","Golden Idol"],"potions_floor_usage":[6],"damage_taken":[{"damage":12,"enemies":"2 Louse","floor":1,"turns":4},{"damage":20,"enemies":"Small Slimes","floor":5,"turns":4},{"damage":33,"enemies":"Lagavulin","floor":6,"turns":7},{"damage":30,"enemies":"Gremlin Nob","floor":8,"turns":4}],"seed_played":"492457895518853586","potions_obtained":[{"floor":5,"key":"Block Potion"}],"is_trial":false,"path_per_floor":["M","?","$","?","M","E","R","E","T","?","?"],"character_chosen":"IRONCLAD","items_purchased":[],"campfire_rested":1,"item_purchase_floors":[],"current_hp_per_floor":[74,63,63,63,49,22,46,22,22,6,0],"gold":261,"neow_bonus":"ONE_RANDOM_RARE_CARD","is_prod":false,"is_daily":false,"chose_seed":false,"campfire_upgraded":0,"win_rate":0,"timestamp":1549257515,"path_taken":["M","?","$","?","M","E","R","E","T","?","?"],"build_version":"2019-01-23","purchased_purges":0,"victory":false,"max_hp_per_floor":[80,80,80,80,80,80,80,80,80,80,80],"card_choices":[{"not_picked":["Wild Strike","Hemokinesis"],"picked":"Clash","floor":1},{"not_picked":["Perfected Strike+1","Sever Soul+1"],"picked":"Wild Strike+1","floor":5},{"not_picked":["Limit Break","Berserk"],"picked":"Thunderclap+1","floor":6},{"not_picked":["Armaments+1","Perfected Strike+1"],"picked":"Flex+1","floor":8}],"player_experience":54538,"relics_obtained":[{"floor":6,"key":"Toxic Egg 2"},{"floor":8,"key":"Juzu Bracelet"},{"floor":9,"key":"Whetstone"}],"event_choices":[{"damage_healed":0,"gold_gain":75,"player_choice":"Gather Gold","damage_taken":11,"max_hp_gain":0,"max_hp_loss":0,"event_name":"World of Goop","floor":2,"gold_loss":0},{"damage_healed":0,"gold_gain":0,"player_choice":"Box","damage_taken":0,"relics_obtained":["Molten Egg 2"],"max_hp_gain":0,"max_hp_loss":0,"event_name":"Big Fish","floor":4,"gold_loss":0,"cards_obtained":["Regret"]},{"damage_healed":0,"gold_gain":0,"player_choice":"Entered Light","damage_taken":16,"max_hp_gain":0,"max_hp_loss":0,"event_name":"Shining Light","floor":10,"gold_loss":0,"cards_upgraded":["Defend_R","Exhume"]}],"is_beta":false,"boss_relics":[],"items_purged_floors":[],"is_endless":false,"potions_floor_spawned":[5],"ascension_level":2}