{"gold_per_floor":[360,40,5,5,15,27,27,85,108,108,127,140,152,13,13,118,118,131,6,22,22,122,122,141,168,214,234,234,251,263,14,14,117,117,129,149,249,249,268,268,294,305,305,305,331,342,32,32,32,32],"floor_reached":50,"playtime":2469,"items_purged":["Strike_R"],"score":667,"play_id":"5eeece48-7de5-4a71-a3c5-4cb85368790c","local_time":"20190106114716","is_ascension_mode":true,"campfire_choices":[{"data":"Bash","floor":7,"key":"SMITH"},{"floor":10,"key":"REST"},{"data":"Corruption","floor":15,"key":"SMITH"},{"data":"Body Slam","floor":23,"key":"SMITH"},{"floor":28,"key":"REST"},{"floor":32,"key":"REST"},{"floor":40,"key":"REST"},{"floor":44,"key":"REST"},{"floor":49,"key":"REST"}],"neow_cost":"TEN_PERCENT_HP_LOSS","seed_source_timestamp":2860624754668,"circlet_count":0,"master_deck":["Strike_R","Strike_R+1","Defend_R","Defend_R","Defend_R","Defend_R","Bash+1","Battle Trance","Corruption+1","True Grit+1","Armaments+1","Sword Boomerang+1","Disarm+1","Thunderclap","Power Through+1","Limit Break+1","Exhume+1","Body Slam+1","Flex+1","Shrug It Off+1","Twin Strike","Battle Trance+1","Dropkick+1","Twin Strike","Infernal Blade+1","Body Slam","Infernal Blade+1","Exhume+1","Feel No Pain","Pommel Strike","Reaper","Body Slam+1","True Grit+1","Flex+1"],"relics":["Burning Blood","Toxic Egg 2","Tiny Chest","Whetstone","Philosopher\u0027s Stone","Enchiridion","Boot","Orichalcum","Busted Crown","Calipers","Potion Belt","Regal Pillow","Smiling Mask","Ice Cream"],"potions_floor_usage":[16,20,20,20,31,33,33,39,41,50],"damage_taken":[{"damage":16,"enemies":"Small Slimes","floor":1,"turns":4},{"damage":6,"enemies":"Cultist","floor":5,"turns":3},{"damage":6,"enemies":"2 Louse","floor":6,"turns":2},{"damage":34,"enemies":"Gremlin Nob","floor":8,"turns":5},{"damage":0,"enemies":"Looter","floor":11,"turns":3},{"damage":23,"enemies":"Lots of Slimes","floor":12,"turns":7},{"damage":9,"enemies":"Red Slaver","floor":13,"turns":3},{"damage":39,"enemies":"Hexaghost","floor":16,"turns":13},{"damage":6,"enemies":"Chosen","floor":18,"turns":6},{"damage":0,"enemies":"3 Byrds","floor":20,"turns":4},{"damage":22,"enemies":"Snake Plant","floor":24,"turns":3},{"damage":22,"enemies":"Slavers","floor":25,"turns":3},{"damage":9,"enemies":"Centurion and Healer","floor":27,"turns":5},{"damage":17,"enemies":"Snecko","floor":29,"turns":5},{"damage":12,"enemies":"Sentry and Sphere","floor":30,"turns":5},{"damage":31,"enemies":"Collector","floor":33,"turns":6},{"damage":23,"enemies":"3 Shapes","floor":35,"turns":3},{"damage":9,"enemies":"Orb Walker","floor":36,"turns":3},{"damage":5,"enemies":"Mind Bloom Boss Battle","floor":37,"turns":5},{"damage":26,"enemies":"Spire Growth","floor":39,"turns":4},{"damage":73,"enemies":"Reptomancer","floor":41,"turns":6},{"damage":3,"enemies":"Transient","floor":42,"turns":5},{"damage":30,"enemies":"Maw","floor":46,"turns":9},{"damage":85,"enemies":"Awakened One","floor":50,"turns":6}],"seed_played":"-6123770852236585948","potions_obtained":[{"floor":1,"key":"Dexterity Potion"},{"floor":5,"key":"Weak Potion"},{"floor":8,"key":"Explosive Potion"},{"floor":18,"key":"Dexterity Potion"},{"floor":24,"key":"Strength Potion"},{"floor":29,"key":"SneckoOil"},{"floor":30,"key":"Regen Potion"},{"floor":33,"key":"Fire Potion"},{"floor":36,"key":"SkillPotion"},{"floor":39,"key":"BloodPotion"},{"floor":46,"key":"Fire Potion"}],"is_trial":false,"path_per_floor":["M","$","?","?","M","M","R","E","T","R","M","M","M","$","R","B",null,"M","$","M","?","?","R","M","E","T","M","R","M","M","$","R","B",null,"M","M","?","?","M","R","E","M","T","R","T","M","$","?","R","B"],"character_chosen":"IRONCLAD","items_purchased":["Toxic Egg 2","Corruption","Limit Break+1","Flex+1","Shrug It Off+1","Twin Strike","Infernal Blade+1","Fruit Juice","Ice Cream"],"campfire_rested":6,"item_purchase_floors":[2,2,14,19,19,19,31,31,47],"current_hp_per_floor":[62,62,72,72,72,72,72,44,44,65,71,54,51,51,51,18,59,59,59,65,49,49,49,33,17,17,14,35,24,18,23,46,35,67,50,47,48,48,28,51,7,19,19,57,57,38,38,38,76,0],"gold":32,"neow_bonus":"TWO_FIFTY_GOLD","is_prod":false,"is_daily":false,"chose_seed":false,"campfire_upgraded":3,"win_rate":0,"timestamp":1546771636,"path_taken":["M","$","?","?","M","M","R","E","T","R","M","?","M","$","R","BOSS","M","$","M","?","?","R","M","E","T","?","R","M","M","?","R","BOSS","M","M","?","?","M","R","E","?","T","R","?","M","$","?","R","BOSS"],"build_version":"2019-01-03v4","purchased_purges":1,"victory":false,"max_hp_per_floor":[72,72,72,72,72,72,72,72,72,72,72,72,72,72,72,72,72,72,72,72,72,72,72,72,72,72,72,72,72,72,77,77,77,77,77,77,77,77,77,77,77,77,77,77,77,77,77,77,77,77],"card_choices":[{"not_picked":["Rupture","Uppercut"],"picked":"Battle Trance","floor":1},{"not_picked":["Sentinel+1","Battle Trance+1"],"picked":"True Grit+1","floor":5},{"not_picked":["Sentinel+1","Flex+1"],"picked":"Armaments+1","floor":6},{"not_picked":["Reaper","Perfected Strike"],"picked":"Sword Boomerang","floor":8},{"not_picked":["Rupture","Sword Boomerang"],"picked":"Disarm+1","floor":11},{"not_picked":["Perfected Strike","Wild Strike"],"picked":"Thunderclap","floor":12},{"not_picked":["Twin Strike","True Grit+1"],"picked":"Power Through+1","floor":13},{"not_picked":["Limit Break+1","Barricade"],"picked":"Exhume+1","floor":16},{"not_picked":["Searing Blow","Second Wind+1"],"picked":"Body Slam","floor":18},{"not_picked":["Thunderclap","Carnage"],"picked":"Battle Trance+1","floor":20},{"not_picked":["Carnage+1","Pommel Strike"],"picked":"Dropkick+1","floor":24},{"not_picked":["Juggernaut","Intimidate+1"],"picked":"Twin Strike","floor":25},{"not_picked":["Sword Boomerang","Wild Strike"],"picked":"Infernal Blade+1","floor":27},{"not_picked":["Havoc+1","Clash","Dual Wield+1"],"picked":"SKIP","floor":29},{"not_picked":["Blood for Blood","Thunderclap"],"picked":"Body Slam","floor":30},{"not_picked":["Double Tap+1","Berserk"],"picked":"Exhume+1","floor":33},{"not_picked":["Searing Blow"],"picked":"SKIP","floor":35},{"not_picked":[],"picked":"Feel No Pain","floor":36},{"not_picked":[],"picked":"Pommel Strike","floor":37},{"not_picked":[],"picked":"Body Slam","floor":39},{"not_picked":[],"picked":"True Grit+1","floor":41},{"not_picked":["Havoc+1"],"picked":"SKIP","floor":42},{"not_picked":[],"picked":"Flex+1","floor":46}],"player_experience":163641,"relics_obtained":[{"floor":8,"key":"Tiny Chest"},{"floor":9,"key":"Whetstone"},{"floor":21,"key":"Enchiridion"},{"floor":25,"key":"Boot"},{"floor":26,"key":"Orichalcum"},{"floor":37,"key":"Calipers"},{"floor":41,"key":"Potion Belt"},{"floor":43,"key":"Regal Pillow"},{"floor":45,"key":"Smiling Mask"}],"event_choices":[{"damage_healed":18,"gold_gain":0,"player_choice":"Healed","damage_taken":0,"max_hp_gain":0,"max_hp_loss":0,"event_name":"The Cleric","floor":3,"gold_loss":35},{"cards_removed":["Strike_R"],"damage_healed":0,"gold_gain":0,"player_choice":"Purged","damage_taken":0,"max_hp_gain":0,"max_hp_loss":0,"event_name":"Purifier","floor":4,"gold_loss":0},{"damage_healed":0,"gold_gain":0,"player_choice":"Obtained Book","damage_taken":16,"max_hp_gain":0,"max_hp_loss":0,"event_name":"Cursed Tome","floor":21,"gold_loss":0},{"damage_healed":0,"gold_gain":100,"player_choice":"Pray","damage_taken":0,"max_hp_gain":0,"max_hp_loss":0,"event_name":"Golden Shrine","floor":22,"gold_loss":0},{"damage_healed":0,"gold_gain":0,"player_choice":"Fight","damage_taken":0,"max_hp_gain":0,"max_hp_loss":0,"event_name":"MindBloom","floor":37,"gold_loss":0},{"damage_healed":0,"gold_gain":0,"cards_transformed":["Strike_R"],"player_choice":"Transformed","damage_taken":0,"max_hp_gain":0,"max_hp_loss":0,"event_name":"Transmorgrifier","floor":38,"gold_loss":0,"cards_obtained":["Reaper"]},{"damage_healed":0,"gold_gain":0,"player_choice":"Forge","damage_taken":0,"max_hp_gain":0,"max_hp_loss":0,"event_name":"Accursed Blacksmith","floor":48,"gold_loss":0,"cards_upgraded":["Body Slam"]}],"is_beta":true,"boss_relics":[{"not_picked":["Eternal Feather","Runic Pyramid"],"picked":"Philosopher\u0027s Stone"},{"not_picked":["Pandora\u0027s Box","White Beast Statue"],"picked":"Busted Crown"}],"items_purged_floors":[31],"is_endless":false,"potions_floor_spawned":[1,5,8,13,18,24,29,30,33,36,39,46],"killed_by":"Awakened One","ascension_level":6}