{"gold_per_floor":[109,127,147,72,72,72,104,104,128,193,228,278,303,369,369,369],"floor_reached":16,"playtime":399,"items_purged":[],"score":283,"play_id":"fd363a59-26cd-4e13-a5b2-8d2d1e39c751","local_time":"20181008234058","is_ascension_mode":true,"campfire_choices":[{"data":"Immolate","floor":6,"key":"SMITH"},{"data":"Evolve","floor":8,"key":"SMITH"},{"data":"Bash","floor":15,"key":"SMITH"}],"neow_cost":"NONE","seed_source_timestamp":230832459350284,"circlet_count":0,"master_deck":["Strike_R","Strike_R","Strike_R","Strike_R","Defend_R","Defend_R","Defend_R","Defend_R","Bash+1","AscendersBane","Immolate+1","Feel No Pain","Flame Barrier","Evolve+1","Flame Barrier"],"relics":["Burning Blood","SsserpentHead","PreservedInsect","Anchor","Regal Pillow","Ancient Tea Set"],"potions_floor_usage":[7,11,11,16],"damage_taken":[{"damage":1,"enemies":"Small Slimes","floor":1,"turns":2},{"damage":18,"enemies":"Jaw Worm","floor":2,"turns":5},{"damage":0,"enemies":"2 Louse","floor":3,"turns":1},{"damage":5,"enemies":"3 Sentries","floor":7,"turns":3},{"damage":8,"enemies":"Blue Slaver","floor":10,"turns":3},{"damage":20,"enemies":"Lagavulin","floor":11,"turns":6},{"damage":0,"enemies":"3 Sentries","floor":13,"turns":3},{"damage":25,"enemies":"Red Slaver","floor":14,"turns":6},{"damage":11,"enemies":"Hexaghost","floor":16,"turns":7}],"seed_played":"-8281424803019142456","potions_obtained":[{"floor":2,"key":"Energy Potion"},{"floor":3,"key":"Explosive Potion"},{"floor":7,"key":"SkillPotion"},{"floor":14,"key":"Swift Potion"}],"is_trial":false,"path_per_floor":["M","M","M","?","?","R","E","R","T","M","E","?","E","M","R"],"character_chosen":"IRONCLAD","items_purchased":[],"campfire_rested":0,"item_purchase_floors":[],"current_hp_per_floor":[73,61,67,67,67,67,68,68,68,66,52,52,58,39,39,28],"gold":369,"neow_bonus":"ONE_RANDOM_RARE_CARD","is_prod":false,"is_daily":false,"chose_seed":false,"campfire_upgraded":3,"win_rate":0,"timestamp":1539067258,"path_taken":["M","M","M","?","?","R","E","R","T","?","E","?","E","?","R","BOSS"],"build_version":"2018-10-04","purchased_purges":0,"victory":false,"max_hp_per_floor":[75,75,75,75,75,75,75,75,75,75,75,75,75,75,75,75],"card_choices":[{"not_picked":["Clothesline","Reckless Charge"],"picked":"Feel No Pain","floor":1},{"not_picked":["Dual Wield","Heavy Blade","Dropkick"],"picked":"SKIP","floor":2},{"not_picked":["Body Slam","Sword Boomerang"],"picked":"Flame Barrier","floor":3},{"not_picked":["Heavy Blade","Sword Boomerang"],"picked":"Evolve","floor":7},{"not_picked":["Body Slam","Armaments","Exhume"],"picked":"SKIP","floor":10},{"not_picked":["Fire Breathing","Anger"],"picked":"Flame Barrier","floor":11},{"not_picked":["Dropkick","Sword Boomerang","Seeing Red"],"picked":"SKIP","floor":13},{"not_picked":["Anger","Armaments","Perfected Strike"],"picked":"SKIP","floor":14}],"player_experience":866203,"relics_obtained":[{"floor":7,"key":"PreservedInsect"},{"floor":9,"key":"Anchor"},{"floor":11,"key":"Regal Pillow"},{"floor":13,"key":"Ancient Tea Set"}],"event_choices":[{"event_name":"The Cleric","player_choice":"Card Removal","floor":4,"damage_taken":0},{"event_name":"FaceTrader","player_choice":"Trade","floor":5,"damage_taken":0},{"event_name":"Dead Adventurer","player_choice":"Searched \u00272\u0027 times","floor":12,"damage_taken":0}],"is_beta":true,"boss_relics":[],"items_purged_floors":[],"is_endless":false,"potions_floor_spawned":[2,3,7,14],"killed_by":"Hexaghost","ascension_level":19}