{"gold_per_floor":[119,18,93,41,51,383,383,394,394,359,385,29,89,106,106,106],"floor_reached":16,"playtime":444,"items_purged":["Defend_R"],"score":216,"play_id":"a5fb8b86-cc16-43a1-8547-cb81e032fd62","local_time":"20190206193830","is_ascension_mode":true,"campfire_choices":[{"floor":7,"key":"REST"},{"floor":15,"key":"REST"}],"neow_cost":"PERCENT_DAMAGE","seed_source_timestamp":199347273345374,"circlet_count":0,"master_deck":["AscendersBane","Strike_R","Strike_R","Strike_R","Strike_R","Strike_R","Defend_R","Bash","Body Slam","Dramatic Entrance","Armaments","True Grit","Shockwave","Battle Trance","Brutality+1","Shrug It Off","Disarm+1","Anger"],"relics":["Burning Blood","Old Coin","Frozen Egg 2","Boot","MealTicket","Toxic Egg 2"],"potions_floor_usage":[6,11,13,16],"damage_taken":[{"damage":7,"enemies":"Cultist","floor":1,"turns":4},{"damage":9,"enemies":"Jaw Worm","floor":5,"turns":3},{"damage":30,"enemies":"Lagavulin","floor":6,"turns":5},{"damage":0,"enemies":"Small Slimes","floor":8,"turns":3},{"damage":20,"enemies":"Gremlin Nob","floor":11,"turns":4},{"damage":37,"enemies":"3 Sentries","floor":13,"turns":7},{"damage":5,"enemies":"2 Fungi Beasts","floor":14,"turns":2},{"damage":22,"enemies":"Slime Boss","floor":16,"turns":5}],"seed_played":"4372301404445191330","potions_obtained":[{"floor":5,"key":"FearPotion"},{"floor":6,"key":"Explosive Potion"},{"floor":8,"key":"Weak Potion"},{"floor":14,"key":"Energy Potion"}],"is_trial":false,"path_per_floor":["M","$","?","$","M","E","R","M","T","?","E","$","?","M","R","B"],"character_chosen":"IRONCLAD","items_purchased":["Dramatic Entrance","Armaments","MealTicket","Shrug It Off"],"campfire_rested":2,"item_purchase_floors":[2,4,12,12],"current_hp_per_floor":[49,49,38,38,35,11,33,39,39,57,43,43,12,13,35,13],"gold":106,"neow_bonus":"REMOVE_TWO","is_prod":false,"is_daily":false,"chose_seed":false,"campfire_upgraded":0,"win_rate":0,"timestamp":1549507110,"path_taken":["M","?","?","$","M","E","R","M","T","?","E","$","?","M","R","BOSS"],"build_version":"2019-01-23","purchased_purges":1,"victory":false,"max_hp_per_floor":[75,75,75,75,75,75,75,75,75,75,75,75,75,75,75,75],"card_choices":[{"not_picked":["Sword Boomerang","Rupture"],"picked":"Body Slam","floor":1},{"not_picked":["Flex","Cleave"],"picked":"True Grit","floor":5},{"not_picked":["Clash","Body Slam"],"picked":"Shockwave","floor":6},{"not_picked":["Clash","Wild Strike"],"picked":"Battle Trance","floor":8},{"not_picked":["Body Slam","Searing Blow"],"picked":"Brutality+1","floor":11},{"not_picked":["Burning Pact","Shockwave"],"picked":"Disarm","floor":13},{"not_picked":["Cleave","Sword Boomerang"],"picked":"Anger","floor":14}],"player_experience":769407,"relics_obtained":[{"floor":6,"key":"Old Coin"},{"floor":9,"key":"Frozen Egg 2"},{"floor":11,"key":"Boot"},{"floor":13,"key":"Toxic Egg 2"}],"event_choices":[{"damage_healed":0,"gold_gain":75,"player_choice":"Gather Gold","damage_taken":11,"max_hp_gain":0,"max_hp_loss":0,"event_name":"World of Goop","floor":3,"gold_loss":0},{"damage_healed":18,"gold_gain":0,"player_choice":"Healed","damage_taken":0,"max_hp_gain":0,"max_hp_loss":0,"event_name":"The Cleric","floor":10,"gold_loss":35},{"damage_healed":0,"gold_gain":30,"player_choice":"Searched \u00272\u0027 times","damage_taken":0,"max_hp_gain":0,"max_hp_loss":0,"event_name":"Dead Adventurer","floor":13,"gold_loss":0}],"is_beta":false,"boss_relics":[],"items_purged_floors":[12],"is_endless":false,"potions_floor_spawned":[5,6,8,14],"killed_by":"Slime Boss","ascension_level":20}