{"path_per_floor":["M","$","M","$","M","E","R","?","T","M","T","?","E","M","R","B",null,"M","?","M","M"],"character_chosen":"DEFECT","items_purchased":["FTL","Streamline"],"gold_per_floor":[111,38,58,5,23,52,52,106,106,121,144,144,173,188,188,290,290,305,355,369,379,379],"floor_reached":22,"campfire_rested":2,"playtime":841,"item_purchase_floors":[2,4],"current_hp_per_floor":[74,74,67,67,66,46,68,68,68,64,64,57,27,20,42,10,75,53,53,32,3,0],"items_purged":[],"gold":379,"score":216,"play_id":"9112d69c-e5db-46b7-b522-2660ca8a8a0c","local_time":"20180524230730","is_prod":false,"is_daily":false,"chose_seed":false,"is_ascension_mode":true,"campfire_upgraded":0,"win_rate":0,"timestamp":1527196050,"campfire_choices":[{"floor":7,"key":"REST"},{"floor":15,"key":"REST"}],"path_taken":["M","$","M","$","?","E","R","?","T","?","?","?","E","M","R","BOSS","M","?","M","M","M"],"build_version":"2018-05-23v2","seed_source_timestamp":6935015947484,"purchased_purges":0,"victory":false,"master_deck":["Strike_B","Strike_B","Strike_B","Strike_B","Defend_B","Defend_B","Defend_B","Defend_B","Zap","Dualcast","Beam Cell","FTL","Beam Cell","Streamline","Gash","Sweeping Beam","Coolheaded","Go for the Eyes","Electrodynamics","Ball Lightning","Compile Driver","Gash"],"max_hp_per_floor":[75,75,75,75,75,75,75,75,75,75,75,75,75,75,75,75,75,75,75,75,75,75],"relics":["Cracked Core","Ancient Tea Set","Gambling Chip","Dead Branch","Blood Vial","Toolbox","Bronze Scales","Cursed Key"],"card_choices":[{"not_picked":["Leap","Capacitor"],"picked":"Beam Cell","floor":1},{"not_picked":["Compile Driver","Capacitor"],"picked":"Beam Cell","floor":3},{"not_picked":["Sunder","Rebound"],"picked":"Gash","floor":5},{"not_picked":["Barrage","Static Discharge"],"picked":"Sweeping Beam","floor":6},{"not_picked":["Barrage","Capacitor"],"picked":"Coolheaded","floor":10},{"not_picked":["Darkness","Barrage","Sweeping Beam"],"picked":"SKIP","floor":13},{"not_picked":["Sunder","Reprogram"],"picked":"Go for the Eyes","floor":14},{"not_picked":["Rainbow","Meteor Strike"],"picked":"Electrodynamics","floor":16},{"not_picked":["Static Discharge","Hello World"],"picked":"Ball Lightning","floor":18},{"not_picked":["Go for the Eyes","Aggregate"],"picked":"Compile Driver","floor":20},{"not_picked":["Go for the Eyes","Beam Cell"],"picked":"Gash","floor":21}],"player_experience":166263,"potions_floor_usage":[14,16,22],"damage_taken":[{"damage":1,"enemies":"Cultist","floor":1,"turns":4},{"damage":7,"enemies":"Jaw Worm","floor":3,"turns":2},{"damage":1,"enemies":"2 Louse","floor":5,"turns":2},{"damage":20,"enemies":"3 Sentries","floor":6,"turns":6},{"damage":4,"enemies":"Red Slaver","floor":10,"turns":2},{"damage":32,"enemies":"Lagavulin","floor":13,"turns":6},{"damage":9,"enemies":"Gremlin Gang","floor":14,"turns":2},{"damage":34,"enemies":"Hexaghost","floor":16,"turns":7},{"damage":22,"enemies":"Chosen","floor":18,"turns":4},{"damage":23,"enemies":"2 Thieves","floor":20,"turns":3},{"damage":31,"enemies":"Snake Plant","floor":21,"turns":3},{"damage":5,"enemies":"Cultist and Chosen","floor":22,"turns":2}],"relics_obtained":[{"floor":6,"key":"Gambling Chip"},{"floor":9,"key":"Dead Branch"},{"floor":11,"key":"Blood Vial"},{"floor":13,"key":"Bronze Scales"}],"event_choices":[{"event_name":"Golden Wing","player_choice":"Gained Gold","floor":8,"damage_taken":0},{"event_name":"Scrap Ooze","player_choice":"success","floor":12,"damage_taken":7},{"event_name":"The Joust","player_choice":"Bet on Murderer","floor":19,"damage_taken":0}],"boss_relics":[{"not_picked":["Inserter","Velvet Choker"],"picked":"Cursed Key"}],"items_purged_floors":[],"potions_floor_spawned":[3,5,13,20],"seed_played":"-5036129080066282331","killed_by":"Cultist and Chosen","ascension_level":2,"potions_obtained":[{"floor":3,"key":"SkillPotion"},{"floor":5,"key":"FearPotion"},{"floor":13,"key":"FearPotion"},{"floor":20,"key":"AttackPotion"}],"is_trial":false}