{"gold_per_floor":[19,37,56,56,73,73,85,85,111,111,141,141,159,84,84,161,161,177,177,196,121,35,35,35,61,61,61,81,6,39,55,55,129,129,142,0,10,110,137,163,182,182,209,209,209,222,72,101,113,125,137],"floor_reached":51,"playtime":2197,"items_purged":["Strike_R","Strike_R"],"score":1536,"play_id":"f0bfb418-318f-4363-81be-1221310ce883","local_time":"20181110091024","is_ascension_mode":true,"campfire_choices":[{"data":"Evolve","floor":6,"key":"SMITH"},{"data":"Bash","floor":10,"key":"SMITH"},{"floor":15,"key":"REST"},{"data":"Limit Break","floor":23,"key":"SMITH"},{"data":"Uppercut","floor":27,"key":"SMITH"},{"data":"Disarm","floor":32,"key":"SMITH"},{"data":"Double Tap","floor":42,"key":"SMITH"},{"data":"Transmutation","floor":45,"key":"SMITH"},{"data":"Pommel Strike","floor":49,"key":"SMITH"}],"neow_cost":"NO_GOLD","seed_source_timestamp":691115759465912,"circlet_count":0,"master_deck":["AscendersBane","Defend_R","Defend_R","Bash+1","Inflame+1","Carnage","Evolve+1","Flame Barrier+1","Limit Break+1","Clothesline","Reaper","Uppercut+1","Metallicize","Disarm+1","Power Through","Double Tap+1","Power Through","Immolate","Shockwave+1","Pommel Strike+1","Carnage","Transmutation+1","Shrug It Off","Shrug It Off+1"],"relics":["Burning Blood","PreservedInsect","Regal Pillow","Vajra","Velvet Choker","Torii","Pear","Omamori","Mark of Pain","Red Mask","Ginger","Oddly Smooth Stone","Bottled Lightning","Anchor","MawBank"],"potions_floor_usage":[5,16,16,25,30,30,38,40,46,50],"damage_taken":[{"damage":9,"enemies":"Jaw Worm","floor":1,"turns":5},{"damage":4,"enemies":"Small Slimes","floor":2,"turns":4},{"damage":10,"enemies":"2 Louse","floor":3,"turns":2},{"damage":7,"enemies":"2 Fungi Beasts","floor":5,"turns":3},{"damage":9,"enemies":"3 Louse","floor":7,"turns":3},{"damage":23,"enemies":"Lagavulin","floor":11,"turns":5},{"damage":3,"enemies":"Blue Slaver","floor":13,"turns":5},{"damage":0,"enemies":"Slime Boss","floor":16,"turns":4},{"damage":6,"enemies":"Chosen","floor":18,"turns":4},{"damage":20,"enemies":"Shell Parasite","floor":20,"turns":5},{"damage":31,"enemies":"Slavers","floor":25,"turns":5},{"damage":2,"enemies":"Snake Plant","floor":28,"turns":5},{"damage":2,"enemies":"Gremlin Leader","floor":30,"turns":4},{"damage":12,"enemies":"Centurion and Healer","floor":31,"turns":8},{"damage":70,"enemies":"Collector","floor":33,"turns":10},{"damage":9,"enemies":"3 Darklings","floor":35,"turns":2},{"damage":28,"enemies":"3 Shapes","floor":37,"turns":3},{"damage":0,"enemies":"Mind Bloom Boss Battle","floor":38,"turns":5},{"damage":48,"enemies":"Giant Head","floor":40,"turns":8},{"damage":25,"enemies":"3 Darklings","floor":41,"turns":5},{"damage":1,"enemies":"Maw","floor":46,"turns":6},{"damage":28,"enemies":"Nemesis","floor":48,"turns":7},{"damage":69,"enemies":"Time Eater","floor":50,"turns":14},{"damage":59,"enemies":"Donu and Deca","floor":51,"turns":4}],"seed_played":"-4202926599128325932","potions_obtained":[{"floor":1,"key":"Energy Potion"},{"floor":3,"key":"AttackPotion"},{"floor":13,"key":"FearPotion"},{"floor":16,"key":"GamblersBrew"},{"floor":18,"key":"FearPotion"},{"floor":28,"key":"SkillPotion"},{"floor":33,"key":"Block Potion"},{"floor":35,"key":"Swift Potion"},{"floor":40,"key":"Poison Potion"},{"floor":41,"key":"Fire Potion"},{"floor":46,"key":"GamblersBrew"}],"is_trial":false,"path_per_floor":["M","M","M","?","M","R","M","?","T","R","E","?","M","?","R","B",null,"M","?","M","?","$","R","$","E","T","R","M","$","E","M","R","B",null,"M","?","M","?","T","E","M","R","T","?","R","M","$","E","R","B","B"],"character_chosen":"IRONCLAD","items_purchased":["Disarm","Shrug It Off"],"campfire_rested":1,"item_purchase_floors":[22,47],"current_hp_per_floor":[65,67,63,56,55,55,52,47,47,47,30,7,10,10,47,53,70,70,70,56,56,56,56,56,53,63,63,67,67,71,85,85,85,85,85,85,78,85,85,85,66,66,66,56,56,61,61,69,69,42,0],"gold":137,"neow_bonus":"REMOVE_TWO","is_prod":false,"is_daily":false,"chose_seed":false,"campfire_upgraded":8,"win_rate":0,"timestamp":1541869824,"path_taken":["M","M","M","?","M","R","M","?","T","R","E","?","M","?","R","BOSS","M","?","M","?","$","R","$","E","T","R","M","$","E","M","R","BOSS","M","?","M","?","?","E","?","R","T","?","R","M","$","E","R","BOSS","BOSS"],"build_version":"2018-11-08","purchased_purges":2,"victory":false,"max_hp_per_floor":[75,75,75,75,75,75,75,75,75,75,75,75,75,75,75,75,75,75,75,75,75,75,75,75,75,85,85,85,85,85,85,85,85,85,85,85,85,85,85,85,85,85,85,85,85,85,85,85,85,85,85],"card_choices":[{"not_picked":["Perfected Strike","Battle Trance"],"picked":"Inflame","floor":1},{"not_picked":["Anger","Warcry"],"picked":"Carnage","floor":2},{"not_picked":["Thunderclap","Carnage"],"picked":"Evolve","floor":3},{"not_picked":["Intimidate","Infernal Blade","Blood for Blood"],"picked":"SKIP","floor":5},{"not_picked":["Heavy Blade","Carnage"],"picked":"Flame Barrier","floor":7},{"not_picked":["Armaments","Power Through"],"picked":"Limit Break","floor":11},{"not_picked":["True Grit","Iron Wave"],"picked":"Clothesline","floor":13},{"not_picked":["Exhume","Dark Embrace"],"picked":"Reaper","floor":16},{"not_picked":["Clash","Intimidate"],"picked":"Uppercut","floor":18},{"not_picked":["Clash","Dual Wield"],"picked":"Metallicize","floor":20},{"not_picked":["Iron Wave","Thunderclap+1"],"picked":"Power Through","floor":25},{"not_picked":["Anger","True Grit","Thunderclap"],"picked":"SKIP","floor":28},{"not_picked":["Disarm","Twin Strike"],"picked":"Double Tap","floor":30},{"not_picked":["Flex+1","True Grit"],"picked":"Power Through","floor":31},{"not_picked":["Berserk","Limit Break"],"picked":"Immolate","floor":33},{"not_picked":["Bloodletting+1","Second Wind"],"picked":"Shockwave+1","floor":35},{"not_picked":["Flex+1","Bloodletting"],"picked":"Pommel Strike","floor":37},{"not_picked":["Sword Boomerang","Burning Pact"],"picked":"Carnage","floor":38},{"not_picked":["Perfected Strike","Flex","Anger"],"picked":"SKIP","floor":40},{"not_picked":["Warcry","Flex","Double Tap"],"picked":"SKIP","floor":41},{"not_picked":["Deep Breath","Swift Strike"],"picked":"Transmutation","floor":44},{"not_picked":["Pommel Strike","True Grit+1","Heavy Blade"],"picked":"SKIP","floor":46},{"not_picked":["Headbutt","Havoc"],"picked":"Shrug It Off+1","floor":48}],"player_experience":932455,"relics_obtained":[{"floor":9,"key":"Regal Pillow"},{"floor":11,"key":"Vajra"},{"floor":25,"key":"Torii"},{"floor":26,"key":"Pear"},{"floor":30,"key":"Omamori"},{"floor":38,"key":"Ginger"},{"floor":39,"key":"Oddly Smooth Stone"},{"floor":40,"key":"Bottled Lightning"},{"floor":43,"key":"Anchor"},{"floor":48,"key":"MawBank"}],"event_choices":[{"cards_removed":["Strike_R"],"damage_healed":0,"gold_gain":0,"player_choice":"Card Removal","damage_taken":7,"max_hp_gain":0,"max_hp_loss":0,"event_name":"Golden Wing","floor":4,"gold_loss":0},{"damage_healed":0,"gold_gain":0,"player_choice":"Success","damage_taken":5,"relics_obtained":["PreservedInsect"],"max_hp_gain":0,"max_hp_loss":0,"event_name":"Scrap Ooze","floor":8,"gold_loss":0},{"damage_healed":0,"gold_gain":0,"player_choice":"Entered Light","damage_taken":23,"max_hp_gain":0,"max_hp_loss":0,"event_name":"Shining Light","floor":12,"gold_loss":0,"cards_upgraded":["Inflame","Flame Barrier"]},{"cards_removed":["Strike_R"],"damage_healed":0,"gold_gain":0,"player_choice":"Card Removal","damage_taken":0,"max_hp_gain":0,"max_hp_loss":0,"event_name":"The Cleric","floor":14,"gold_loss":75},{"damage_healed":0,"gold_gain":0,"player_choice":"Ignored","damage_taken":0,"max_hp_gain":0,"max_hp_loss":0,"event_name":"Vampires","floor":19,"gold_loss":0},{"cards_removed":["Defend_R"],"damage_healed":0,"gold_gain":0,"player_choice":"Gave Gold","damage_taken":0,"max_hp_gain":0,"max_hp_loss":0,"event_name":"Beggar","floor":21,"gold_loss":75},{"damage_healed":0,"gold_gain":0,"player_choice":"Paid","damage_taken":0,"relics_obtained":["Red Mask"],"max_hp_gain":0,"max_hp_loss":0,"event_name":"Tomb of Lord Red Mask","floor":36,"gold_loss":142},{"damage_healed":0,"gold_gain":0,"player_choice":"Fight","damage_taken":0,"max_hp_gain":0,"max_hp_loss":0,"event_name":"MindBloom","floor":38,"gold_loss":0},{"damage_healed":0,"gold_gain":0,"player_choice":"Memory 3","damage_taken":10,"max_hp_gain":0,"max_hp_loss":0,"event_name":"SensoryStone","floor":44,"gold_loss":0}],"is_beta":true,"boss_relics":[{"not_picked":["Fusion Hammer","Runic Cube"],"picked":"Velvet Choker"},{"not_picked":["Orrery","Runic Dome"],"picked":"Mark of Pain"}],"items_purged_floors":[29,47],"is_endless":false,"potions_floor_spawned":[1,3,13,16,18,28,33,35,40,41,46],"killed_by":"Donu and Deca","ascension_level":20}