{"gold_per_floor":[116,116,192,205,222,250,250,270,270,282,308,337,349,381,393,508,520,542,569,581,593,625,637],"floor_reached":23,"playtime":2939,"items_purged":[],"score":283,"play_id":"157bdf4a-2955-4ba4-83db-a288192a8b0c","local_time":"20190106222958","is_ascension_mode":true,"campfire_choices":[{"floor":7,"key":"REST"},{"data":"Blur","floor":10,"key":"SMITH"},{"floor":13,"key":"REST"},{"data":"Bouncing Flask","floor":15,"key":"SMITH"}],"neow_cost":"NONE","seed_source_timestamp":1438092958393385,"circlet_count":0,"master_deck":["Defend_G","Defend_G","Defend_G","Defend_G","Strike_G","Strike_G","Strike_G+1","Survivor","Neutralize+1","Blur+1","Masterful Stab","Cloak And Dagger","Blur","Blur","Bouncing Flask+1","Dagger Throw","Dodge and Roll","Bullet Time","Heel Hook+1","Tools of the Trade+1","Envenom+1","Bouncing Flask","Deflect","Reflex","Poisoned Stab"],"relics":["Ring of the Snake","Pen Nib","Tiny Chest","Matryoshka","MawBank","Ginger","Astrolabe"],"potions_floor_usage":[6,11,21,22,23],"damage_taken":[{"damage":3,"enemies":"Jaw Worm","floor":1,"turns":6},{"damage":0,"enemies":"Cultist","floor":4,"turns":3},{"damage":0,"enemies":"2 Louse","floor":5,"turns":2},{"damage":44,"enemies":"Lagavulin","floor":6,"turns":10},{"damage":1,"enemies":"Looter","floor":8,"turns":4},{"damage":0,"enemies":"Lots of Slimes","floor":11,"turns":1},{"damage":0,"enemies":"2 Fungi Beasts","floor":12,"turns":4},{"damage":4,"enemies":"Gremlin Gang","floor":14,"turns":7},{"damage":5,"enemies":"The Guardian","floor":16,"turns":11},{"damage":0,"enemies":"Shell Parasite","floor":18,"turns":5},{"damage":0,"enemies":"Chosen","floor":19,"turns":5},{"damage":23,"enemies":"Colosseum Slavers","floor":21,"turns":9},{"damage":19,"enemies":"Sentry and Sphere","floor":22,"turns":6},{"damage":25,"enemies":"Slavers","floor":23,"turns":3}],"seed_played":"1928232838568060154","potions_obtained":[{"floor":5,"key":"GhostInAJar"},{"floor":6,"key":"AttackPotion"},{"floor":11,"key":"GhostInAJar"},{"floor":12,"key":"LiquidBronze"},{"floor":14,"key":"Block Potion"}],"is_trial":false,"path_per_floor":["M","?","T","M","M","E","R","M","T","R","M","M","R","M","R","B",null,"M","M","?","?","M","E"],"character_chosen":"THE_SILENT","items_purchased":[],"campfire_rested":2,"item_purchase_floors":[],"current_hp_per_floor":[60,46,46,46,46,2,23,22,22,22,22,22,43,39,39,34,61,61,61,61,38,19,0],"gold":637,"neow_bonus":"RANDOM_COMMON_RELIC","is_prod":false,"is_daily":false,"chose_seed":false,"campfire_upgraded":2,"win_rate":0,"timestamp":1546835398,"path_taken":["M","?","?","?","M","E","R","M","T","R","M","?","R","M","R","BOSS","M","M","?","?","M","E"],"build_version":"2019-01-03v4","purchased_purges":0,"victory":false,"max_hp_per_floor":[70,70,70,70,70,70,70,70,70,70,70,70,70,70,70,70,70,70,70,70,70,70,70],"card_choices":[{"not_picked":["Prepared","Riddle With Holes"],"picked":"Blur","floor":1},{"not_picked":["Deflect","Slice"],"picked":"Masterful Stab","floor":4},{"not_picked":["Underhanded Strike","Choke"],"picked":"Cloak And Dagger","floor":5},{"not_picked":["Outmaneuver","Skewer"],"picked":"Blur","floor":6},{"not_picked":["Backflip","Terror"],"picked":"Blur","floor":8},{"not_picked":["Catalyst","Riddle With Holes"],"picked":"Bouncing Flask","floor":11},{"not_picked":["Dagger Spray","Deadly Poison"],"picked":"Dagger Throw","floor":12},{"not_picked":["Deadly Poison","Distraction"],"picked":"Dodge and Roll","floor":14},{"not_picked":["Phantasmal Killer","A Thousand Cuts"],"picked":"Bullet Time","floor":16},{"not_picked":["Underhanded Strike","Caltrops"],"picked":"Bouncing Flask","floor":18},{"not_picked":["Acrobatics","Dagger Throw"],"picked":"Deflect","floor":19},{"not_picked":["Slice","Predator"],"picked":"Poisoned Stab","floor":22}],"player_experience":412821,"relics_obtained":[{"floor":3,"key":"Tiny Chest"},{"floor":6,"key":"Matryoshka"},{"floor":9,"key":"MawBank"},{"floor":9,"key":"Ginger"}],"event_choices":[{"damage_healed":0,"gold_gain":0,"player_choice":"Entered Light","damage_taken":14,"max_hp_gain":0,"max_hp_loss":0,"event_name":"Shining Light","floor":2,"gold_loss":0,"cards_upgraded":["Strike_G","Neutralize"]},{"damage_healed":0,"gold_gain":0,"player_choice":"Read","damage_taken":0,"max_hp_gain":0,"max_hp_loss":0,"event_name":"The Library","floor":20,"gold_loss":0,"cards_obtained":["Reflex"]},{"damage_healed":0,"gold_gain":0,"player_choice":"Fight","damage_taken":0,"max_hp_gain":0,"max_hp_loss":0,"event_name":"Colosseum","floor":21,"gold_loss":0},{"damage_healed":0,"gold_gain":0,"player_choice":"Fled From Nobs","damage_taken":0,"max_hp_gain":0,"max_hp_loss":0,"event_name":"Colosseum","floor":21,"gold_loss":0}],"is_beta":false,"boss_relics":[{"not_picked":["WristBlade","Eternal Feather"],"picked":"Astrolabe"}],"items_purged_floors":[],"is_endless":false,"potions_floor_spawned":[5,6,11,12,14],"killed_by":"Slavers","ascension_level":9}