{"gold_per_floor":[110,110,34,53,67,99,99,112,112,123,123],"floor_reached":11,"playtime":316,"items_purged":[],"score":150,"play_id":"515a572c-ee07-4356-a663-48a1c38806a2","local_time":"20190206151736","is_ascension_mode":true,"campfire_choices":[{"data":"Uppercut","floor":7,"key":"SMITH"}],"neow_cost":"NONE","seed_source_timestamp":595675876046626,"circlet_count":0,"master_deck":["AscendersBane","Strike_R","Strike_R","Strike_R","Strike_R","Defend_R","Defend_R","Defend_R","Defend_R","Bash","Pommel Strike","Reaper","Uppercut+1","Reckless Charge","Flame Barrier","Demon Form","Disarm","Sword Boomerang+1"],"relics":["Burning Blood","NeowsBlessing","Molten Egg 2","Matryoshka"],"potions_floor_usage":[6],"damage_taken":[{"damage":0,"enemies":"Jaw Worm","floor":1,"turns":1},{"damage":0,"enemies":"Cultist","floor":4,"turns":1},{"damage":0,"enemies":"Small Slimes","floor":5,"turns":1},{"damage":48,"enemies":"Lagavulin","floor":6,"turns":7},{"damage":1,"enemies":"Looter","floor":8,"turns":4},{"damage":10,"enemies":"Exordium Wildlife","floor":10,"turns":4},{"damage":33,"enemies":"3 Sentries","floor":11,"turns":7}],"seed_played":"-2836802632932429033","potions_obtained":[{"floor":4,"key":"Explosive Potion"}],"is_trial":false,"path_per_floor":["M","?","$","M","M","E","R","M","T","M","E"],"character_chosen":"IRONCLAD","items_purchased":["Uppercut"],"campfire_rested":0,"item_purchase_floors":[3],"current_hp_per_floor":[74,74,74,75,75,35,35,40,40,36,15],"gold":123,"neow_bonus":"THREE_ENEMY_KILL","is_prod":false,"is_daily":false,"chose_seed":false,"campfire_upgraded":1,"win_rate":0,"timestamp":1549495056,"path_taken":["M","?","$","M","?","E","R","M","T","M","E"],"build_version":"2019-01-23","purchased_purges":0,"victory":false,"max_hp_per_floor":[75,75,75,75,75,75,75,75,75,75,75],"card_choices":[{"not_picked":["Combust","Body Slam"],"picked":"Pommel Strike","floor":1},{"not_picked":["Sentinel","Twin Strike"],"picked":"Reckless Charge","floor":4},{"not_picked":["Warcry","Iron Wave"],"picked":"Flame Barrier","floor":5},{"not_picked":["Shrug It Off","Clash"],"picked":"Demon Form","floor":6},{"not_picked":["Havoc","Iron Wave+1"],"picked":"Disarm","floor":8},{"not_picked":["Wild Strike+1","Power Through"],"picked":"Sword Boomerang+1","floor":10}],"player_experience":1831898,"relics_obtained":[{"floor":6,"key":"Molten Egg 2"},{"floor":9,"key":"Matryoshka"}],"event_choices":[{"damage_healed":0,"gold_gain":0,"cards_transformed":["Strike_R"],"player_choice":"Transformed","damage_taken":0,"max_hp_gain":0,"max_hp_loss":0,"event_name":"Transmorgrifier","floor":2,"gold_loss":0,"cards_obtained":["Reaper"]}],"is_beta":false,"boss_relics":[],"items_purged_floors":[],"is_endless":false,"potions_floor_spawned":[4],"killed_by":"3 Sentries","ascension_level":20}