{"path_per_floor":["M","M","M","M","?","R","E","R","T","M","M","M","E","M","R","B",null,"M","M","?","M","?","E","M"],"character_chosen":"THE_SILENT","items_purchased":[],"gold_per_floor":[113,128,144,160,160,160,189,189,216,226,242,254,289,304,304,399,399,409,389,369,381,381,406,424],"floor_reached":25,"campfire_rested":0,"playtime":2437,"current_hp_per_floor":[65,65,65,65,70,70,65,65,65,60,58,44,36,36,36,28,75,75,65,65,25,50,15,6],"items_purged":[],"gold":424,"score":239,"play_id":"2192df6c-dc6b-4034-b348-a12aaa534b43","is_prod":false,"is_daily":false,"is_ascension_mode":false,"campfire_upgraded":3,"path_taken":["M","M","M","M","?","R","E","R","T","M","M","M","E","M","R","BOSS","M","?","?","M","?","E","M","M"],"build_version":"2018-02-22-PROD2","purchased_purges":0,"victory":false,"master_deck":["Defend_G","Defend_G","Defend_G","Defend_G","Defend_G","Strike_G","Strike_G","Survivor","Neutralize+1","Flechettes+1","Dagger Throw+1","Riddle With Holes+1","Deflect","Footwork+1","Blur","Flying Knee","Deflect","Slice","Slice","Bouncing Flask+1","Backflip","Wraith Form","Flying Knee+1","Prepared","Prepared","Deadly Poison+1","Flying Knee+1"],"max_hp_per_floor":[70,70,70,70,75,75,75,75,75,75,75,75,75,75,75,75,75,75,75,75,75,75,75,75],"relics":["Astrolabe","Sundial","Pen Nib","Lantern","The Specimen","Oddly Smooth Stone"],"card_choices":[{"not_picked":["Well Laid Plans","Acrobatics"],"picked":"Deflect"},{"not_picked":["Backflip","Dodge and Roll"],"picked":"Footwork"},{"not_picked":["Bane","Dagger Spray"],"picked":"Blur"},{"not_picked":["Dodge and Roll","Slice"],"picked":"Flying Knee"},{"not_picked":["Unload","Expertise"],"picked":"Deflect"},{"not_picked":["Quick Slash","Riddle With Holes"],"picked":"Slice"},{"not_picked":["PiercingWail","Quick Slash"],"picked":"Slice"},{"not_picked":["Quick Slash","Caltrops"],"picked":"Bouncing Flask"},{"not_picked":["Sucker Punch","Slice"],"picked":"Backflip"},{"not_picked":["Tools of the Trade","Bullet Time"],"picked":"Wraith Form"},{"not_picked":["Deadly Poison","Dash"],"picked":"Flying Knee"},{"not_picked":["Dagger Spray","Dodge and Roll"],"picked":"Prepared"},{"not_picked":["Poisoned Stab","Reflex"],"picked":"Prepared"},{"not_picked":["Die Die Die","Distraction"],"picked":"Deadly Poison"},{"not_picked":["Dodge and Roll","Quick Slash"],"picked":"Flying Knee"}],"player_experience":27427,"potions_floor_usage":[16,16,23,24,24],"damage_taken":[{"damage":5,"enemies":"Small Slimes","floor":1,"turns":2},{"damage":0,"enemies":"Jaw Worm","floor":2,"turns":4},{"damage":0,"enemies":"Cultist","floor":3,"turns":3},{"damage":0,"enemies":"Blue Slaver","floor":4,"turns":4},{"damage":5,"enemies":"3 Sentries","floor":7,"turns":10},{"damage":5,"enemies":"Red Slaver","floor":10,"turns":4},{"damage":2,"enemies":"Looter","floor":11,"turns":3},{"damage":14,"enemies":"Gremlin Gang","floor":12,"turns":6},{"damage":8,"enemies":"Gremlin Nob","floor":13,"turns":3},{"damage":0,"enemies":"Exordium Thugs","floor":14,"turns":3},{"damage":23,"enemies":"Slime Boss","floor":16,"turns":9},{"damage":0,"enemies":"Shell Parasite","floor":18,"turns":6},{"damage":10,"enemies":"2 Thieves","floor":19,"turns":4},{"damage":40,"enemies":"Slaver and Parasite","floor":21,"turns":7},{"damage":35,"enemies":"Gremlin Leader","floor":23,"turns":8},{"damage":9,"enemies":"Cultist and Chosen","floor":24,"turns":7},{"damage":9,"enemies":"Snake Plant","floor":25,"turns":4}],"event_choices":[{"event_name":"Big Fish","player_choice":"Donut","floor":5,"damage_taken":0},{"event_name":"The Woman in Blue","player_choice":"Bought 1 Potion","floor":20,"damage_taken":0},{"event_name":"The Library","player_choice":"Heal","floor":22,"damage_taken":0}],"boss_relics":[{"not_picked":["Sozu","Velvet Choker"],"picked":"The Specimen"}],"potions_floor_spawned":[1,3,7,11,13,18],"seed_played":"2981852512293298563","killed_by":"Snake Plant","ascension_level":0,"is_trial":false}