{"gold_per_floor":[114,130,145,145,145,174,187,213,213,213,227,254,270,289,289,384,384,414,426,438,460,486,498,538,550,562,574,604,630,652,681,693,705],"floor_reached":33,"playtime":2799,"items_purged":[],"score":343,"play_id":"956426cf-aefb-4f7a-820d-4be6a2b30655","local_time":"20181124175458","is_ascension_mode":false,"campfire_choices":[{"floor":15,"key":"REST"},{"floor":23,"key":"REST"},{"floor":25,"key":"REST"},{"floor":27,"key":"REST"},{"floor":32,"key":"REST"}],"neow_cost":"NONE","seed_source_timestamp":27330224667028,"circlet_count":0,"master_deck":["Defend_G","Defend_G","Defend_G","Defend_G","Defend_G","Strike_G","Strike_G","Strike_G","Strike_G","Strike_G","Survivor","Neutralize","Deadly Poison","Deflect","Poisoned Stab","Envenom","All Out Attack","A Thousand Cuts+1","Bouncing Flask","Corpse Explosion","Dodge and Roll","Masterful Stab","After Image","Writhe","Regret","Injury","Endless Agony+1","Endless Agony+1","Poisoned Stab+1","Dagger Spray","Deadly Poison+1","Escape Plan+1","Backflip","Infinite Blades","Backflip"],"relics":["Ring of the Snake","Orichalcum","Strawberry","Bottled Flame","Meat on the Bone","Question Card","Tough Bandages","Calling Bell","MawBank","Shuriken","Unceasing Top","Mummified Hand","Ancient Tea Set"],"potions_floor_usage":[12,16,16,16,29,33,33],"damage_taken":[{"damage":0,"enemies":"2 Louse","floor":1,"turns":3},{"damage":0,"enemies":"Jaw Worm","floor":2,"turns":5},{"damage":0,"enemies":"Small Slimes","floor":3,"turns":4},{"damage":17,"enemies":"Lagavulin","floor":6,"turns":7},{"damage":2,"enemies":"Red Slaver","floor":7,"turns":4},{"damage":18,"enemies":"3 Sentries","floor":8,"turns":6},{"damage":0,"enemies":"Lots of Slimes","floor":11,"turns":2},{"damage":37,"enemies":"Lagavulin","floor":12,"turns":6},{"damage":16,"enemies":"Exordium Thugs","floor":13,"turns":5},{"damage":0,"enemies":"Large Slime","floor":14,"turns":4},{"damage":19,"enemies":"Hexaghost","floor":16,"turns":7},{"damage":12,"enemies":"Shell Parasite","floor":18,"turns":8},{"damage":0,"enemies":"Chosen","floor":21,"turns":3},{"damage":31,"enemies":"Snake Plant","floor":22,"turns":4},{"damage":33,"enemies":"Gremlin Leader","floor":24,"turns":9},{"damage":49,"enemies":"Shelled Parasite and Fungi","floor":28,"turns":5},{"damage":35,"enemies":"Centurion and Healer","floor":29,"turns":6},{"damage":0,"enemies":"3 Cultists","floor":30,"turns":3},{"damage":29,"enemies":"Sentry and Sphere","floor":31,"turns":7},{"damage":64,"enemies":"Automaton","floor":33,"turns":6}],"seed_played":"2159594797101726578","potions_obtained":[{"floor":3,"key":"GamblersBrew"},{"floor":6,"key":"Fire Potion"},{"floor":7,"key":"SmokeBomb"},{"floor":11,"key":"Regen Potion"},{"floor":12,"key":"Block Potion"},{"floor":13,"key":"Poison Potion"},{"floor":18,"key":"GamblersBrew"},{"floor":21,"key":"Dexterity Potion"},{"floor":28,"key":"LiquidBronze"},{"floor":31,"key":"Fire Potion"}],"is_trial":false,"path_per_floor":["M","M","M","?","?","E","M","E","T","?","M","E","M","M","R","B",null,"M","?","?","M","M","R","E","R","T","R","M","M","M","M","R","B"],"character_chosen":"THE_SILENT","items_purchased":[],"campfire_rested":5,"item_purchase_floors":[],"current_hp_per_floor":[70,70,70,70,70,53,51,33,33,33,45,35,31,43,66,47,77,65,51,51,51,32,56,35,59,59,82,45,22,34,17,41,0],"gold":705,"neow_bonus":"RANDOM_COMMON_RELIC","is_prod":false,"is_daily":false,"chose_seed":false,"campfire_upgraded":0,"win_rate":0.0,"timestamp":1543100098,"path_taken":["M","M","M","?","?","E","M","E","T","?","?","E","M","M","R","BOSS","M","?","?","M","M","R","E","R","T","R","M","M","?","?","R","BOSS"],"build_version":"2018-11-15","purchased_purges":0,"victory":false,"max_hp_per_floor":[70,70,70,70,77,77,77,77,77,77,77,77,77,77,77,77,77,77,82,82,82,82,82,82,82,82,82,82,82,82,82,82,82],"card_choices":[{"not_picked":["Deflect","Flying Knee"],"picked":"Deadly Poison","floor":1},{"not_picked":["PiercingWail","Underhanded Strike"],"picked":"Deflect","floor":2},{"not_picked":["Flechettes","Prepared"],"picked":"Poisoned Stab","floor":3},{"not_picked":["Flying Knee","Backflip"],"picked":"Envenom","floor":6},{"not_picked":["Predator","Acrobatics"],"picked":"All Out Attack","floor":7},{"not_picked":["Underhanded Strike","Prepared"],"picked":"A Thousand Cuts","floor":8},{"not_picked":["Dagger Spray","Dash","Choke"],"picked":"Bouncing Flask","floor":11},{"not_picked":["Underhanded Strike","Dagger Throw","Flying Knee"],"picked":"Corpse Explosion","floor":12},{"not_picked":["Quick Slash","Underhanded Strike","Blade Dance"],"picked":"Dodge and Roll","floor":13},{"not_picked":["Deflect","Footwork","Acrobatics"],"picked":"Masterful Stab","floor":14},{"not_picked":["Adrenaline","A Thousand Cuts","Doppelganger"],"picked":"After Image","floor":16},{"not_picked":["Well Laid Plans","Expertise","Slice+1"],"picked":"Endless Agony+1","floor":18},{"not_picked":["Outmaneuver","Acrobatics","Skewer"],"picked":"Poisoned Stab+1","floor":21},{"not_picked":["Bane","Underhanded Strike","Terror"],"picked":"Dagger Spray","floor":22},{"not_picked":["Setup","Night Terror","Bullet Time"],"picked":"Deadly Poison+1","floor":24},{"not_picked":["Outmaneuver+1","PiercingWail","Endless Agony"],"picked":"Escape Plan+1","floor":28},{"not_picked":["Dodge and Roll","Outmaneuver","Masterful Stab"],"picked":"Backflip","floor":29},{"not_picked":["PiercingWail+1","Deadly Poison","Reflex"],"picked":"Infinite Blades","floor":30},{"not_picked":["Flying Knee","Dodge and Roll","Flechettes"],"picked":"Backflip","floor":31}],"player_experience":95413,"relics_obtained":[{"floor":6,"key":"Bottled Flame"},{"floor":8,"key":"Meat on the Bone"},{"floor":9,"key":"Question Card"},{"floor":12,"key":"Tough Bandages"},{"floor":17,"key":"MawBank"},{"floor":17,"key":"Shuriken"},{"floor":17,"key":"Unceasing Top"},{"floor":24,"key":"Mummified Hand"},{"floor":26,"key":"Ancient Tea Set"}],"event_choices":[{"damage_healed":0,"gold_gain":0,"player_choice":"Ignored","damage_taken":0,"max_hp_gain":0,"max_hp_loss":0,"event_name":"Golden Wing","floor":4,"gold_loss":0},{"damage_healed":0,"gold_gain":0,"player_choice":"Success","damage_taken":7,"relics_obtained":["Strawberry"],"max_hp_gain":0,"max_hp_loss":0,"event_name":"Scrap Ooze","floor":5,"gold_loss":0},{"damage_healed":0,"gold_gain":0,"player_choice":"Grow","damage_taken":0,"max_hp_gain":0,"max_hp_loss":0,"event_name":"Living Wall","floor":10,"gold_loss":0,"cards_upgraded":["A Thousand Cuts"]},{"damage_healed":0,"gold_gain":0,"player_choice":"Shed Blood","damage_taken":19,"max_hp_gain":5,"max_hp_loss":0,"event_name":"Forgotten Altar","floor":19,"gold_loss":0},{"damage_healed":0,"gold_gain":0,"player_choice":"Copied","damage_taken":0,"max_hp_gain":0,"max_hp_loss":0,"event_name":"Duplicator","floor":20,"gold_loss":0,"cards_obtained":["Endless Agony"]}],"is_beta":false,"boss_relics":[{"not_picked":["Cursed Key","Sozu"],"picked":"Calling Bell"}],"items_purged_floors":[],"is_endless":false,"potions_floor_spawned":[3,6,7,11,12,13,18,21,28,31],"killed_by":"Automaton","ascension_level":0}