{"gold_per_floor":[369,284,284,298,373,373,388,388,441,341,368,379,379,391,391,463,463,482,314,333,333],"floor_reached":21,"playtime":1817,"items_purged":["Strike_B","Strike_B"],"score":320,"play_id":"25cf9c18-cc87-457e-9d99-54ccb545d26b","local_time":"20181026082402","is_ascension_mode":true,"campfire_choices":[{"data":"Zap","floor":6,"key":"SMITH"},{"floor":8,"key":"REST"},{"floor":13,"key":"REST"},{"floor":15,"key":"REST"}],"neow_cost":"PERCENT_DAMAGE","seed_source_timestamp":1433708416173298,"circlet_count":0,"master_deck":["Strike_B","Strike_B","Defend_B","Defend_B","Defend_B","Defend_B","Zap+1","Dualcast","AscendersBane","Cold Snap","Consume","Gash","Cold Snap","Go for the Eyes","Streamline","Electrodynamics","White Noise","Creative AI","Doubt","Coolheaded","Capacitor","Coolheaded"],"relics":["Cracked Core","Omamori","Vajra","Calling Bell","Bronze Scales","Pear","Torii"],"potions_floor_usage":[],"damage_taken":[{"damage":0,"enemies":"2 Louse","floor":1,"turns":2},{"damage":4,"enemies":"Cultist","floor":4,"turns":4},{"damage":12,"enemies":"Jaw Worm","floor":7,"turns":3},{"damage":27,"enemies":"Lagavulin","floor":11,"turns":8},{"damage":8,"enemies":"3 Louse","floor":12,"turns":2},{"damage":9,"enemies":"Red Slaver","floor":14,"turns":3},{"damage":33,"enemies":"The Guardian","floor":16,"turns":12},{"damage":30,"enemies":"Shell Parasite","floor":18,"turns":4},{"damage":17,"enemies":"Chosen","floor":20,"turns":6},{"damage":30,"enemies":"Snake Plant","floor":21,"turns":2}],"seed_played":"-979701768398683232","potions_obtained":[{"floor":1,"key":"Weak Potion"},{"floor":7,"key":"SpeedPotion"}],"is_trial":false,"path_per_floor":["M","$","?","M","?","R","M","R","T","$","E","M","R","M","R","B",null,"M","$","M"],"character_chosen":"DEFECT","items_purchased":["Consume","Gash","Streamline","Capacitor"],"campfire_rested":3,"item_purchase_floors":[2,2,10,19],"current_hp_per_floor":[50,50,55,51,40,40,28,52,52,52,25,17,41,32,56,23,76,46,46,29,0],"gold":333,"neow_bonus":"TWO_FIFTY_GOLD","is_prod":false,"is_daily":false,"chose_seed":false,"campfire_upgraded":1,"win_rate":0,"timestamp":1540567442,"path_taken":["M","$","?","M","?","R","M","R","T","$","E","M","R","?","R","BOSS","M","$","?","M"],"build_version":"2018-10-25v2","purchased_purges":2,"victory":false,"max_hp_per_floor":[75,75,80,80,80,80,80,80,80,80,80,80,80,80,80,80,90,90,90,90,90],"card_choices":[{"not_picked":["Auto Shields","BootSequence"],"picked":"Cold Snap","floor":1},{"not_picked":["Leap","Lockon"],"picked":"Cold Snap","floor":4},{"not_picked":["Conserve Battery","Leap"],"picked":"Go for the Eyes","floor":7},{"not_picked":["Rebound","Storm"],"picked":"Electrodynamics","floor":11},{"not_picked":["Loop","Blizzard","Barrage"],"picked":"SKIP","floor":12},{"not_picked":["Recycle","Conserve Battery"],"picked":"White Noise","floor":14},{"not_picked":["All For One","Reboot"],"picked":"Creative AI","floor":16},{"not_picked":["Blizzard","Heatsinks"],"picked":"Coolheaded","floor":18},{"not_picked":["Blizzard","Leap"],"picked":"Coolheaded","floor":20}],"player_experience":1211746,"relics_obtained":[{"floor":9,"key":"Omamori"},{"floor":11,"key":"Vajra"},{"floor":17,"key":"Bronze Scales"},{"floor":17,"key":"Pear"},{"floor":17,"key":"Torii"}],"event_choices":[{"damage_healed":0,"gold_gain":0,"player_choice":"Donut","damage_taken":0,"max_hp_gain":5,"max_hp_loss":0,"event_name":"Big Fish","floor":3,"gold_loss":0},{"damage_healed":0,"gold_gain":75,"player_choice":"Gather Gold","damage_taken":11,"max_hp_gain":0,"max_hp_loss":0,"event_name":"World of Goop","floor":5,"gold_loss":0}],"is_beta":false,"boss_relics":[{"not_picked":["White Beast Statue","Snecko Eye"],"picked":"Calling Bell"}],"items_purged_floors":[10,19],"is_endless":false,"potions_floor_spawned":[1,7,11,14,16],"killed_by":"Snake Plant","ascension_level":13}