{"gold_per_floor":[114,114,129,43,43,43,74,94,94,128,128,128,128,128,128,204,204,204,204,32,32,32,32,32],"floor_reached":24,"playtime":934,"items_purged":[],"score":424,"play_id":"9b58c1a2-56bd-4236-baa7-187fa55a36cf","local_time":"20181128165301","is_ascension_mode":true,"campfire_choices":[{"data":"Zap","floor":6,"key":"SMITH"},{"data":"Redo","floor":11,"key":"SMITH"},{"data":"Dualcast","floor":13,"key":"SMITH"},{"data":"Coolheaded","floor":15,"key":"SMITH"}],"neow_cost":"NONE","seed_source_timestamp":1119636604258327,"circlet_count":0,"master_deck":["AscendersBane","Strike_B","Strike_B","Strike_B","Defend_B","Defend_B","Defend_B","Defend_B+1","Zap+1","Dualcast+1","Go for the Eyes","Beam Cell","Coolheaded+1","Gash","Coolheaded+1","Redo+1","Rip and Tear","Biased Cognition","All For One","Hologram+1","Defragment","Capacitor","Coolheaded+1","Ball Lightning","Hologram+1","Steam+1"],"relics":["Cracked Core","NeowsBlessing","Gambling Chip","War Paint","Toxic Egg 2","Strawberry","Ectoplasm"],"potions_floor_usage":[19],"damage_taken":[{"damage":0,"enemies":"2 Louse","floor":1,"turns":1},{"damage":0,"enemies":"Small Slimes","floor":3,"turns":1},{"damage":0,"enemies":"3 Sentries","floor":7,"turns":1},{"damage":0,"enemies":"Cultist","floor":8,"turns":3},{"damage":35,"enemies":"Lagavulin","floor":10,"turns":7},{"damage":19,"enemies":"Hexaghost","floor":16,"turns":14},{"damage":21,"enemies":"Shell Parasite","floor":18,"turns":3},{"damage":0,"enemies":"Spheric Guardian","floor":19,"turns":3},{"damage":24,"enemies":"Centurion and Healer","floor":22,"turns":8},{"damage":0,"enemies":"Snake Plant","floor":23,"turns":5},{"damage":23,"enemies":"Cultist and Chosen","floor":24,"turns":3}],"seed_played":"-4112772696009867644","potions_obtained":[{"floor":3,"key":"Poison Potion"},{"floor":7,"key":"Fire Potion"},{"floor":23,"key":"SteroidPotion"}],"is_trial":false,"path_per_floor":["M","?","M","$","?","R","E","M","T","E","R","?","R","?","R","B",null,"M","M","$","$","M","M","M"],"character_chosen":"DEFECT","items_purchased":["Coolheaded","Gash","Capacitor","Coolheaded+1","Ball Lightning"],"campfire_rested":0,"item_purchase_floors":[4,4,20,20,20],"current_hp_per_floor":[64,59,59,59,59,59,59,59,59,31,31,57,57,57,57,38,68,47,47,47,47,23,23,0],"gold":32,"neow_bonus":"THREE_ENEMY_KILL","is_prod":false,"is_daily":false,"chose_seed":false,"campfire_upgraded":4,"win_rate":0,"timestamp":1543452781,"path_taken":["M","?","M","$","?","R","E","M","T","E","R","?","R","?","R","BOSS","M","M","?","$","M","M","M"],"build_version":"2018-11-15","purchased_purges":0,"victory":false,"max_hp_per_floor":[71,71,71,71,71,71,71,71,71,78,78,78,78,78,78,78,78,78,78,78,78,78,78,78],"card_choices":[{"not_picked":["Reinforced Body","Steam Power"],"picked":"Go for the Eyes","floor":1},{"not_picked":["Scrape","Redo"],"picked":"Beam Cell","floor":3},{"not_picked":["Redo","Gash"],"picked":"Coolheaded","floor":7},{"not_picked":["Beam Cell","Stack"],"picked":"Redo","floor":8},{"not_picked":["Thunder Strike","Lockon"],"picked":"Rip and Tear","floor":10},{"not_picked":["Thunder Strike","Core Surge"],"picked":"All For One","floor":16},{"not_picked":["Chaos+1","Rip and Tear"],"picked":"Hologram+1","floor":18},{"not_picked":["Lockon","Hologram+1"],"picked":"Defragment","floor":19},{"not_picked":["Ball Lightning","Beam Cell"],"picked":"Hologram+1","floor":22},{"not_picked":["Lockon","Gash"],"picked":"Steam+1","floor":23}],"player_experience":1519235,"relics_obtained":[{"floor":7,"key":"War Paint"},{"floor":9,"key":"Toxic Egg 2"},{"floor":10,"key":"Strawberry"}],"event_choices":[{"damage_healed":0,"gold_gain":0,"player_choice":"Success","damage_taken":5,"relics_obtained":["Gambling Chip"],"max_hp_gain":0,"max_hp_loss":0,"event_name":"Scrap Ooze","floor":2,"gold_loss":0},{"damage_healed":0,"gold_gain":0,"player_choice":"Leave","damage_taken":0,"max_hp_gain":0,"max_hp_loss":0,"event_name":"The Cleric","floor":5,"gold_loss":0},{"damage_healed":26,"gold_gain":0,"player_choice":"Banana","damage_taken":0,"max_hp_gain":0,"max_hp_loss":0,"event_name":"Big Fish","floor":12,"gold_loss":0},{"damage_healed":0,"gold_gain":0,"cards_transformed":["Strike_B"],"player_choice":"Transformed","damage_taken":0,"max_hp_gain":0,"max_hp_loss":0,"event_name":"Transmorgrifier","floor":14,"gold_loss":0,"cards_obtained":["Biased Cognition"]}],"is_beta":false,"boss_relics":[{"not_picked":["Lizard Tail","Cursed Key"],"picked":"Ectoplasm"}],"items_purged_floors":[],"is_endless":false,"potions_floor_spawned":[3,7,8,18,23],"killed_by":"Cultist and Chosen","ascension_level":17}