{"gold_per_floor":[116,116,131,131,131,131,160,172,172,172,228,228,260,13,13,85,85,97,97,14,30,30,30,65,65,65,90,104,120,120,76,76,155,155,174,220,220,47,60,60,71,26,76,107,127,52,68,68,68,68],"floor_reached":51,"playtime":3894,"items_purged":["Strike_G+1"],"score":1534,"play_id":"fd06b424-f602-4d14-8bf0-6c2aae62b103","local_time":"20181217110118","is_ascension_mode":true,"campfire_choices":[{"data":"Dagger Spray","floor":6.0,"key":"SMITH"},{"data":"Skewer","floor":12.0,"key":"SMITH"},{"data":"Glass Knife","floor":15.0,"key":"SMITH"},{"data":"Footwork","floor":23.0,"key":"SMITH"},{"floor":25.0,"key":"REST"},{"data":"Well Laid Plans","floor":30.0,"key":"SMITH"},{"data":"Backflip","floor":32.0,"key":"SMITH"},{"data":"Noxious Fumes","floor":40.0,"key":"SMITH"},{"floor":49,"key":"REST"}],"neow_cost":"NONE","seed_source_timestamp":0,"circlet_count":0,"master_deck":["AscendersBane","Defend_G+1","Defend_G+1","Defend_G+1","Defend_G+1","Strike_G+1","Strike_G+1","Strike_G+1","Survivor","Neutralize+1","Backflip+1","Escape Plan","Dagger Spray+1","Venomology","Skewer+1","Glass Knife+1","Leg Sweep+1","Corpse Explosion+1","Dodge and Roll+1","Footwork+1","Backstab","PiercingWail+1","Well Laid Plans+1","Blur+1","Leg Sweep+1","Malaise+1","Heel Hook+1","Deadly Poison+1","Noxious Fumes+1","Bouncing Flask+1","Cloak And Dagger+1","Acrobatics+1","Adrenaline+1","Well Laid Plans","Backflip+1","Blur+1","Prepared+1"],"special_seed":0,"relics":["Ring of the Snake","NeowsBlessing","Dead Branch","Incense Burner","Toxic Egg 2","Blood Vial","Bird Faced Urn","Happy Flower","Velvet Choker","Sundial","The Specimen","Anchor","Black Star","Ginger","Dream Catcher","Potion Belt","Juzu Bracelet"],"potions_floor_usage":[47,50,50,50],"damage_taken":[{"damage":0.0,"enemies":"Small Slimes","floor":1.0,"turns":1.0},{"damage":0.0,"enemies":"Cultist","floor":3.0,"turns":1.0},{"damage":0.0,"enemies":"3 Sentries","floor":7.0,"turns":1.0},{"damage":1.0,"enemies":"2 Louse","floor":8.0,"turns":2.0},{"damage":2.0,"enemies":"Gremlin Nob","floor":11.0,"turns":3.0},{"damage":16.0,"enemies":"Lagavulin","floor":13.0,"turns":6.0},{"damage":17.0,"enemies":"Hexaghost","floor":16.0,"turns":8.0},{"damage":18.0,"enemies":"Chosen","floor":18.0,"turns":5.0},{"damage":7.0,"enemies":"2 Thieves","floor":21.0,"turns":3.0},{"damage":4.0,"enemies":"Book of Stabbing","floor":24.0,"turns":5.0},{"damage":0.0,"enemies":"Slavers","floor":27.0,"turns":3.0},{"damage":5.0,"enemies":"Centurion and Healer","floor":28.0,"turns":5.0},{"damage":0.0,"enemies":"Snake Plant","floor":29.0,"turns":4.0},{"damage":9.0,"enemies":"Champ","floor":33.0,"turns":15.0},{"damage":8.0,"enemies":"3 Darklings","floor":35.0,"turns":5.0},{"damage":4.0,"enemies":"2 Orb Walkers","floor":36.0,"turns":5.0},{"damage":1.0,"enemies":"Orb Walker","floor":39.0,"turns":4.0},{"damage":34.0,"enemies":"Writhing Mass","floor":41.0,"turns":6.0},{"damage":0.0,"enemies":"Nemesis","floor":44.0,"turns":7.0},{"damage":44.0,"enemies":"Spire Growth","floor":45.0,"turns":5.0},{"damage":9,"enemies":"3 Darklings","floor":47,"turns":3},{"damage":0,"enemies":"Time Eater","floor":50,"turns":13}],"seed_played":"-3988681737489149994","potions_obtained":[{"floor":3.0,"key":"Ancient Potion"},{"floor":11.0,"key":"SteroidPotion"},{"floor":13.0,"key":"LiquidBronze"},{"floor":33.0,"key":"Explosive Potion"},{"floor":44.0,"key":"SkillPotion"},{"floor":45.0,"key":"SteroidPotion"}],"is_trial":false,"path_per_floor":["M","?","M","?","?","R","E","M","T","T","?","R","E","$","R","B",null,"M","?","$","M","?","R","E","R","T","E","M","M","R","$","R","B",null,"M","?","?","$","M","R","M","$","T","E","M","$","M","$","R","B",null],"character_chosen":"THE_SILENT","items_purchased":["Happy Flower","Leg Sweep+1","Footwork","Leg Sweep+1","Noxious Fumes","Bouncing Flask+1","Cloak And Dagger+1","Well Laid Plans"],"campfire_rested":2,"item_purchase_floors":[14,14,20,31,38,38,38,42],"current_hp_per_floor":[59,59,59,59,64,64,64,63,63,63,61,61,47,47,47,32,61,47,47,47,44,44,44,46,67,67,71,70,71,71,71,71,62,69,65,67,67,67,70,70,43,43,43,57,21,21,32,32,53,69],"gold":68,"neow_bonus":"THREE_ENEMY_KILL","is_prod":false,"is_daily":false,"chose_seed":false,"campfire_upgraded":7,"win_rate":0,"timestamp":1545073278,"path_taken":["M","?","?","?","?","R","E","M","T","?","?","R","E","$","R","BOSS","M","?","$","M","?","R","E","R","T","E","M","M","R","$","R","BOSS","M","?","?","$","M","R","M","?","T","E","M","?","M","$","R","BOSS"],"build_version":"2018-12-13","purchased_purges":1,"victory":true,"max_hp_per_floor":[66,66,66,66,71,71,71,71,71,71,71,71,71,71,71,71,71,71,71,71,71,71,71,71,71,71,71,71,71,71,71,71,71,71,71,71,71,71,71,71,71,71,71,71,71,71,71,71,71,71],"card_choices":[{"not_picked":["Sucker Punch","Deflect"],"picked":"Backflip","floor":1.0},{"not_picked":["Heel Hook","Escape Plan","Dagger Spray"],"picked":"SKIP","floor":3.0},{"not_picked":["Heel Hook","Escape Plan"],"picked":"Dagger Spray","floor":3.0},{"not_picked":["Poisoned Stab","Heel Hook"],"picked":"Venomology","floor":7.0},{"not_picked":["Flying Knee","Underhanded Strike"],"picked":"Skewer","floor":8.0},{"not_picked":["Dagger Throw","Quick Slash"],"picked":"Glass Knife","floor":13.0},{"not_picked":["Unload","Venomology+1"],"picked":"Corpse Explosion+1","floor":16.0},{"not_picked":["Bane","Dagger Throw"],"picked":"Dodge and Roll+1","floor":18.0},{"not_picked":["Calculated Gamble+1","Blade Dance+1"],"picked":"Backstab","floor":21.0},{"not_picked":["Outmaneuver+1","Slice"],"picked":"PiercingWail+1","floor":24.0},{"not_picked":["Eviscerate","Dodge and Roll+1"],"picked":"Well Laid Plans","floor":27.0},{"not_picked":["Prepared+1","Quick Slash","Dodge and Roll+1"],"picked":"SKIP","floor":28.0},{"not_picked":["Accuracy+1","Dagger Spray"],"picked":"Blur+1","floor":29.0},{"not_picked":["Corpse Explosion+1","Doppelganger+1"],"picked":"Malaise+1","floor":33.0},{"not_picked":["Prepared+1","PiercingWail+1"],"picked":"Heel Hook+1","floor":35.0},{"not_picked":["Dagger Spray","Deflect+1"],"picked":"Deadly Poison+1","floor":36.0},{"not_picked":["Blade Dance+1","Flying Knee"],"picked":"Acrobatics+1","floor":39.0},{"not_picked":["Acrobatics+1","Expertise+1"],"picked":"Adrenaline+1","floor":41.0},{"not_picked":["Poisoned Stab","Deadly Poison+1"],"picked":"Backflip+1","floor":44.0},{"not_picked":["Flying Knee","Dodge and Roll+1"],"picked":"Blur+1","floor":45.0},{"not_picked":["Flying Knee","Heel Hook","Slice"],"picked":"SKIP","floor":47},{"not_picked":["Bane","Sucker Punch"],"picked":"Prepared+1","floor":49}],"player_experience":1575251,"relics_obtained":[{"floor":7.0,"key":"Dead Branch"},{"floor":9.0,"key":"Incense Burner"},{"floor":10.0,"key":"Toxic Egg 2"},{"floor":11.0,"key":"Blood Vial"},{"floor":13.0,"key":"Bird Faced Urn"},{"floor":24.0,"key":"Sundial"},{"floor":26.0,"key":"The Specimen"},{"floor":27.0,"key":"Anchor"},{"floor":36.0,"key":"Ginger"},{"floor":43.0,"key":"Dream Catcher"},{"floor":44.0,"key":"Potion Belt"},{"floor":44.0,"key":"Juzu Bracelet"}],"event_choices":[{"damage_healed":0.0,"max_hp_gain":0.0,"max_hp_loss":0.0,"gold_gain":0.0,"cards_transformed":["Strike_G"],"event_name":"Transmorgrifier","player_choice":"Transformed","floor":2.0,"gold_loss":0.0,"damage_taken":0.0,"cards_obtained":["Escape Plan"]},{"damage_healed":0.0,"max_hp_gain":0.0,"max_hp_loss":0.0,"gold_gain":0.0,"event_name":"Living Wall","player_choice":"Grow","floor":4.0,"gold_loss":0.0,"damage_taken":0.0,"cards_upgraded":["Neutralize"]},{"damage_healed":0.0,"max_hp_gain":5.0,"max_hp_loss":0.0,"gold_gain":0.0,"event_name":"Big Fish","player_choice":"Donut","floor":5.0,"gold_loss":0.0,"damage_taken":0.0},{"damage_healed":0.0,"max_hp_gain":0.0,"max_hp_loss":0.0,"gold_gain":0.0,"event_name":"Dead Adventurer","player_choice":"Searched \u00271\u0027 times","floor":11.0,"gold_loss":0.0,"damage_taken":0.0},{"damage_healed":0.0,"max_hp_gain":0.0,"max_hp_loss":0.0,"gold_gain":0.0,"event_name":"Back to Basics","player_choice":"Simplicity","floor":19.0,"gold_loss":0.0,"damage_taken":0.0,"cards_upgraded":["Defend_G","Defend_G","Defend_G","Defend_G","Defend_G","Strike_G","Strike_G","Strike_G","Strike_G"]},{"damage_healed":0.0,"max_hp_gain":0.0,"max_hp_loss":0.0,"gold_gain":0.0,"event_name":"Beggar","player_choice":"Ignored","floor":22.0,"gold_loss":0.0,"damage_taken":0.0},{"damage_healed":0.0,"max_hp_gain":0.0,"max_hp_loss":0.0,"gold_gain":0.0,"event_name":"Mysterious Sphere","player_choice":"Fight","floor":36.0,"gold_loss":0.0,"damage_taken":0.0},{"cards_removed":["Defend_G"],"damage_healed":0.0,"max_hp_gain":0.0,"max_hp_loss":0.0,"gold_gain":0.0,"event_name":"Falling","player_choice":"Removed Skill","floor":37.0,"gold_loss":0.0,"damage_taken":0.0}],"is_beta":false,"boss_relics":[{"not_picked":["Coffee Dripper","Orrery"],"picked":"Velvet Choker"},{"not_picked":["Runic Dome","Astrolabe"],"picked":"Black Star"}],"items_purged_floors":[46],"is_endless":false,"potions_floor_spawned":[3,11,13,27,33,35,44,45],"ascension_level":18}