{"gold_per_floor":[110,110,110,126,140,140,166,166,190,225,237,237,187,17,17,17],"floor_reached":16,"playtime":460,"items_purged":[],"score":113,"play_id":"6c6b21a9-0ef2-42da-8a32-89ebbb938bdf","local_time":"20190128135951","is_ascension_mode":true,"campfire_choices":[{"data":"Zap","floor":6,"key":"SMITH"},{"data":"Dualcast","floor":8,"key":"SMITH"},{"floor":15,"key":"REST"}],"neow_cost":"NONE","seed_source_timestamp":171681102774980,"circlet_count":0,"master_deck":["Strike_B","Strike_B","Strike_B","Strike_B+1","Defend_B","Defend_B","Defend_B","Defend_B","Zap+1","Dualcast+1","Doom and Gloom+1","Mayhem"],"relics":["Cracked Core","Centennial Puzzle","Pen Nib","Orichalcum","Mercury Hourglass","Golden Idol"],"potions_floor_usage":[1,7,10,10,16],"damage_taken":[{"damage":0,"enemies":"2 Louse","floor":1,"turns":2},{"damage":13,"enemies":"Jaw Worm","floor":4,"turns":3},{"damage":2,"enemies":"Small Slimes","floor":5,"turns":3},{"damage":18,"enemies":"Lagavulin","floor":7,"turns":5},{"damage":5,"enemies":"3 Sentries","floor":10,"turns":3},{"damage":4,"enemies":"Looter","floor":11,"turns":2},{"damage":26,"enemies":"The Guardian","floor":16,"turns":7}],"seed_played":"3417830540148905288","potions_obtained":[{"floor":0,"key":"SteroidPotion"},{"floor":0,"key":"Fruit Juice"},{"floor":0,"key":"LiquidBronze"},{"floor":1,"key":"Poison Potion"},{"floor":5,"key":"Energy Potion"},{"floor":7,"key":"Energy Potion"}],"is_trial":false,"path_per_floor":["M","?","?","M","M","R","E","R","T","E","M","?","?","$","R","B"],"character_chosen":"DEFECT","items_purchased":["Mayhem"],"campfire_rested":1,"item_purchase_floors":[14],"current_hp_per_floor":[80,64,64,51,49,49,31,31,31,26,22,2,2,2,26,0],"gold":17,"neow_bonus":"THREE_SMALL_POTIONS","is_prod":false,"is_daily":false,"chose_seed":false,"campfire_upgraded":2,"win_rate":0,"timestamp":1548644391,"path_taken":["M","?","?","M","?","R","E","R","T","E","M","?","?","$","R","BOSS"],"build_version":"2019-01-23","purchased_purges":0,"victory":false,"max_hp_per_floor":[80,80,80,80,80,80,80,80,80,80,80,80,80,80,80,80],"card_choices":[{"not_picked":["Genetic Algorithm","Hologram"],"picked":"Doom and Gloom","floor":1},{"not_picked":["Gash","Hologram","Ball Lightning"],"picked":"SKIP","floor":4},{"not_picked":["Streamline","Steam","Go for the Eyes"],"picked":"SKIP","floor":5},{"not_picked":["Conserve Battery","Sweeping Beam","Steam"],"picked":"SKIP","floor":7},{"not_picked":["Coolheaded","Beam Cell","Stack"],"picked":"SKIP","floor":10},{"not_picked":["Auto Shields","Sweeping Beam","Conserve Battery"],"picked":"SKIP","floor":11}],"player_experience":1149989,"relics_obtained":[{"floor":7,"key":"Pen Nib"},{"floor":9,"key":"Orichalcum"},{"floor":10,"key":"Mercury Hourglass"}],"event_choices":[{"damage_healed":0,"gold_gain":0,"player_choice":"Entered Light","damage_taken":16,"max_hp_gain":0,"max_hp_loss":0,"event_name":"Shining Light","floor":2,"gold_loss":0,"cards_upgraded":["Doom and Gloom","Strike_B"]},{"damage_healed":0,"gold_gain":0,"player_choice":"Box","damage_taken":0,"relics_obtained":["Centennial Puzzle"],"max_hp_gain":0,"max_hp_loss":0,"event_name":"Big Fish","floor":3,"gold_loss":0,"cards_obtained":["Regret"]},{"damage_healed":0,"gold_gain":0,"player_choice":"Take Damage","damage_taken":20,"relics_obtained":["Golden Idol"],"max_hp_gain":0,"max_hp_loss":0,"event_name":"Golden Idol","floor":12,"gold_loss":0},{"cards_removed":["Regret"],"damage_healed":0,"gold_gain":0,"player_choice":"Card Removal","damage_taken":0,"max_hp_gain":0,"max_hp_loss":0,"event_name":"The Cleric","floor":13,"gold_loss":50}],"is_beta":true,"boss_relics":[],"items_purged_floors":[],"is_endless":false,"potions_floor_spawned":[1,5,7],"killed_by":"The Guardian","ascension_level":1}