{"gold_per_floor":[113,124,143,143,158,158,158,186,209,209,45,57,57,76,76,76],"floor_reached":16,"playtime":730,"items_purged":["Defend_G"],"score":179,"play_id":"2ee77944-25c4-4c7b-98ff-8f886cbf0030","local_time":"20181006234753","is_ascension_mode":true,"campfire_choices":[{"data":"Calculated Gamble","floor":6,"key":"SMITH"},{"data":"Crippling Poison","floor":13,"key":"SMITH"},{"floor":15,"key":"REST"}],"neow_cost":"NONE","seed_source_timestamp":184419213535278,"circlet_count":0,"master_deck":["Defend_G","Defend_G","Defend_G","Defend_G","Strike_G","Strike_G","Strike_G","Strike_G","Survivor","Neutralize+1","AscendersBane","Calculated Gamble+1","Quick Slash","Dagger Spray","Escape Plan","Crippling Poison+1","Noxious Fumes","Quick Slash"],"relics":["Ring of the Snake","Juzu Bracelet","Smiling Mask"],"potions_floor_usage":[8,14,16],"damage_taken":[{"damage":0,"enemies":"Small Slimes","floor":1,"turns":6},{"damage":0,"enemies":"2 Louse","floor":2,"turns":3},{"damage":7,"enemies":"Jaw Worm","floor":3,"turns":8},{"damage":1,"enemies":"Blue Slaver","floor":5,"turns":5},{"damage":14,"enemies":"3 Sentries","floor":8,"turns":10},{"damage":23,"enemies":"Exordium Thugs","floor":12,"turns":5},{"damage":2,"enemies":"Exordium Wildlife","floor":14,"turns":4},{"damage":34,"enemies":"Hexaghost","floor":16,"turns":9}],"seed_played":"-774606927020074240","potions_obtained":[{"floor":1,"key":"Strength Potion"},{"floor":3,"key":"Fire Potion"},{"floor":10,"key":"Dexterity Potion"}],"is_trial":false,"path_per_floor":["M","M","M","?","M","R","?","E","T","?","$","M","R","M","R"],"character_chosen":"THE_SILENT","items_purchased":["Crippling Poison","Noxious Fumes"],"campfire_rested":1,"item_purchase_floors":[11,11],"current_hp_per_floor":[59,59,52,52,51,51,51,37,37,37,37,14,14,12,31,0],"gold":76,"neow_bonus":"REMOVE_CARD","is_prod":false,"is_daily":false,"chose_seed":false,"campfire_upgraded":2,"win_rate":0,"timestamp":1538894873,"path_taken":["M","M","M","?","M","R","?","E","T","?","$","M","R","M","R","BOSS"],"build_version":"2018-10-04","purchased_purges":1,"victory":false,"max_hp_per_floor":[66,66,66,66,66,66,66,66,66,66,66,66,66,66,66,66],"card_choices":[{"not_picked":["Choke","Skewer"],"picked":"Calculated Gamble","floor":1},{"not_picked":["PiercingWail","Prepared","Deadly Poison"],"picked":"SKIP","floor":2},{"not_picked":["Slice","Tactician"],"picked":"Quick Slash","floor":3},{"not_picked":["PiercingWail","Skewer"],"picked":"Dagger Spray","floor":5},{"not_picked":["Dodge and Roll","PiercingWail"],"picked":"Escape Plan","floor":8},{"not_picked":["Outmaneuver","Blade Dance"],"picked":"Quick Slash","floor":12},{"not_picked":["Deadly Poison","Heel Hook","Doppelganger"],"picked":"SKIP","floor":14}],"player_experience":854502,"relics_obtained":[{"floor":8,"key":"Juzu Bracelet"},{"floor":9,"key":"Smiling Mask"}],"event_choices":[{"event_name":"Living Wall","player_choice":"Grow","floor":4,"damage_taken":0},{"event_name":"Liars Game","player_choice":"disagreed","floor":7,"damage_taken":0},{"event_name":"The Lab","player_choice":"Got Potions","floor":10,"damage_taken":0}],"is_beta":true,"boss_relics":[],"items_purged_floors":[11],"is_endless":false,"potions_floor_spawned":[1,3,12],"killed_by":"Hexaghost","ascension_level":15}