{"gold_per_floor":[111,128,143,108,128,161,184,195,195,195,222,162,190,205,205,276,326,343,393,404,416,341,341,441,472,472,472,488,26,36,89,89,181,181,217,87,102,2,15,15,44,44,44,71,122,59,89,100,100,100],"floor_reached":51,"playtime":3434,"items_purged":["Strike_R","Strike_R"],"score":1429,"play_id":"55093755-f58e-4fe2-bb82-4cb84fec3773","local_time":"20181114112804","is_ascension_mode":true,"campfire_choices":[{"data":"Uppercut","floor":10.0,"key":"SMITH"},{"data":"Whirlwind","floor":15.0,"key":"SMITH"},{"data":"Immolate","floor":23.0,"key":"SMITH"},{"data":"Sever Soul","floor":27.0,"key":"SMITH"},{"floor":32.0,"key":"REST"},{"data":"Immolate","floor":40.0,"key":"SMITH"},{"data":"Carnage","floor":42.0,"key":"SMITH"},{"data":"Bludgeon","floor":49,"key":"SMITH"}],"neow_cost":"NONE","seed_source_timestamp":1369698373343745,"circlet_count":0,"master_deck":["AscendersBane","Strike_R","Strike_R","Defend_R","Defend_R","Defend_R","Defend_R+1","Bash","Clothesline","Reaper","Uppercut+1","Whirlwind+1","Immolate+1","Sever Soul+1","Carnage+1","Uppercut","Shrug It Off+1","HandOfGreed","Immolate+1","Flame Barrier+1","Bludgeon+1"],"special_seed":0,"relics":["Snecko Eye","Sundial","Odd Mushroom","Dodecahedron","Kunai","Singing Bowl","Tiny House","Prayer Wheel","Matryoshka","Toxic Egg 2","Mercury Hourglass","Meat on the Bone","Chemical X","Potion Belt","Vajra","Busted Crown","Oddly Smooth Stone","Omamori","MawBank","Ornamental Fan"],"potions_floor_usage":[45,50],"damage_taken":[{"damage":9.0,"enemies":"Cultist","floor":1.0,"turns":5.0},{"damage":2.0,"enemies":"Jaw Worm","floor":2.0,"turns":3.0},{"damage":4.0,"enemies":"2 Louse","floor":3.0,"turns":2.0},{"damage":0.0,"enemies":"Large Slime","floor":5.0,"turns":6.0},{"damage":37.0,"enemies":"Lagavulin","floor":6.0,"turns":8.0},{"damage":11.0,"enemies":"The Mushroom Lair","floor":7.0,"turns":4.0},{"damage":6.0,"enemies":"3 Louse","floor":8.0,"turns":3.0},{"damage":7.0,"enemies":"3 Sentries","floor":11.0,"turns":5.0},{"damage":12.0,"enemies":"Gremlin Nob","floor":13.0,"turns":3.0},{"damage":2.0,"enemies":"Looter","floor":14.0,"turns":2.0},{"damage":22.0,"enemies":"Hexaghost","floor":16.0,"turns":7.0},{"damage":15.0,"enemies":"2 Thieves","floor":18.0,"turns":3.0},{"damage":8.0,"enemies":"Chosen","floor":20.0,"turns":3.0},{"damage":4.0,"enemies":"Centurion and Healer","floor":21.0,"turns":3.0},{"damage":23.0,"enemies":"Colosseum Slavers","floor":24.0,"turns":3.0},{"damage":22.0,"enemies":"Colosseum Nobs","floor":24.0,"turns":4.0},{"damage":5.0,"enemies":"Gremlin Leader","floor":25.0,"turns":3.0},{"damage":3.0,"enemies":"Snake Plant","floor":28.0,"turns":2.0},{"damage":5.0,"enemies":"Sentry and Sphere","floor":30.0,"turns":3.0},{"damage":24.0,"enemies":"Collector","floor":33.0,"turns":7.0},{"damage":6.0,"enemies":"Orb Walker","floor":35.0,"turns":2.0},{"damage":0.0,"enemies":"3 Shapes","floor":37.0,"turns":2.0},{"damage":0.0,"enemies":"Jaw Worm Horde","floor":39.0,"turns":1.0},{"damage":37.0,"enemies":"Nemesis","floor":41.0,"turns":5.0},{"damage":0.0,"enemies":"Reptomancer","floor":44.0,"turns":2.0},{"damage":5,"enemies":"4 Shapes","floor":45,"turns":3},{"damage":32,"enemies":"Giant Head","floor":47,"turns":6},{"damage":0,"enemies":"Writhing Mass","floor":48,"turns":3},{"damage":35,"enemies":"Donu and Deca","floor":50,"turns":7}],"seed_played":"2016222947850741002","potions_obtained":[{"floor":3.0,"key":"FearPotion"},{"floor":5.0,"key":"Block Potion"},{"floor":11.0,"key":"Fruit Juice"},{"floor":14.0,"key":"Fruit Juice"},{"floor":17.0,"key":"SpeedPotion"},{"floor":37.0,"key":"Fruit Juice"},{"floor":44.0,"key":"PowerPotion"},{"floor":45,"key":"Explosive Potion"}],"is_trial":false,"path_per_floor":["M","M","M","?","M","E","?","M","T","R","E","?","E","M","R","B",null,"M","?","M","M","?","R","?","E","T","R","M","$","M","T","R","B",null,"M","$","M","$","M","R","E","R","T","E","M","$","E","M","R","B",null],"character_chosen":"IRONCLAD","items_purchased":["Chemical X","Shrug It Off+1","HandOfGreed","Energy Potion","Bludgeon"],"campfire_rested":1,"item_purchase_floors":[29,29,29,36,46],"current_hp_per_floor":[59,57,53,71,71,34,35,41,41,41,48,48,42,53,53,37,81,78,78,78,84,84,84,51,62,62,62,65,65,64,64,95,71,97,100,100,104,104,108,108,79,79,79,86,107,107,83,87,87,76],"gold":100,"neow_bonus":"BOSS_RELIC","is_prod":false,"is_daily":false,"chose_seed":false,"campfire_upgraded":7,"win_rate":0,"timestamp":1542223684,"path_taken":["M","?","M","?","M","E","?","M","T","R","E","?","E","M","R","BOSS","M","?","M","M","?","R","?","E","T","R","M","$","M","?","R","BOSS","M","$","M","?","M","R","E","R","T","E","M","$","E","M","R","BOSS"],"build_version":"2018-11-08","purchased_purges":2,"victory":true,"max_hp_per_floor":[75,75,75,75,75,75,75,75,75,75,75,75,75,82,82,82,92,94,94,96,98,98,98,100,102,102,102,102,102,106,106,106,106,106,108,108,108,108,112,112,119,119,119,121,125,125,127,131,131,131],"card_choices":[{"not_picked":["True Grit","Rupture"],"picked":"Clothesline","floor":1.0},{"not_picked":["Rampage","Clash","Flex"],"picked":"SKIP","floor":2.0},{"not_picked":["Cleave","Battle Trance","Wild Strike"],"picked":"SKIP","floor":3.0},{"not_picked":["Headbutt","Second Wind","Thunderclap"],"picked":"SKIP","floor":5.0},{"not_picked":["Whirlwind","Body Slam"],"picked":"Reaper","floor":6.0},{"not_picked":["Havoc","Armaments"],"picked":"Uppercut","floor":8.0},{"not_picked":["Berserk","Wild Strike","Iron Wave"],"picked":"SKIP","floor":11.0},{"not_picked":["Metallicize","Headbutt"],"picked":"Whirlwind","floor":13.0},{"not_picked":["Twin Strike","Bloodletting","Body Slam"],"picked":"Singing Bowl","floor":14.0},{"not_picked":["Berserk","Brutality"],"picked":"Immolate","floor":16.0},{"not_picked":["Pommel Strike","Battle Trance"],"picked":"Sever Soul","floor":17.0},{"not_picked":["Sword Boomerang","Heavy Blade","Iron Wave+1"],"picked":"Singing Bowl","floor":18.0},{"not_picked":["Perfected Strike","True Grit","Pommel Strike"],"picked":"Singing Bowl","floor":20.0},{"not_picked":["Perfected Strike","Cleave","Pummel"],"picked":"Singing Bowl","floor":21.0},{"not_picked":["Fire Breathing","Wild Strike","Blood for Blood"],"picked":"Singing Bowl","floor":24.0},{"not_picked":["Feed","Armaments","True Grit"],"picked":"Singing Bowl","floor":25.0},{"not_picked":["True Grit+1","Flex+1"],"picked":"Carnage","floor":28.0},{"not_picked":["Spot Weakness+1","Feel No Pain"],"picked":"Uppercut","floor":28.0},{"not_picked":["Body Slam","Iron Wave","Intimidate+1"],"picked":"Singing Bowl","floor":30.0},{"not_picked":["Spot Weakness+1","Reckless Charge","Warcry+1"],"picked":"Singing Bowl","floor":30.0},{"not_picked":["Barricade","Offering+1"],"picked":"Immolate","floor":33.0},{"not_picked":["Feel No Pain"],"picked":"Singing Bowl","floor":35.0},{"not_picked":[],"picked":"Flame Barrier+1","floor":35.0},{"not_picked":["Heavy Blade"],"picked":"SKIP","floor":37.0},{"not_picked":["Perfected Strike+1"],"picked":"SKIP","floor":37.0},{"not_picked":["Iron Wave+1"],"picked":"Singing Bowl","floor":39.0},{"not_picked":["Sentinel+1"],"picked":"Singing Bowl","floor":39.0},{"not_picked":["Evolve"],"picked":"Singing Bowl","floor":41.0},{"not_picked":["Sword Boomerang"],"picked":"Singing Bowl","floor":44.0},{"not_picked":["Second Wind+1"],"picked":"Singing Bowl","floor":45},{"not_picked":["Flex+1"],"picked":"Singing Bowl","floor":45},{"not_picked":["Infernal Blade+1"],"picked":"Singing Bowl","floor":47},{"not_picked":["Seeing Red+1"],"picked":"Singing Bowl","floor":48},{"not_picked":["Evolve+1"],"picked":"Singing Bowl","floor":48}],"player_experience":1280253,"relics_obtained":[{"floor":6.0,"key":"Sundial"},{"floor":7.0,"key":"Odd Mushroom"},{"floor":9.0,"key":"Dodecahedron"},{"floor":11.0,"key":"Kunai"},{"floor":13.0,"key":"Singing Bowl"},{"floor":24.0,"key":"Prayer Wheel"},{"floor":24.0,"key":"Matryoshka"},{"floor":25.0,"key":"Toxic Egg 2"},{"floor":26.0,"key":"Mercury Hourglass"},{"floor":26.0,"key":"Meat on the Bone"},{"floor":31.0,"key":"Potion Belt"},{"floor":31.0,"key":"Vajra"},{"floor":41.0,"key":"Oddly Smooth Stone"},{"floor":43.0,"key":"Omamori"},{"floor":44.0,"key":"MawBank"},{"floor":47,"key":"Ornamental Fan"}],"event_choices":[{"damage_healed":18.0,"max_hp_gain":0.0,"max_hp_loss":0.0,"gold_gain":0.0,"event_name":"The Cleric","player_choice":"Healed","floor":4.0,"gold_loss":35.0,"damage_taken":0.0},{"damage_healed":0.0,"max_hp_gain":0.0,"max_hp_loss":0.0,"gold_gain":0.0,"event_name":"Mushrooms","player_choice":"Fought Mushrooms","floor":7.0,"gold_loss":0.0,"damage_taken":0.0},{"damage_healed":0.0,"max_hp_gain":0.0,"max_hp_loss":0.0,"gold_gain":0.0,"event_name":"World of Goop","player_choice":"Left Gold","floor":12.0,"gold_loss":60.0,"damage_taken":0.0},{"damage_healed":0.0,"max_hp_gain":0.0,"max_hp_loss":0.0,"gold_gain":50.0,"event_name":"Nest","player_choice":"Stole From Cult","floor":19.0,"gold_loss":0.0,"damage_taken":0.0},{"cards_removed":["Strike_R"],"damage_healed":0.0,"max_hp_gain":0.0,"max_hp_loss":0.0,"gold_gain":0.0,"event_name":"Beggar","player_choice":"Gave Gold","floor":22.0,"gold_loss":75.0,"damage_taken":0.0},{"damage_healed":0.0,"max_hp_gain":0.0,"max_hp_loss":0.0,"gold_gain":0.0,"event_name":"Colosseum","player_choice":"Fight","floor":24.0,"gold_loss":0.0,"damage_taken":0.0},{"damage_healed":0.0,"max_hp_gain":0.0,"max_hp_loss":0.0,"gold_gain":0.0,"event_name":"Colosseum","player_choice":"Fought Nobs","floor":24.0,"gold_loss":0.0,"damage_taken":0.0}],"is_beta":false,"boss_relics":[{"not_picked":["Calling Bell","Eternal Feather"],"picked":"Tiny House"},{"not_picked":["Runic Dome","Runic Cube"],"picked":"Busted Crown"}],"items_purged_floors":[36,38],"is_endless":false,"potions_floor_spawned":[3,5,8,11,14,18,24,28,30,37,44,45,48],"ascension_level":16}