{"gold_per_floor":[112,127,127,141,155,182,182,182,205,221,250,250,285,300,300,300],"floor_reached":16,"playtime":758,"items_purged":[],"score":195,"play_id":"fb965592-4ed2-46ef-8ef4-34a6f448692c","local_time":"20190127101856","is_ascension_mode":true,"campfire_choices":[{"data":"Armaments","floor":8,"key":"SMITH"},{"data":"Body Slam","floor":12,"key":"SMITH"},{"data":"Rupture","floor":15,"key":"SMITH"}],"neow_cost":"NONE","seed_source_timestamp":1181941387830410,"circlet_count":0,"master_deck":["AscendersBane","Strike_R","Strike_R","Strike_R","Defend_R","Defend_R","Defend_R","Defend_R","Bash","Uppercut","Thunderclap","Armaments+1","Metallicize","Rupture+1","Inflame","Combust","Body Slam+1","Pummel"],"relics":["Burning Blood","Bronze Scales","Art of War","Dream Catcher","Magic Flower","Paper Frog"],"potions_floor_usage":[16,16],"damage_taken":[{"damage":4,"enemies":"2 Louse","floor":1,"turns":4},{"damage":0,"enemies":"Cultist","floor":2,"turns":3},{"damage":7,"enemies":"Jaw Worm","floor":4,"turns":4},{"damage":10,"enemies":"Gremlin Gang","floor":5,"turns":5},{"damage":36,"enemies":"Lagavulin","floor":6,"turns":8},{"damage":0,"enemies":"Looter","floor":10,"turns":4},{"damage":17,"enemies":"3 Sentries","floor":11,"turns":5},{"damage":17,"enemies":"Lagavulin","floor":13,"turns":7},{"damage":5,"enemies":"Red Slaver","floor":14,"turns":2},{"damage":37,"enemies":"The Guardian","floor":16,"turns":7}],"seed_played":"4643484156717253578","potions_obtained":[{"floor":2,"key":"PowerPotion"},{"floor":10,"key":"Strength Potion"},{"floor":13,"key":"Poison Potion"},{"floor":14,"key":"Poison Potion"}],"is_trial":false,"path_per_floor":["M","M","?","M","M","E","?","R","T","M","E","R","E","M","R","B"],"character_chosen":"IRONCLAD","items_purchased":[],"campfire_rested":0,"item_purchase_floors":[],"current_hp_per_floor":[74,80,80,79,75,45,45,45,45,51,40,40,32,36,36,0],"gold":300,"neow_bonus":"REMOVE_CARD","is_prod":false,"is_daily":false,"chose_seed":false,"campfire_upgraded":3,"win_rate":0,"timestamp":1548605936,"path_taken":["M","M","?","?","M","E","?","R","T","?","E","R","E","M","R","BOSS"],"build_version":"2019-01-23","purchased_purges":0,"victory":false,"max_hp_per_floor":[80,80,80,80,80,80,80,80,80,80,80,80,80,80,80,80],"card_choices":[{"not_picked":["Anger","Heavy Blade"],"picked":"Uppercut","floor":1},{"not_picked":["Twin Strike","Clash"],"picked":"Thunderclap","floor":2},{"not_picked":["Bloodletting","Clash"],"picked":"Armaments","floor":4},{"not_picked":["Armaments","Sever Soul"],"picked":"Metallicize","floor":5},{"not_picked":["Battle Trance","Headbutt"],"picked":"Rupture","floor":6},{"not_picked":["Flame Barrier","Flex"],"picked":"Combust","floor":10},{"not_picked":["Perfected Strike","Anger"],"picked":"Body Slam","floor":11},{"not_picked":["Rampage","Second Wind"],"picked":"Pummel","floor":13},{"not_picked":["Perfected Strike","Fire Breathing","Twin Strike"],"picked":"SKIP","floor":14}],"player_experience":478653,"relics_obtained":[{"floor":6,"key":"Art of War"},{"floor":9,"key":"Dream Catcher"},{"floor":11,"key":"Magic Flower"},{"floor":13,"key":"Paper Frog"}],"event_choices":[{"damage_healed":0,"gold_gain":0,"player_choice":"Gave Potion","damage_taken":0,"relics_obtained":["Bronze Scales"],"max_hp_gain":0,"max_hp_loss":0,"event_name":"WeMeetAgain","floor":3,"gold_loss":0},{"damage_healed":0,"gold_gain":0,"cards_transformed":["Strike_R"],"player_choice":"Transformed","damage_taken":0,"max_hp_gain":0,"max_hp_loss":0,"event_name":"Transmorgrifier","floor":7,"gold_loss":0,"cards_obtained":["Inflame"]}],"is_beta":false,"boss_relics":[],"items_purged_floors":[],"is_endless":false,"potions_floor_spawned":[2,10,13,14],"killed_by":"The Guardian","ascension_level":12}