{"gold_per_floor":[114,132,150,161,175,206,221,252,278,278],"floor_reached":10,"playtime":368,"items_purged":[],"score":98,"play_id":"8b599d8e-75e5-4001-8df4-b44a24e43427","local_time":"20180809111236","is_ascension_mode":true,"campfire_choices":[],"neow_cost":"NONE","seed_source_timestamp":10367687771494,"circlet_count":0,"master_deck":["Defend_G","Defend_G","Defend_G","Strike_G","Strike_G","Strike_G","Strike_G","Survivor","Neutralize","Corpse Explosion+1","Concentrate+1","Wraith Form v2+1","Poisoned Stab","Prepared","Backstab","Backstab","Backstab","Deadly Poison"],"relics":["Astrolabe","Pen Nib","Tough Bandages","Boot"],"potions_floor_usage":[6,7,8],"damage_taken":[{"damage":0,"enemies":"Cultist","floor":1,"turns":4},{"damage":2,"enemies":"Jaw Worm","floor":2,"turns":3},{"damage":0,"enemies":"2 Louse","floor":3,"turns":2},{"damage":21,"enemies":"Exordium Thugs","floor":4,"turns":3},{"damage":6,"enemies":"Blue Slaver","floor":5,"turns":4},{"damage":19,"enemies":"Gremlin Nob","floor":6,"turns":4},{"damage":0,"enemies":"3 Louse","floor":7,"turns":2},{"damage":15,"enemies":"Lagavulin","floor":8,"turns":6},{"damage":14,"enemies":"Gremlin Nob","floor":10,"turns":2}],"seed_played":"6892082198403204227","potions_obtained":[{"floor":4,"key":"Weak Potion"},{"floor":6,"key":"Dexterity Potion"},{"floor":7,"key":"SpeedPotion"}],"is_trial":false,"path_per_floor":["M","M","M","M","M","E","M","E","T"],"character_chosen":"THE_SILENT","items_purchased":[],"campfire_rested":0,"item_purchase_floors":[],"current_hp_per_floor":[70,68,68,47,41,22,22,7,7,0],"gold":278,"neow_bonus":"BOSS_RELIC","is_prod":false,"is_daily":false,"chose_seed":false,"campfire_upgraded":0,"win_rate":0,"timestamp":1533805956,"path_taken":["M","M","?","M","M","E","M","E","T","E"],"build_version":"2018-08-08","purchased_purges":0,"victory":false,"max_hp_per_floor":[70,70,70,70,70,70,70,70,70,70],"card_choices":[{"not_picked":["Flying Knee","Blade Dance"],"picked":"Poisoned Stab","floor":1},{"not_picked":["Dagger Spray","Backflip"],"picked":"Prepared","floor":2},{"not_picked":["Dodge and Roll","All Out Attack","Dash"],"picked":"SKIP","floor":3},{"not_picked":["PiercingWail","Sucker Punch"],"picked":"Backstab","floor":4},{"not_picked":["Underhanded Strike","Prepared"],"picked":"Backstab","floor":5},{"not_picked":["Setup","Deadly Poison"],"picked":"Backstab","floor":6},{"not_picked":["Crippling Poison","Accuracy","Skewer"],"picked":"SKIP","floor":7},{"not_picked":["Deflect","Setup"],"picked":"Deadly Poison","floor":8}],"player_experience":391700,"relics_obtained":[{"floor":6,"key":"Pen Nib"},{"floor":8,"key":"Tough Bandages"},{"floor":9,"key":"Boot"}],"event_choices":[],"is_beta":true,"boss_relics":[],"items_purged_floors":[],"is_endless":false,"potions_floor_spawned":[4,6,7],"killed_by":"Gremlin Nob","ascension_level":4}