{"gold_per_floor":[362,381,381,17,34,34,49,13,13,13,29,29,4,15,15,115,115,131,7,7],"floor_reached":20,"playtime":836,"items_purged":["Regret","Defend_R"],"score":221,"play_id":"2048014e-308a-4803-b037-80bf1a694cf1","local_time":"20190201103452","is_ascension_mode":true,"campfire_choices":[{"data":"Havoc","floor":6.0,"key":"SMITH"},{"data":"Armaments","floor":12.0,"key":"SMITH"},{"floor":15,"key":"REST"}],"neow_cost":"CURSE","seed_source_timestamp":0,"circlet_count":0,"master_deck":["Strike_R","Strike_R","Strike_R","Strike_R","Strike_R","Defend_R","Defend_R+1","Defend_R+1","Bash","Rage","True Grit","Twin Strike","Havoc+1","Armaments+1","Rupture","Flame Barrier","Twin Strike","Inflame","Demon Form","Heavy Blade","Sword Boomerang"],"special_seed":0,"relics":["Burning Blood","War Paint","StoneCalendar","Philosopher\u0027s Stone"],"potions_floor_usage":[16,16,18,20],"damage_taken":[{"damage":24.0,"enemies":"Small Slimes","floor":1.0,"turns":5.0},{"damage":1.0,"enemies":"Cultist","floor":2.0,"turns":3.0},{"damage":6.0,"enemies":"Jaw Worm","floor":5.0,"turns":4.0},{"damage":16.0,"enemies":"Exordium Thugs","floor":7.0,"turns":5.0},{"damage":13.0,"enemies":"Large Slime","floor":11.0,"turns":7.0},{"damage":18.0,"enemies":"3 Louse","floor":14.0,"turns":3.0},{"damage":24,"enemies":"Hexaghost","floor":16,"turns":8},{"damage":18,"enemies":"Shell Parasite","floor":18,"turns":5},{"damage":38,"enemies":"Colosseum Slavers","floor":20,"turns":6},{"damage":35,"enemies":"Colosseum Nobs","floor":20,"turns":3}],"seed_played":"7662312293725909402","potions_obtained":[{"floor":2.0,"key":"BloodPotion"},{"floor":3.0,"key":"Swift Potion"},{"floor":3.0,"key":"Ancient Potion"},{"floor":3.0,"key":"EssenceOfSteel"},{"floor":5.0,"key":"Strength Potion"},{"floor":11.0,"key":"PowerPotion"},{"floor":18,"key":"Block Potion"}],"is_trial":false,"path_per_floor":["M","M","?","$","M","R","M","$","T","?","M","R","$","M","R","B",null,"M","$","?"],"character_chosen":"IRONCLAD","items_purchased":["Rage","Twin Strike","War Paint","Havoc","Rupture","Twin Strike","Sword Boomerang"],"campfire_rested":1,"item_purchase_floors":[4,4,4,4,8,13,19],"current_hp_per_floor":[54,59,59,59,59,59,57,57,57,57,50,50,50,38,62,44,71,59,59,0],"gold":7,"neow_bonus":"TWO_FIFTY_GOLD","is_prod":false,"is_daily":false,"chose_seed":false,"campfire_upgraded":2,"win_rate":0,"timestamp":1549013692,"path_taken":["M","M","?","$","?","R","M","$","T","?","M","R","?","M","R","BOSS","M","$","?"],"build_version":"2019-01-23","purchased_purges":2,"victory":false,"max_hp_per_floor":[80,80,80,80,80,80,80,80,80,80,80,80,80,80,80,80,80,80,80,80],"card_choices":[{"not_picked":["Dropkick","Sword Boomerang"],"picked":"Rage","floor":1.0},{"not_picked":["Cleave","Pommel Strike"],"picked":"True Grit","floor":2.0},{"not_picked":["Shrug It Off","Sentinel"],"picked":"Armaments","floor":5.0},{"not_picked":["Thunderclap","True Grit","Iron Wave"],"picked":"SKIP","floor":7.0},{"not_picked":["Heavy Blade","Sword Boomerang"],"picked":"Flame Barrier","floor":11.0},{"not_picked":["Burning Pact","Twin Strike"],"picked":"Inflame","floor":14.0},{"not_picked":["Brutality","Immolate"],"picked":"Demon Form","floor":16},{"not_picked":["Twin Strike","Clothesline+1"],"picked":"Heavy Blade","floor":18}],"player_experience":230353,"relics_obtained":[],"event_choices":[{"damage_healed":0.0,"max_hp_gain":0.0,"max_hp_loss":0.0,"gold_gain":0.0,"event_name":"Lab","player_choice":"Got Potions","floor":3.0,"gold_loss":0.0,"damage_taken":0.0},{"cards_removed":["Rage"],"damage_healed":0.0,"max_hp_gain":0.0,"max_hp_loss":0.0,"gold_gain":0.0,"event_name":"WeMeetAgain","player_choice":"Gave Card","floor":10.0,"gold_loss":0.0,"damage_taken":0.0,"relics_obtained":["StoneCalendar"]},{"damage_healed":0,"gold_gain":0,"player_choice":"Fight","damage_taken":0,"max_hp_gain":0,"max_hp_loss":0,"event_name":"Colosseum","floor":20,"gold_loss":0},{"damage_healed":0,"gold_gain":0,"player_choice":"Fought Nobs","damage_taken":0,"max_hp_gain":0,"max_hp_loss":0,"event_name":"Colosseum","floor":20,"gold_loss":0}],"is_beta":true,"boss_relics":[{"not_picked":["Fusion Hammer","Calling Bell"],"picked":"Philosopher\u0027s Stone"}],"items_purged_floors":[4,19],"is_endless":false,"potions_floor_spawned":[2,5,11,18],"killed_by":"Colosseum Nobs","ascension_level":7}