{"gold_per_floor":[119,119,31,31,48,103,103,117,166,177,477,477,526,540,540,611,611,624,624,644,919,755,755,403,415,469,469,494,506,535,209,209,285,285,300,86,86,86,6,6,16,16,94,94,112,125,152,2,2,2],"floor_reached":50,"playtime":2200,"items_purged":["Regret","Strike_B","Strike_B","Normality"],"score":1062,"play_id":"c842893d-9cab-4b3f-844a-e6d19c41386a","local_time":"20190106234228","is_ascension_mode":true,"campfire_choices":[{"data":"Darkness","floor":7,"key":"SMITH"},{"data":"Doom and Gloom","floor":15,"key":"SMITH"},{"data":"Fusion","floor":23,"key":"SMITH"},{"floor":27,"key":"REST"},{"data":"Storm","floor":32,"key":"SMITH"},{"data":"Defragment","floor":40,"key":"SMITH"},{"data":"Machine Learning","floor":42,"key":"SMITH"},{"floor":44,"key":"REST"},{"data":"Heatsinks","floor":49,"key":"SMITH"}],"neow_cost":"CURSE","seed_source_timestamp":76835864049521,"circlet_count":0,"master_deck":["AscendersBane","Defend_B","Defend_B","Defend_B","Defend_B","Zap+1","Dualcast","Self Repair","Doom and Gloom+1","Darkness+1","Glacier","BootSequence","Machine Learning+1","Static Discharge","Sunder","Fusion+1","Static Discharge","Heatsinks+1","Defragment+1","Static Discharge","Storm+1","Echo Form","Conserve Battery","Echo Form","Madness","Madness","Defragment+1","Tempest+1","Force Field+1","Glacier+1"],"relics":["Cracked Core","Pocketwatch","Tiny Chest","Blood Vial","Old Coin","Mummified Hand","PreservedInsect","Velvet Choker","Ancient Tea Set","Potion Belt","Meat on the Bone","Bag of Preparation","Cursed Key","Pear","StoneCalendar"],"potions_floor_usage":[6,10,16,33,33,45,50,50,50],"damage_taken":[{"damage":9,"enemies":"2 Louse","floor":1,"turns":2},{"damage":0,"enemies":"Small Slimes","floor":5,"turns":2},{"damage":40,"enemies":"Gremlin Nob","floor":6,"turns":4},{"damage":0,"enemies":"Cultist","floor":8,"turns":2},{"damage":7,"enemies":"Exordium Wildlife","floor":10,"turns":4},{"damage":0,"enemies":"2 Fungi Beasts","floor":14,"turns":4},{"damage":32,"enemies":"Hexaghost","floor":16,"turns":9},{"damage":24,"enemies":"2 Thieves","floor":18,"turns":4},{"damage":13,"enemies":"Chosen","floor":20,"turns":4},{"damage":14,"enemies":"Snake Plant","floor":25,"turns":2},{"damage":6,"enemies":"Slavers","floor":28,"turns":3},{"damage":0,"enemies":"Snecko","floor":29,"turns":4},{"damage":20,"enemies":"Gremlin Leader","floor":30,"turns":5},{"damage":32,"enemies":"Automaton","floor":33,"turns":7},{"damage":0,"enemies":"3 Shapes","floor":35,"turns":5},{"damage":1,"enemies":"Orb Walker","floor":41,"turns":3},{"damage":20,"enemies":"Writhing Mass","floor":45,"turns":3},{"damage":11,"enemies":"Sphere and 2 Shapes","floor":46,"turns":4},{"damage":8,"enemies":"Nemesis","floor":47,"turns":5},{"damage":83,"enemies":"Awakened One","floor":50,"turns":8}],"seed_played":"-1158351932545759813","potions_obtained":[{"floor":1,"key":"Regen Potion"},{"floor":6,"key":"SkillPotion"},{"floor":10,"key":"AttackPotion"},{"floor":20,"key":"LiquidBronze"},{"floor":30,"key":"Regen Potion"},{"floor":45,"key":"Swift Potion"},{"floor":46,"key":"Explosive Potion"}],"is_trial":false,"path_per_floor":["M","?","$","?","M","E","R","M","T","M","T","?","T","M","R","B",null,"M","?","M","?","$","R","$","M","T","R","E","M","E","$","R","B",null,"M","$","?","?","$","R","M","R","T","R","M","M","E","$","R","B"],"character_chosen":"DEFECT","items_purchased":["Doom and Gloom","Fusion","FocusPotion","FocusPotion","Static Discharge","Storm","Bag of Preparation","Echo Form","Block Potion","Defragment"],"campfire_rested":2,"item_purchase_floors":[3,22,24,24,24,31,31,36,36,39],"current_hp_per_floor":[55,55,55,55,55,34,34,34,34,36,36,36,36,45,45,22,59,44,44,40,40,40,40,40,35,35,56,59,68,57,57,57,49,66,71,71,58,58,58,58,59,59,69,81,61,66,74,74,74,0],"gold":2,"neow_bonus":"ONE_RARE_RELIC","is_prod":false,"is_daily":false,"chose_seed":false,"campfire_upgraded":7,"win_rate":0,"timestamp":1546778548,"path_taken":["M","?","$","?","?","E","R","M","T","M","?","?","?","M","R","BOSS","M","?","?","?","$","R","$","M","T","R","E","M","E","?","R","BOSS","M","$","?","?","?","R","?","R","T","R","M","?","E","$","R","BOSS"],"build_version":"2018-11-15","purchased_purges":4,"victory":false,"max_hp_per_floor":[71,71,71,71,71,71,71,71,71,71,71,71,71,71,71,71,71,71,71,71,71,71,71,71,71,71,71,71,71,71,71,71,71,71,71,71,71,71,71,71,71,71,81,81,81,81,81,81,81,81],"card_choices":[{"not_picked":["Stack","Double Energy"],"picked":"Self Repair","floor":1},{"not_picked":["Hello World","Gash"],"picked":"Darkness","floor":5},{"not_picked":["Amplify","Rip and Tear"],"picked":"Glacier","floor":6},{"not_picked":["Compile Driver","Cold Snap","Rip and Tear"],"picked":"SKIP","floor":8},{"not_picked":["Ball Lightning","Redo"],"picked":"BootSequence","floor":10},{"not_picked":["Streamline","Coolheaded","Force Field"],"picked":"SKIP","floor":14},{"not_picked":["Fission","Amplify"],"picked":"Machine Learning","floor":16},{"not_picked":["Barrage+1","Heatsinks"],"picked":"Static Discharge","floor":18},{"not_picked":["Rebound","Static Discharge+1"],"picked":"Sunder","floor":20},{"not_picked":["Sweeping Beam","Double Energy","Blizzard"],"picked":"SKIP","floor":25},{"not_picked":["Go for the Eyes","Rebound"],"picked":"Heatsinks","floor":28},{"not_picked":["Redo","Conserve Battery"],"picked":"Defragment+1","floor":29},{"not_picked":["Recycle","Auto Shields+1"],"picked":"Static Discharge","floor":30},{"not_picked":["Hyperbeam","Buffer"],"picked":"Echo Form","floor":33},{"not_picked":["White Noise","Doom and Gloom"],"picked":"Conserve Battery","floor":35},{"not_picked":["Steam+1","Gash"],"picked":"Tempest+1","floor":41},{"not_picked":["Genetic Algorithm+1","Hologram+1","Beam Cell"],"picked":"SKIP","floor":45},{"not_picked":["Genetic Algorithm","Rebound"],"picked":"Force Field+1","floor":46},{"not_picked":["Stack","Aggregate"],"picked":"Glacier+1","floor":47}],"player_experience":1006521,"relics_obtained":[{"floor":6,"key":"Tiny Chest"},{"floor":9,"key":"Blood Vial"},{"floor":11,"key":"Old Coin"},{"floor":13,"key":"PreservedInsect"},{"floor":26,"key":"Ancient Tea Set"},{"floor":28,"key":"Potion Belt"},{"floor":30,"key":"Meat on the Bone"},{"floor":43,"key":"Pear"},{"floor":47,"key":"StoneCalendar"}],"event_choices":[{"cards_removed":["Pain"],"damage_healed":0,"gold_gain":0,"player_choice":"Forget","damage_taken":0,"max_hp_gain":0,"max_hp_loss":0,"event_name":"Living Wall","floor":2,"gold_loss":0},{"damage_healed":0,"gold_gain":0,"player_choice":"Upgraded","damage_taken":0,"max_hp_gain":0,"max_hp_loss":0,"event_name":"Upgrade Shrine","floor":4,"gold_loss":0,"cards_upgraded":["Zap"]},{"damage_healed":0,"gold_gain":0,"player_choice":"Searched \u00271\u0027 times","damage_taken":0,"relics_obtained":["Mummified Hand"],"max_hp_gain":0,"max_hp_loss":0,"event_name":"Dead Adventurer","floor":12,"gold_loss":0},{"cards_removed":["Strike_B"],"damage_healed":0,"gold_gain":0,"player_choice":"Offered Basic","damage_taken":0,"max_hp_gain":0,"max_hp_loss":0,"event_name":"Bonfire Elementals","floor":19,"gold_loss":0},{"damage_healed":0,"gold_gain":275,"player_choice":"Desecrate","damage_taken":0,"max_hp_gain":0,"max_hp_loss":0,"event_name":"Golden Shrine","floor":21,"gold_loss":0,"cards_obtained":["Regret"]},{"damage_healed":0,"gold_gain":0,"player_choice":"Embrace Madness","damage_taken":13,"max_hp_gain":0,"max_hp_loss":0,"event_name":"Winding Halls","floor":37,"gold_loss":0,"cards_obtained":["Madness","Madness"]},{"cards_removed":["Strike_B"],"damage_healed":0,"gold_gain":0,"player_choice":"Removed Attack","damage_taken":0,"max_hp_gain":0,"max_hp_loss":0,"event_name":"Falling","floor":38,"gold_loss":0}],"is_beta":true,"boss_relics":[{"not_picked":["Empty Cage","Eternal Feather"],"picked":"Velvet Choker"},{"not_picked":["Orrery","Coffee Dripper"],"picked":"Cursed Key"}],"items_purged_floors":[22,24,31,48],"is_endless":false,"potions_floor_spawned":[1,6,10,20,30,45,46],"killed_by":"Awakened One","ascension_level":20}