{"gold_per_floor":[119,144,157,173,173,173,198,198,224,82,110,110,110],"floor_reached":13,"playtime":382,"items_purged":["Strike_G"],"score":141,"play_id":"22b2dd19-f44e-4e4d-aa8c-97890bc52115","local_time":"20190124221420","is_ascension_mode":true,"campfire_choices":[{"data":"Well Laid Plans","floor":6,"key":"SMITH"},{"data":"Caltrops","floor":8,"key":"SMITH"},{"floor":12,"key":"REST"}],"neow_cost":"NONE","seed_source_timestamp":966040502281559,"circlet_count":0,"master_deck":["AscendersBane","Defend_G","Defend_G","Defend_G","Defend_G","Defend_G","Strike_G","Strike_G","Strike_G","Survivor","Neutralize","Dagger Spray","Caltrops+1","Well Laid Plans+1","Reflex","Blur","Noxious Fumes","Bouncing Flask"],"relics":["Ring of the Snake","NeowsBlessing","Potion Belt","Lantern","Blood Vial","Pear"],"potions_floor_usage":[7,11,13],"damage_taken":[{"damage":0,"enemies":"Cultist","floor":1,"turns":1},{"damage":0,"enemies":"Small Slimes","floor":3,"turns":1},{"damage":0,"enemies":"Jaw Worm","floor":4,"turns":1},{"damage":26,"enemies":"Gremlin Nob","floor":7,"turns":5},{"damage":37,"enemies":"Lagavulin","floor":11,"turns":9},{"damage":39,"enemies":"Gremlin Gang","floor":13,"turns":3}],"seed_played":"-4853819487536120778","potions_obtained":[{"floor":3,"key":"AttackPotion"},{"floor":7,"key":"GamblersBrew"},{"floor":11,"key":"Swift Potion"}],"is_trial":false,"path_per_floor":["M","T","M","M","?","R","E","R","T","$","E","R","M"],"character_chosen":"THE_SILENT","items_purchased":["Noxious Fumes"],"campfire_rested":1,"item_purchase_floors":[10],"current_hp_per_floor":[63,63,63,63,63,63,37,37,37,37,12,36,0],"gold":110,"neow_bonus":"THREE_ENEMY_KILL","is_prod":false,"is_daily":false,"chose_seed":false,"campfire_upgraded":2,"win_rate":0,"timestamp":1548389660,"path_taken":["M","?","M","?","?","R","E","R","T","$","E","R","M"],"build_version":"2019-01-23","purchased_purges":1,"victory":false,"max_hp_per_floor":[70,70,70,70,70,70,70,70,70,70,80,80,80],"card_choices":[{"not_picked":["Blade Dance","PiercingWail"],"picked":"Dagger Spray","floor":1},{"not_picked":["Deadly Poison","Bane"],"picked":"Caltrops","floor":3},{"not_picked":["Concentrate","Eviscerate"],"picked":"Well Laid Plans","floor":4},{"not_picked":["Bane","Predator"],"picked":"Blur","floor":7},{"not_picked":["Acrobatics","Deflect"],"picked":"Bouncing Flask","floor":11}],"player_experience":469316,"relics_obtained":[{"floor":2,"key":"Potion Belt"},{"floor":7,"key":"Lantern"},{"floor":9,"key":"Blood Vial"},{"floor":11,"key":"Pear"}],"event_choices":[{"damage_healed":0,"gold_gain":0,"cards_transformed":["Strike_G"],"player_choice":"Change","damage_taken":0,"max_hp_gain":0,"max_hp_loss":0,"event_name":"Living Wall","floor":5,"gold_loss":0,"cards_obtained":["Reflex"]}],"is_beta":false,"boss_relics":[],"items_purged_floors":[10],"is_endless":false,"potions_floor_spawned":[3,7,11],"killed_by":"Gremlin Gang","ascension_level":11}