{"gold_per_floor":[18,18,29,48,58,90,90,102,102,102,102,131,131,131,131,226,226,239,252,282,301,320,320,347,365,433,448,63,63,63],"floor_reached":30,"playtime":924,"items_purged":[],"score":300,"play_id":"a5b5edba-ee26-4e92-bbc3-e33197c4b156","local_time":"20190204021930","is_ascension_mode":true,"campfire_choices":[{"data":"Sunder","floor":7,"key":"SMITH"},{"data":"Zap","floor":10,"key":"SMITH"},{"data":"Fission","floor":15,"key":"SMITH"},{"floor":23,"key":"REST"}],"neow_cost":"NO_GOLD","seed_source_timestamp":127968616991537,"circlet_count":0,"master_deck":["Strike_B","Strike_B","Strike_B","Defend_B","Defend_B","Defend_B","Zap+1","Dualcast","Loop","Biased Cognition","Hologram+1","Go for the Eyes","Go for the Eyes","Ball Lightning","Sunder+1","Gash","Fission+1","Regret","Electrodynamics+1","Ball Lightning","Glacier+1","Cold Snap","Loop+1","All For One"],"relics":["Cracked Core","Singing Bowl","Pear","Art of War","Frozen Egg 2","Busted Crown","Red Mask","Cables","Mummified Hand","Molten Egg 2"],"potions_floor_usage":[6,16,16,20,24,24,24],"damage_taken":[{"damage":1,"enemies":"Jaw Worm","floor":1,"turns":3},{"damage":0,"enemies":"Cultist","floor":3,"turns":3},{"damage":10,"enemies":"2 Louse","floor":4,"turns":2},{"damage":10,"enemies":"2 Fungi Beasts","floor":5,"turns":3},{"damage":16,"enemies":"Gremlin Nob","floor":6,"turns":3},{"damage":5,"enemies":"Looter","floor":8,"turns":2},{"damage":21,"enemies":"Lagavulin","floor":12,"turns":5},{"damage":5,"enemies":"Hexaghost","floor":16,"turns":7},{"damage":10,"enemies":"2 Thieves","floor":18,"turns":3},{"damage":5,"enemies":"Shell Parasite","floor":19,"turns":4},{"damage":34,"enemies":"Masked Bandits","floor":20,"turns":4},{"damage":19,"enemies":"Shelled Parasite and Fungi","floor":21,"turns":3},{"damage":17,"enemies":"Sentry and Sphere","floor":22,"turns":4},{"damage":7,"enemies":"Book of Stabbing","floor":24,"turns":5},{"damage":5,"enemies":"Snake Plant","floor":25,"turns":2},{"damage":13,"enemies":"Shelled Parasite and Fungi","floor":27,"turns":5},{"damage":10,"enemies":"Snecko","floor":30,"turns":2}],"seed_played":"-4355890961473321254","potions_obtained":[{"floor":2,"key":"FairyPotion"},{"floor":2,"key":"PowerPotion"},{"floor":2,"key":"EssenceOfSteel"},{"floor":3,"key":"FocusPotion"},{"floor":8,"key":"PowerPotion"},{"floor":21,"key":"AttackPotion"},{"floor":22,"key":"EntropicBrew"},{"floor":27,"key":"PowerPotion"}],"is_trial":false,"path_per_floor":["M","?","M","M","M","E","R","M","T","R","?","E","?","?","R","B",null,"M","M","?","M","M","R","E","M","T","M","$","?","M"],"character_chosen":"DEFECT","items_purchased":["All For One","Molten Egg 2"],"campfire_rested":1,"item_purchase_floors":[28,28],"current_hp_per_floor":[74,74,74,64,54,38,38,33,43,43,43,22,22,22,22,17,85,75,72,40,21,4,30,23,20,20,9,9,9,0],"gold":63,"neow_bonus":"TRANSFORM_TWO_CARDS","is_prod":false,"is_daily":false,"chose_seed":false,"campfire_upgraded":3,"win_rate":0,"timestamp":1549275570,"path_taken":["M","?","M","M","M","E","R","?","T","R","?","E","?","?","R","BOSS","M","M","?","M","M","R","E","M","T","M","$","?","?"],"build_version":"2019-01-23","purchased_purges":0,"victory":false,"max_hp_per_floor":[75,75,75,75,75,75,75,75,85,85,85,85,85,85,85,85,85,85,87,89,89,89,89,89,91,91,93,93,93,93],"card_choices":[{"not_picked":["Turbo","Streamline"],"picked":"Hologram","floor":1},{"not_picked":["Coolheaded","Beam Cell"],"picked":"Go for the Eyes","floor":3},{"not_picked":["Hello World","Turbo"],"picked":"Go for the Eyes","floor":4},{"not_picked":["Leap","Rainbow"],"picked":"Ball Lightning","floor":5},{"not_picked":["Tempest","Heatsinks"],"picked":"Sunder","floor":6},{"not_picked":["Go for the Eyes","Chill"],"picked":"Gash","floor":8},{"not_picked":["Sunder","Rebound"],"picked":"Fission","floor":12},{"not_picked":["Thunder Strike","Buffer+1"],"picked":"Electrodynamics+1","floor":16},{"not_picked":[],"picked":"Ball Lightning","floor":18},{"not_picked":["Rebound"],"picked":"Singing Bowl","floor":19},{"not_picked":["Barrage"],"picked":"Singing Bowl","floor":20},{"not_picked":[],"picked":"Glacier+1","floor":21},{"not_picked":[],"picked":"Cold Snap","floor":22},{"not_picked":[],"picked":"Loop+1","floor":24},{"not_picked":["Rebound"],"picked":"Singing Bowl","floor":25},{"not_picked":["Reprogram"],"picked":"Singing Bowl","floor":27}],"player_experience":1012013,"relics_obtained":[{"floor":6,"key":"Singing Bowl"},{"floor":9,"key":"Pear"},{"floor":12,"key":"Art of War"},{"floor":20,"key":"Red Mask"},{"floor":24,"key":"Cables"},{"floor":26,"key":"Mummified Hand"}],"event_choices":[{"damage_healed":0,"gold_gain":0,"player_choice":"Got Potions","damage_taken":0,"max_hp_gain":0,"max_hp_loss":0,"event_name":"Lab","floor":2,"gold_loss":0},{"damage_healed":0,"gold_gain":0,"player_choice":"Grow","damage_taken":0,"max_hp_gain":0,"max_hp_loss":0,"event_name":"Living Wall","floor":11,"gold_loss":0,"cards_upgraded":["Hologram"]},{"damage_healed":0,"gold_gain":0,"player_choice":"Box","damage_taken":0,"relics_obtained":["Frozen Egg 2"],"max_hp_gain":0,"max_hp_loss":0,"event_name":"Big Fish","floor":13,"gold_loss":0,"cards_obtained":["Regret"]},{"damage_healed":0,"gold_gain":0,"player_choice":"Ignored","damage_taken":0,"max_hp_gain":0,"max_hp_loss":0,"event_name":"Liars Game","floor":14,"gold_loss":0},{"damage_healed":0,"gold_gain":0,"player_choice":"Fought Bandits","damage_taken":0,"max_hp_gain":0,"max_hp_loss":0,"event_name":"Masked Bandits","floor":20,"gold_loss":0},{"damage_healed":0,"gold_gain":0,"player_choice":"Ignored","damage_taken":0,"max_hp_gain":0,"max_hp_loss":0,"event_name":"Beggar","floor":29,"gold_loss":0}],"is_beta":true,"boss_relics":[{"not_picked":["Calling Bell","Runic Pyramid"],"picked":"Busted Crown"}],"items_purged_floors":[],"is_endless":false,"potions_floor_spawned":[3,5,8,12,21,22,27],"killed_by":"Snecko","ascension_level":1}