{"gold_per_floor":[114,114,126,74,91,120,120,132,132,150,97,97,97,113,113,210,210,180,191,191,206,125,125],"floor_reached":23,"playtime":869,"items_purged":[],"score":218,"play_id":"61845396-111d-48ba-9b3d-04936b50120a","local_time":"20190204115636","is_ascension_mode":false,"campfire_choices":[{"floor":12.0,"key":"REST"},{"floor":15.0,"key":"REST"}],"neow_cost":"PERCENT_DAMAGE","seed_source_timestamp":0,"circlet_count":0,"master_deck":["Strike_R","Strike_R","Strike_R","Strike_R","Strike_R","Defend_R","Defend_R","Defend_R","Defend_R","Bash","Spot Weakness","Inflame","Flex","Spot Weakness","Clash","Flex","Fire Breathing","Shrug It Off","Rage","Heavy Blade","Clothesline","Double Tap","Shrug It Off+1","Ghostly Armor+1","Flex","Dramatic Entrance"],"special_seed":0,"relics":["Black Blood","Unceasing Top","Pen Nib","Bottled Tornado","Dream Catcher"],"potions_floor_usage":[21,23],"damage_taken":[{"damage":1.0,"enemies":"2 Louse","floor":1.0,"turns":2.0},{"damage":15.0,"enemies":"Small Slimes","floor":3.0,"turns":4.0},{"damage":1.0,"enemies":"Jaw Worm","floor":5.0,"turns":3.0},{"damage":0.0,"enemies":"Gremlin Nob","floor":6.0,"turns":2.0},{"damage":12.0,"enemies":"Gremlin Gang","floor":8.0,"turns":4.0},{"damage":4.0,"enemies":"Blue Slaver","floor":10.0,"turns":3.0},{"damage":13.0,"enemies":"Large Slime","floor":14.0,"turns":3.0},{"damage":70.0,"enemies":"Slime Boss","floor":16.0,"turns":8.0},{"damage":40.0,"enemies":"2 Thieves","floor":18.0,"turns":5.0},{"damage":28.0,"enemies":"3 Byrds","floor":19.0,"turns":6.0},{"damage":4,"enemies":"Centurion and Healer","floor":21,"turns":5},{"damage":48,"enemies":"Book of Stabbing","floor":23,"turns":5}],"seed_played":"-4803498342997462421","potions_obtained":[{"floor":3.0,"key":"AttackPotion"},{"floor":8.0,"key":"Strength Potion"},{"floor":10.0,"key":"SpeedPotion"},{"floor":18.0,"key":"Energy Potion"},{"floor":19.0,"key":"Block Potion"}],"is_trial":false,"path_per_floor":["M","?","M","$","M","E","?","M","T","M","$","R","?","M","R","B",null,"M","M","?","M","$","E"],"character_chosen":"IRONCLAD","items_purchased":["Flex","Shrug It Off","Dramatic Entrance"],"campfire_rested":2,"item_purchase_floors":[4,11,22],"current_hp_per_floor":[61,49,40,40,45,51,56,50,50,52,52,77,77,70,85,21,85,55,37,37,43,43,0],"gold":125,"neow_bonus":"ONE_RARE_RELIC","is_prod":false,"is_daily":false,"chose_seed":false,"campfire_upgraded":0,"win_rate":0.0,"timestamp":1549252596,"path_taken":["M","?","M","$","M","E","?","M","T","M","$","R","?","M","R","BOSS","M","M","?","M","$","E"],"build_version":"2019-01-23","purchased_purges":0,"victory":false,"max_hp_per_floor":[80,80,80,80,80,80,85,85,85,85,85,85,85,85,85,85,85,85,85,85,85,85,85],"card_choices":[{"not_picked":["Heavy Blade","Sever Soul"],"picked":"Spot Weakness","floor":1.0},{"not_picked":["Body Slam","Disarm"],"picked":"Inflame","floor":3.0},{"not_picked":["Armaments","Searing Blow"],"picked":"Spot Weakness","floor":5.0},{"not_picked":["Evolve","Havoc"],"picked":"Clash","floor":6.0},{"not_picked":["Body Slam","Iron Wave"],"picked":"Flex","floor":8.0},{"not_picked":["Rupture","Body Slam"],"picked":"Fire Breathing","floor":10.0},{"not_picked":["Sword Boomerang","Searing Blow"],"picked":"Rage","floor":12.0},{"not_picked":["Seeing Red","Anger"],"picked":"Heavy Blade","floor":14.0},{"not_picked":["Carnage","Berserk"],"picked":"Clothesline","floor":15.0},{"not_picked":["Juggernaut","Fiend Fire"],"picked":"Double Tap","floor":16.0},{"not_picked":["Sentinel","Shockwave"],"picked":"Shrug It Off+1","floor":18.0},{"not_picked":["Uppercut","Headbutt"],"picked":"Ghostly Armor+1","floor":19.0},{"not_picked":["Impervious","Clothesline"],"picked":"Flex","floor":21}],"player_experience":49393,"relics_obtained":[{"floor":6.0,"key":"Bottled Tornado"},{"floor":9.0,"key":"Dream Catcher"}],"event_choices":[{"damage_healed":0.0,"max_hp_gain":0.0,"max_hp_loss":0.0,"gold_gain":0.0,"event_name":"Scrap Ooze","player_choice":"Success","floor":2.0,"gold_loss":0.0,"damage_taken":12.0,"relics_obtained":["Pen Nib"]},{"damage_healed":0.0,"max_hp_gain":5.0,"max_hp_loss":0.0,"gold_gain":0.0,"event_name":"Big Fish","player_choice":"Donut","floor":7.0,"gold_loss":0.0,"damage_taken":0.0},{"damage_healed":0.0,"max_hp_gain":0.0,"max_hp_loss":0.0,"gold_gain":0.0,"event_name":"The Cleric","player_choice":"Leave","floor":13.0,"gold_loss":0.0,"damage_taken":0.0},{"damage_healed":0,"gold_gain":0,"player_choice":"Ignored","damage_taken":0,"max_hp_gain":0,"max_hp_loss":0,"event_name":"Purifier","floor":20,"gold_loss":0}],"is_beta":false,"boss_relics":[{"not_picked":["Busted Crown","Empty Cage"],"picked":"Black Blood"}],"items_purged_floors":[],"is_endless":false,"potions_floor_spawned":[3,8,10,18,19],"killed_by":"Book of Stabbing","ascension_level":0}