{"gold_per_floor":[116,136,136,156,173,173,206,226,280,291,303,314,314,279,279,380,380,396,396,411,429,429],"floor_reached":22,"playtime":1110,"items_purged":[],"score":307,"play_id":"947df302-145f-410a-9bb2-8625beba7cc5","local_time":"20190128211201","is_ascension_mode":true,"campfire_choices":[{"data":"Noxious Fumes","floor":6,"key":"SMITH"},{"floor":15,"key":"REST"}],"neow_cost":"NONE","seed_source_timestamp":7138470231973,"circlet_count":0,"master_deck":["AscendersBane","Defend_G","Defend_G","Defend_G","Defend_G","Defend_G","Strike_G","Strike_G","Strike_G","Strike_G","Strike_G","Survivor","Neutralize+1","Predator","Infinite Blades","Noxious Fumes+1","Sucker Punch","Bullet Time","Dodge and Roll","Escape Plan","Leg Sweep","Leg Sweep","Corpse Explosion","Poisoned Stab","Dodge and Roll","Dodge and Roll"],"relics":["Ring of the Snake","CultistMask","WingedGreaves","Pen Nib","Calling Bell","Regal Pillow","Pear","Tough Bandages"],"potions_floor_usage":[7,11],"damage_taken":[{"damage":4,"enemies":"Jaw Worm","floor":1,"turns":4},{"damage":5,"enemies":"Cultist","floor":2,"turns":4},{"damage":4,"enemies":"Small Slimes","floor":4,"turns":4},{"damage":9,"enemies":"3 Louse","floor":5,"turns":3},{"damage":14,"enemies":"3 Sentries","floor":7,"turns":6},{"damage":8,"enemies":"Exordium Wildlife","floor":8,"turns":4},{"damage":5,"enemies":"Red Slaver","floor":10,"turns":2},{"damage":0,"enemies":"Lots of Slimes","floor":11,"turns":3},{"damage":12,"enemies":"2 Fungi Beasts","floor":12,"turns":4},{"damage":11,"enemies":"The Guardian","floor":16,"turns":14},{"damage":31,"enemies":"3 Byrds","floor":18,"turns":4},{"damage":10,"enemies":"Shell Parasite","floor":20,"turns":7},{"damage":6,"enemies":"Snecko","floor":21,"turns":5},{"damage":29,"enemies":"Shelled Parasite and Fungi","floor":22,"turns":5}],"seed_played":"-3608204702857753639","potions_obtained":[{"floor":1,"key":"Explosive Potion"},{"floor":2,"key":"Block Potion"},{"floor":4,"key":"PowerPotion"},{"floor":10,"key":"Strength Potion"},{"floor":11,"key":"SteroidPotion"}],"is_trial":false,"path_per_floor":["M","M","?","M","M","R","E","M","T","M","M","M","?","?","R","B",null,"M","?","M","M","M"],"character_chosen":"THE_SILENT","items_purchased":[],"campfire_rested":1,"item_purchase_floors":[],"current_hp_per_floor":[59,54,54,50,41,41,27,19,19,14,14,2,2,19,40,29,70,39,39,29,23,0],"gold":429,"neow_bonus":"UPGRADE_CARD","is_prod":false,"is_daily":false,"chose_seed":false,"campfire_upgraded":1,"win_rate":0,"timestamp":1548731521,"path_taken":["M","M","?","M","M","R","E","M","T","M","?","?","?","?","R","BOSS","M","?","?","M","?"],"build_version":"2019-01-23","purchased_purges":0,"victory":false,"max_hp_per_floor":[70,70,70,70,70,70,70,70,70,70,70,70,70,70,70,70,80,80,80,80,80,80],"card_choices":[{"not_picked":["Blade Dance","Outmaneuver"],"picked":"Predator","floor":1},{"not_picked":["Sucker Punch","Backflip"],"picked":"Infinite Blades","floor":2},{"not_picked":["Escape Plan","Distraction"],"picked":"Noxious Fumes","floor":4},{"not_picked":["Underhanded Strike","Slice"],"picked":"Sucker Punch","floor":5},{"not_picked":["Underhanded Strike","Skewer"],"picked":"Bullet Time","floor":7},{"not_picked":["Slice","Outmaneuver"],"picked":"Dodge and Roll","floor":8},{"not_picked":["Blade Dance","Acrobatics"],"picked":"Escape Plan","floor":10},{"not_picked":["Acrobatics","Tactician"],"picked":"Leg Sweep","floor":11},{"not_picked":["Sucker Punch","Outmaneuver"],"picked":"Leg Sweep","floor":12},{"not_picked":["Storm of Steel","Venomology"],"picked":"Corpse Explosion","floor":16},{"not_picked":["Masterful Stab","Sucker Punch"],"picked":"Poisoned Stab","floor":18},{"not_picked":["Skewer+1","Outmaneuver"],"picked":"Dodge and Roll","floor":20},{"not_picked":["Outmaneuver","Endless Agony"],"picked":"Dodge and Roll","floor":21}],"player_experience":493881,"relics_obtained":[{"floor":7,"key":"WingedGreaves"},{"floor":9,"key":"Pen Nib"},{"floor":17,"key":"Regal Pillow"},{"floor":17,"key":"Pear"},{"floor":17,"key":"Tough Bandages"}],"event_choices":[{"damage_healed":0,"gold_gain":0,"player_choice":"Trade","damage_taken":0,"relics_obtained":["CultistMask"],"max_hp_gain":0,"max_hp_loss":0,"event_name":"FaceTrader","floor":3,"gold_loss":0},{"damage_healed":0,"gold_gain":0,"player_choice":"Ignored","damage_taken":0,"max_hp_gain":0,"max_hp_loss":0,"event_name":"Shining Light","floor":13,"gold_loss":0},{"damage_healed":17,"gold_gain":0,"player_choice":"Healed","damage_taken":0,"max_hp_gain":0,"max_hp_loss":0,"event_name":"The Cleric","floor":14,"gold_loss":35},{"cards_removed":["Decay","Shame","Doubt"],"damage_healed":0,"gold_gain":0,"player_choice":"Removed Curses","damage_taken":0,"max_hp_gain":0,"max_hp_loss":0,"event_name":"Fountain of Cleansing","floor":19,"gold_loss":0}],"is_beta":false,"boss_relics":[{"not_picked":["WristBlade","HoveringKite"],"picked":"Calling Bell"}],"items_purged_floors":[],"is_endless":false,"potions_floor_spawned":[1,2,4,10,11,16],"killed_by":"Shelled Parasite and Fungi","ascension_level":12}