{"gold_per_floor":[116,131,131,2,177,211,227,238,238,238,252,282,343,370,370,468,468,485,501,416,86,105,140,140,166,166,166,201,6,6,21,21,120,120,136,236,249,249,64,99,99,99,152,162,182,201,201,12,12,12],"floor_reached":50,"playtime":3178,"items_purged":["Doubt"],"score":804,"play_id":"a2187194-b0cb-45cd-bf45-709dff6b7d2e","local_time":"20190102010353","is_ascension_mode":true,"campfire_choices":[{"data":"Noxious Fumes","floor":10.0,"key":"SMITH"},{"data":"Neutralize","floor":15.0,"key":"SMITH"},{"data":"Noxious Fumes","floor":24.0,"key":"SMITH"},{"floor":32.0,"key":"REST"},{"floor":41.0,"key":"RECALL"},{"floor":47,"key":"REST"},{"floor":49,"key":"REST"}],"neow_cost":"NONE","seed_source_timestamp":1225436271639905,"circlet_count":0,"master_deck":["Defend_G+1","Defend_G+1","Defend_G+1","Defend_G+1","Defend_G+1","Strike_G+1","Strike_G+1","Strike_G+1","Strike_G+1","Survivor","Neutralize+1","Poisoned Stab","Noxious Fumes+1","Bandage Up","Caltrops","Venomology","PiercingWail","Sucker Punch","Cloak And Dagger","Burst","Dagger Throw","Heel Hook","Phantasmal Killer","Dodge and Roll+1","Noxious Fumes+1","Slice","Predator+1","Dagger Spray","Footwork+1","Prepared","Acrobatics","Caltrops","Die Die Die","Cloak And Dagger","Poisoned Stab+1","Panache","Sucker Punch+1","Leg Sweep+1","Noxious Fumes"],"special_seed":0,"relics":["Ring of the Snake","NeowsBlessing","Bronze Scales","PreservedInsect","Meat on the Bone","Unceasing Top","Boot","WristBlade","Centennial Puzzle","Oddly Smooth Stone","Turnip","Juzu Bracelet","Ninja Scroll","Bag of Marbles","Fusion Hammer","Incense Burner","Sundial","Omamori","Lantern"],"potions_floor_usage":[44,46,50,50],"damage_taken":[{"damage":0.0,"enemies":"2 Louse","floor":1.0,"turns":1.0},{"damage":0.0,"enemies":"Jaw Worm","floor":2.0,"turns":1.0},{"damage":0.0,"enemies":"Gremlin Nob","floor":6.0,"turns":1.0},{"damage":9.0,"enemies":"Small Slimes","floor":7.0,"turns":4.0},{"damage":1.0,"enemies":"Blue Slaver","floor":8.0,"turns":2.0},{"damage":14.0,"enemies":"Red Slaver","floor":11.0,"turns":3.0},{"damage":6.0,"enemies":"3 Sentries","floor":12.0,"turns":5.0},{"damage":16.0,"enemies":"Gremlin Nob","floor":13.0,"turns":4.0},{"damage":4.0,"enemies":"Gremlin Nob","floor":14.0,"turns":3.0},{"damage":41.0,"enemies":"Slime Boss","floor":16.0,"turns":10.0},{"damage":8.0,"enemies":"Chosen","floor":18.0,"turns":6.0},{"damage":34.0,"enemies":"2 Thieves","floor":19.0,"turns":5.0},{"damage":17.0,"enemies":"Snecko","floor":22.0,"turns":5.0},{"damage":13.0,"enemies":"Book of Stabbing","floor":23.0,"turns":5.0},{"damage":22.0,"enemies":"Slavers","floor":25.0,"turns":6.0},{"damage":12.0,"enemies":"Book of Stabbing","floor":28.0,"turns":5.0},{"damage":0.0,"enemies":"Centurion and Healer","floor":31.0,"turns":3.0},{"damage":49.0,"enemies":"Automaton","floor":33.0,"turns":9.0},{"damage":4.0,"enemies":"3 Darklings","floor":35.0,"turns":3.0},{"damage":6.0,"enemies":"Mind Bloom Boss Battle","floor":36.0,"turns":7.0},{"damage":0.0,"enemies":"Orb Walker","floor":37.0,"turns":3.0},{"damage":12.0,"enemies":"Reptomancer","floor":40.0,"turns":5.0},{"damage":23.0,"enemies":"Nemesis","floor":42.0,"turns":3.0},{"damage":1,"enemies":"Jaw Worm Horde","floor":44,"turns":2},{"damage":6,"enemies":"3 Darklings","floor":45,"turns":2},{"damage":15,"enemies":"Maw","floor":46,"turns":7},{"damage":91,"enemies":"Time Eater","floor":50,"turns":6}],"seed_played":"-1684915538670013613","potions_obtained":[{"floor":2.0,"key":"FairyPotion"},{"floor":7.0,"key":"Ancient Potion"},{"floor":8.0,"key":"Weak Potion"},{"floor":14.0,"key":"SmokeBomb"},{"floor":16.0,"key":"Weak Potion"},{"floor":19.0,"key":"SkillPotion"},{"floor":22.0,"key":"SmokeBomb"},{"floor":31.0,"key":"FearPotion"},{"floor":46,"key":"Explosive Potion"}],"is_trial":false,"path_per_floor":["M","M","?","$","?","E","M","M","T","R","M","E","?","E","R","B",null,"M","M","?","$","M","E","R","E","T","?","E","$","?","M","R","B",null,"M","?","M","?","$","E","R","E","E","T","M","M","M","R","$","R","B"],"character_chosen":"THE_SILENT","items_purchased":["Bandage Up","Caltrops","Oddly Smooth Stone","Noxious Fumes","Slice","Bag of Marbles","AttackPotion","Panache","Noxious Fumes","Lantern"],"campfire_rested":3,"item_purchase_floors":[4,4,21,21,21,29,29,39,48,48],"current_hp_per_floor":[70,70,56,56,56,56,51,54,54,54,40,38,38,38,38,13,56,52,38,38,38,33,36,36,30,30,30,34,34,34,46,67,34,61,61,59,63,63,63,55,55,40,40,39,45,49,70,70,70,0],"gold":12,"neow_bonus":"THREE_ENEMY_KILL","is_prod":false,"is_daily":false,"chose_seed":false,"campfire_upgraded":3,"win_rate":0,"timestamp":1546409033,"path_taken":["M","M","?","$","?","E","M","M","T","R","M","E","?","E","R","BOSS","M","M","?","$","M","E","R","E","T","?","E","$","?","M","R","BOSS","M","?","M","?","$","E","R","E","T","M","M","M","R","$","R","BOSS"],"build_version":"2018-12-20","purchased_purges":1,"victory":false,"max_hp_per_floor":[70,70,70,70,70,70,70,70,70,70,70,70,70,70,70,70,70,70,70,70,70,70,70,70,70,70,70,70,70,70,70,70,70,70,70,70,70,70,70,70,70,70,70,70,70,70,70,70,70,70],"card_choices":[{"not_picked":["Prepared","Dagger Throw"],"picked":"Poisoned Stab","floor":1.0},{"not_picked":["All Out Attack","Underhanded Strike"],"picked":"Noxious Fumes","floor":2.0},{"not_picked":["Escape Plan","PiercingWail"],"picked":"Venomology","floor":6.0},{"not_picked":["Poisoned Stab","Blade Dance"],"picked":"PiercingWail","floor":7.0},{"not_picked":["Poisoned Stab","Dagger Throw"],"picked":"Sucker Punch","floor":8.0},{"not_picked":["Endless Agony","Slice"],"picked":"Cloak And Dagger","floor":11.0},{"not_picked":["Calculated Gamble","Bane"],"picked":"Burst","floor":12.0},{"not_picked":["Calculated Gamble","Quick Slash"],"picked":"Dagger Throw","floor":13.0},{"not_picked":["Crippling Poison","Catalyst"],"picked":"Heel Hook","floor":14.0},{"not_picked":["Storm of Steel","Bullet Time"],"picked":"Phantasmal Killer","floor":16.0},{"not_picked":["Deadly Poison","Setup+1","Bane"],"picked":"SKIP","floor":18.0},{"not_picked":["Cloak And Dagger","Dagger Spray"],"picked":"Dodge and Roll+1","floor":19.0},{"not_picked":["Acrobatics","Bouncing Flask"],"picked":"Predator+1","floor":22.0},{"not_picked":["Poisoned Stab","Dagger Throw"],"picked":"Dagger Spray","floor":23.0},{"not_picked":["Setup","Choke"],"picked":"Footwork+1","floor":25.0},{"not_picked":["Dagger Throw","Underhanded Strike"],"picked":"Prepared","floor":28.0},{"not_picked":["Underhanded Strike","Poisoned Stab"],"picked":"Caltrops","floor":31.0},{"not_picked":["Night Terror","Grand Finale"],"picked":"Die Die Die","floor":33.0},{"not_picked":["Well Laid Plans+1","Poisoned Stab"],"picked":"Cloak And Dagger","floor":35.0},{"not_picked":["Quick Slash+1","Tactician"],"picked":"Poisoned Stab+1","floor":36.0},{"not_picked":["Prepared","Quick Slash+1","Skewer"],"picked":"SKIP","floor":37.0},{"not_picked":["Dagger Throw+1","Cloak And Dagger"],"picked":"Sucker Punch+1","floor":40.0},{"not_picked":["Setup+1","Outmaneuver","Expertise+1"],"picked":"SKIP","floor":44},{"not_picked":["Prepared","Poisoned Stab","Escape Plan+1"],"picked":"SKIP","floor":45},{"not_picked":["Calculated Gamble","Poisoned Stab"],"picked":"Leg Sweep+1","floor":46}],"player_experience":309817,"relics_obtained":[{"floor":6.0,"key":"Bronze Scales"},{"floor":9.0,"key":"PreservedInsect"},{"floor":12.0,"key":"Meat on the Bone"},{"floor":13.0,"key":"Unceasing Top"},{"floor":14.0,"key":"Boot"},{"floor":23.0,"key":"Turnip"},{"floor":25.0,"key":"Juzu Bracelet"},{"floor":28.0,"key":"Ninja Scroll"},{"floor":36.0,"key":"Incense Burner"},{"floor":40.0,"key":"Sundial"},{"floor":43,"key":"Omamori"}],"event_choices":[{"damage_healed":0.0,"max_hp_gain":0.0,"max_hp_loss":0.0,"gold_gain":0.0,"event_name":"Shining Light","player_choice":"Entered Light","floor":3.0,"gold_loss":0.0,"damage_taken":14.0,"cards_upgraded":["Strike_G","Defend_G"]},{"damage_healed":0.0,"max_hp_gain":0.0,"max_hp_loss":0.0,"gold_gain":175.0,"event_name":"Liars Game","player_choice":"AGREE","floor":5.0,"gold_loss":0.0,"damage_taken":0.0,"cards_obtained":["Doubt"]},{"damage_healed":0.0,"max_hp_gain":0.0,"max_hp_loss":0.0,"gold_gain":0.0,"event_name":"Dead Adventurer","player_choice":"Searched \u00272\u0027 times","floor":13.0,"gold_loss":0.0,"damage_taken":0.0},{"damage_healed":0.0,"max_hp_gain":0.0,"max_hp_loss":0.0,"gold_gain":0.0,"event_name":"Addict","player_choice":"Obtained Relic","floor":20.0,"gold_loss":85.0,"damage_taken":0.0,"relics_obtained":["Centennial Puzzle"]},{"damage_healed":0.0,"max_hp_gain":0.0,"max_hp_loss":0.0,"gold_gain":0.0,"event_name":"Back to Basics","player_choice":"Simplicity","floor":27.0,"gold_loss":0.0,"damage_taken":0.0,"cards_upgraded":["Defend_G","Defend_G","Defend_G","Defend_G","Strike_G","Strike_G","Strike_G","Strike_G"]},{"damage_healed":0.0,"max_hp_gain":0.0,"max_hp_loss":0.0,"gold_gain":0.0,"cards_transformed":["Strike_G"],"event_name":"Transmorgrifier","player_choice":"Transformed","floor":30.0,"gold_loss":0.0,"damage_taken":0.0,"cards_obtained":["Acrobatics"]},{"damage_healed":0.0,"max_hp_gain":0.0,"max_hp_loss":0.0,"gold_gain":0.0,"event_name":"MindBloom","player_choice":"Fight","floor":36.0,"gold_loss":0.0,"damage_taken":0.0},{"damage_healed":0.0,"max_hp_gain":0.0,"max_hp_loss":0.0,"gold_gain":0.0,"event_name":"Tomb of Lord Red Mask","player_choice":"Ignored","floor":38.0,"gold_loss":0.0,"damage_taken":0.0}],"is_beta":false,"boss_relics":[{"not_picked":["Ring of the Serpent","Orrery"],"picked":"WristBlade"},{"not_picked":["HoveringKite","Coffee Dripper"],"picked":"Fusion Hammer"}],"items_purged_floors":[21],"is_endless":false,"potions_floor_spawned":[2,7,8,14,16,19,22,23,31,37,40,42,46],"killed_by":"Time Eater","ascension_level":5}