{"gold_per_floor":[115,126,143,158,158,189,189,208,283,283,308,308],"floor_reached":12,"playtime":580,"items_purged":[],"score":144,"play_id":"4d30cdb9-0d86-4d8b-b506-caee4dd3895e","local_time":"20190127142644","is_ascension_mode":true,"campfire_choices":[{"data":"Zap","floor":7,"key":"SMITH"},{"floor":10,"key":"REST"}],"neow_cost":"NONE","seed_source_timestamp":1196988260336834,"circlet_count":0,"master_deck":["AscendersBane","Strike_B","Strike_B","Strike_B","Strike_B","Defend_B","Defend_B","Defend_B","Defend_B","Zap+1","Dualcast","Leap","Glacier","Steam","Heatsinks","Coolheaded","Glacier","Gash"],"relics":["Cracked Core","NeowsBlessing","CultistMask","Art of War","Question Card","Thread and Needle"],"potions_floor_usage":[11,11],"damage_taken":[{"damage":0,"enemies":"Cultist","floor":1,"turns":1},{"damage":0,"enemies":"2 Louse","floor":2,"turns":1},{"damage":0,"enemies":"Small Slimes","floor":3,"turns":1},{"damage":6,"enemies":"Looter","floor":4,"turns":4},{"damage":38,"enemies":"3 Sentries","floor":6,"turns":14},{"damage":5,"enemies":"Large Slime","floor":8,"turns":9},{"damage":19,"enemies":"Lagavulin","floor":11,"turns":11},{"damage":25,"enemies":"Gremlin Gang","floor":12,"turns":3}],"seed_played":"6540112389697935603","potions_obtained":[{"floor":2,"key":"GamblersBrew"},{"floor":4,"key":"Strength Potion"},{"floor":11,"key":"Dexterity Potion"}],"is_trial":false,"path_per_floor":["M","M","M","M","?","E","R","M","T","R","E","M"],"character_chosen":"DEFECT","items_purchased":[],"campfire_rested":1,"item_purchase_floors":[],"current_hp_per_floor":[68,68,68,62,62,24,24,19,19,41,22,0],"gold":308,"neow_bonus":"THREE_ENEMY_KILL","is_prod":false,"is_daily":false,"chose_seed":false,"campfire_upgraded":1,"win_rate":0,"timestamp":1548620804,"path_taken":["M","M","M","M","?","E","R","?","T","R","E","M"],"build_version":"2019-01-23","purchased_purges":0,"victory":false,"max_hp_per_floor":[75,75,75,75,75,75,75,75,75,75,75,75],"card_choices":[{"not_picked":["Stack","Recycle"],"picked":"Leap","floor":1},{"not_picked":["Hello World","Compile Driver"],"picked":"Glacier","floor":2},{"not_picked":["Lockon","Rebound"],"picked":"Steam","floor":3},{"not_picked":["Beam Cell","Barrage"],"picked":"Heatsinks","floor":4},{"not_picked":["Redo","Streamline"],"picked":"Coolheaded","floor":6},{"not_picked":["Sunder","Streamline"],"picked":"Glacier","floor":8},{"not_picked":["Redo","Go for the Eyes","Ball Lightning"],"picked":"Gash","floor":11}],"player_experience":480681,"relics_obtained":[{"floor":6,"key":"Art of War"},{"floor":9,"key":"Question Card"},{"floor":11,"key":"Thread and Needle"}],"event_choices":[{"damage_healed":0,"gold_gain":0,"player_choice":"Trade","damage_taken":0,"relics_obtained":["CultistMask"],"max_hp_gain":0,"max_hp_loss":0,"event_name":"FaceTrader","floor":5,"gold_loss":0}],"is_beta":false,"boss_relics":[],"items_purged_floors":[],"is_endless":false,"potions_floor_spawned":[2,4,11],"killed_by":"Gremlin Gang","ascension_level":12}