{"gold_per_floor":[117,185,196,206,77,88,88,88,113,145,159,170,170,245,245,318,318,331,430,85,99,99,99],"floor_reached":23,"playtime":754,"items_purged":["Regret"],"score":315,"play_id":"ac30fb0e-5d28-40d1-b499-2ae8e7d8005d","local_time":"20181219225343","is_ascension_mode":true,"campfire_choices":[{"data":"Zap","floor":13,"key":"SMITH"},{"data":"Defragment","floor":15,"key":"SMITH"}],"neow_cost":"NONE","seed_source_timestamp":430831924631299,"circlet_count":0,"master_deck":["AscendersBane","Strike_B","Strike_B","Strike_B","Defend_B","Defend_B","Defend_B","Defend_B","Zap+1","Dualcast","Sunder","Leap","Chill","Defragment+1","Cold Snap","FTL","Coolheaded","Go for the Eyes","Hologram","Machine Learning","Steam","Defragment","Backflip"],"relics":["Cracked Core","NeowsBlessing","Anchor","Centennial Puzzle","Pantograph","Cursed Key","PrismaticShard"],"potions_floor_usage":[10,16,23],"damage_taken":[{"damage":0,"enemies":"Small Slimes","floor":1,"turns":1},{"damage":0,"enemies":"Cultist","floor":3,"turns":1},{"damage":0,"enemies":"2 Louse","floor":4,"turns":1},{"damage":0,"enemies":"Exordium Wildlife","floor":6,"turns":5},{"damage":17,"enemies":"Gremlin Nob","floor":10,"turns":5},{"damage":3,"enemies":"Blue Slaver","floor":11,"turns":4},{"damage":0,"enemies":"3 Louse","floor":12,"turns":2},{"damage":43,"enemies":"The Guardian","floor":16,"turns":15},{"damage":19,"enemies":"Spheric Guardian","floor":18,"turns":4},{"damage":3,"enemies":"3 Byrds","floor":21,"turns":5},{"damage":52,"enemies":"Slavers","floor":23,"turns":7}],"seed_played":"-1122875473780066496","potions_obtained":[{"floor":1,"key":"SpeedPotion"},{"floor":3,"key":"Swift Potion"},{"floor":8,"key":"FairyPotion"},{"floor":8,"key":"FocusPotion"},{"floor":11,"key":"Swift Potion"},{"floor":21,"key":"Poison Potion"}],"is_trial":false,"path_per_floor":["M","?","M","M","$","M","?","?","T","E","M","M","R","?","R","B",null,"M","?","$","M","?","E"],"character_chosen":"DEFECT","items_purchased":["Defragment","Cold Snap","Defragment","PrismaticShard"],"campfire_rested":0,"item_purchase_floors":[5,5,20,20],"current_hp_per_floor":[68,68,68,68,68,68,68,68,68,51,48,48,48,37,37,19,61,42,42,42,39,39,0],"gold":99,"neow_bonus":"THREE_ENEMY_KILL","is_prod":false,"is_daily":false,"chose_seed":false,"campfire_upgraded":2,"win_rate":0,"timestamp":1545285223,"path_taken":["M","?","M","M","$","M","?","?","T","E","?","M","R","?","R","BOSS","M","?","$","M","?","E"],"build_version":"2018-12-13","purchased_purges":1,"victory":false,"max_hp_per_floor":[75,75,75,75,75,75,75,75,75,75,75,75,75,75,75,75,75,75,75,75,75,75,75],"card_choices":[{"not_picked":["Compile Driver","Sweeping Beam"],"picked":"Sunder","floor":1},{"not_picked":["Streamline","Compile Driver"],"picked":"Leap","floor":3},{"not_picked":["Beam Cell","Leap"],"picked":"Chill","floor":4},{"not_picked":["Genetic Algorithm","Beam Cell"],"picked":"FTL","floor":6},{"not_picked":["Cold Snap","Leap"],"picked":"Coolheaded","floor":10},{"not_picked":["Cold Snap","Tempest"],"picked":"Go for the Eyes","floor":11},{"not_picked":["Static Discharge","Consume"],"picked":"Hologram","floor":12},{"not_picked":["All For One","Meteor Strike"],"picked":"Machine Learning","floor":16},{"not_picked":["Compile Driver","Stack"],"picked":"Steam","floor":18},{"not_picked":["Poisoned Stab","Stack"],"picked":"Backflip","floor":21}],"player_experience":712313,"relics_obtained":[{"floor":9,"key":"Centennial Puzzle"},{"floor":10,"key":"Pantograph"}],"event_choices":[{"damage_healed":0,"gold_gain":68,"player_choice":"Gained Gold","damage_taken":0,"max_hp_gain":0,"max_hp_loss":0,"event_name":"Golden Wing","floor":2,"gold_loss":0},{"damage_healed":0,"gold_gain":0,"player_choice":"Box","damage_taken":0,"relics_obtained":["Anchor"],"max_hp_gain":0,"max_hp_loss":0,"event_name":"Big Fish","floor":7,"gold_loss":0,"cards_obtained":["Regret"]},{"damage_healed":0,"gold_gain":0,"player_choice":"Got Potions","damage_taken":0,"max_hp_gain":0,"max_hp_loss":0,"event_name":"Lab","floor":8,"gold_loss":0},{"damage_healed":0,"gold_gain":75,"player_choice":"Gather Gold","damage_taken":11,"max_hp_gain":0,"max_hp_loss":0,"event_name":"World of Goop","floor":14,"gold_loss":0},{"damage_healed":0,"gold_gain":99,"player_choice":"Stole From Cult","damage_taken":0,"max_hp_gain":0,"max_hp_loss":0,"event_name":"Nest","floor":19,"gold_loss":0},{"cards_removed":["Strike_B"],"damage_healed":0,"gold_gain":0,"player_choice":"Elegance","damage_taken":0,"max_hp_gain":0,"max_hp_loss":0,"event_name":"Back to Basics","floor":22,"gold_loss":0}],"is_beta":false,"boss_relics":[{"not_picked":["Eternal Feather","Pandora\u0027s Box"],"picked":"Cursed Key"}],"items_purged_floors":[20],"is_endless":false,"potions_floor_spawned":[1,3,6,11,21],"killed_by":"Slavers","ascension_level":13}