{"gold_per_floor":[118,118,130,18,33,33,33,33,33,65,65,65,65,94,94,195,195,195,195,120,120,120,120,120,20,20,20,20,20,20,20,20,20],"floor_reached":33,"playtime":1953,"items_purged":["Strike_R","Defend_R"],"score":377,"play_id":"554e2204-3b83-45db-b568-a88218635fae","local_time":"20190201185449","is_ascension_mode":true,"campfire_choices":[{"data":"Rage","floor":6.0,"key":"SMITH"},{"data":"Anger","floor":8.0,"key":"SMITH"},{"data":"True Grit","floor":11.0,"key":"SMITH"},{"data":"Ghostly Armor","floor":13.0,"key":"SMITH"},{"floor":15.0,"key":"REST"},{"data":"Whirlwind","floor":23,"key":"SMITH"},{"data":"Double Tap","floor":28,"key":"SMITH"},{"data":"Body Slam","floor":32,"key":"SMITH"}],"neow_cost":"NONE","seed_source_timestamp":0,"circlet_count":0,"master_deck":["Strike_R","Strike_R","Defend_R","Defend_R+1","Defend_R+1","Bash+1","Iron Wave+1","Ghostly Armor+1","Rage+1","Anger+1","True Grit+1","Whirlwind+1","Double Tap+1","Corruption","Shrug It Off","Entrench+1","Body Slam+1"],"special_seed":0,"relics":["Burning Blood","Anchor","War Paint","Centennial Puzzle","Ectoplasm","Toxic Egg 2","Ice Cream","Vajra","Peace Pipe"],"potions_floor_usage":[29,33],"damage_taken":[{"damage":9.0,"enemies":"Jaw Worm","floor":1.0,"turns":3.0},{"damage":0.0,"enemies":"Cultist","floor":3.0,"turns":3.0},{"damage":0.0,"enemies":"2 Louse","floor":5.0,"turns":3.0},{"damage":20.0,"enemies":"3 Sentries","floor":10.0,"turns":9.0},{"damage":30.0,"enemies":"Gremlin Nob","floor":14.0,"turns":6.0},{"damage":24.0,"enemies":"Slime Boss","floor":16.0,"turns":13.0},{"damage":0.0,"enemies":"Chosen","floor":18.0,"turns":4.0},{"damage":13.0,"enemies":"Spheric Guardian","floor":19.0,"turns":6.0},{"damage":10.0,"enemies":"3 Cultists","floor":21.0,"turns":7.0},{"damage":1,"enemies":"Shelled Parasite and Fungi","floor":24,"turns":7},{"damage":17,"enemies":"Slavers","floor":27,"turns":6},{"damage":0,"enemies":"Gremlin Leader","floor":29,"turns":5},{"damage":80,"enemies":"Collector","floor":33,"turns":5}],"seed_played":"2224495744456906622","potions_obtained":[{"floor":3.0,"key":"SteroidPotion"},{"floor":5.0,"key":"Fruit Juice"},{"floor":16.0,"key":"BloodPotion"},{"floor":21,"key":"Poison Potion"},{"floor":29,"key":"Strength Potion"}],"is_trial":false,"path_per_floor":["M","?","M","$","M","R","$","R","T","E","R","?","R","E","R","B",null,"M","M","?","M","?","R","M","$","T","E","R","E","T","?","R","B"],"character_chosen":"IRONCLAD","items_purchased":["Rage"],"campfire_rested":1,"item_purchase_floors":[4],"current_hp_per_floor":[77,77,80,80,85,85,85,85,85,71,71,71,71,47,72,54,85,85,78,78,74,74,74,79,79,79,68,68,74,74,74,74,0],"gold":20,"neow_bonus":"UPGRADE_CARD","is_prod":false,"is_daily":false,"chose_seed":false,"campfire_upgraded":7,"win_rate":0,"timestamp":1549014889,"path_taken":["M","?","?","$","?","R","$","R","T","E","R","?","R","E","R","BOSS","M","M","?","M","?","R","M","$","T","E","R","E","?","?","R","BOSS"],"build_version":"2019-01-23","purchased_purges":2,"victory":false,"max_hp_per_floor":[80,80,80,80,85,85,85,85,85,85,85,85,85,85,85,85,85,85,85,85,85,85,85,85,85,85,85,85,85,85,85,85,85],"card_choices":[{"not_picked":["Perfected Strike","Havoc"],"picked":"Iron Wave","floor":1.0},{"not_picked":["Headbutt","Cleave"],"picked":"Ghostly Armor","floor":3.0},{"not_picked":["Cleave","Combust"],"picked":"Anger","floor":5.0},{"not_picked":["Sword Boomerang","Carnage"],"picked":"True Grit","floor":10.0},{"not_picked":["Feed","Pommel Strike"],"picked":"Whirlwind","floor":14.0},{"not_picked":["Bludgeon","Dark Embrace"],"picked":"Double Tap","floor":16.0},{"not_picked":["True Grit","Havoc"],"picked":"Corruption","floor":18.0},{"not_picked":["Havoc","Combust","Rupture+1"],"picked":"SKIP","floor":19.0},{"not_picked":["Flex","Twin Strike","Anger"],"picked":"SKIP","floor":21},{"not_picked":["Perfected Strike+1","Wild Strike+1"],"picked":"Shrug It Off","floor":24},{"not_picked":["Brutality","Heavy Blade"],"picked":"Entrench+1","floor":27},{"not_picked":["Pommel Strike+1","Heavy Blade","Armaments+1"],"picked":"SKIP","floor":29}],"player_experience":762663,"relics_obtained":[{"floor":9.0,"key":"Anchor"},{"floor":10.0,"key":"War Paint"},{"floor":14.0,"key":"Centennial Puzzle"},{"floor":26,"key":"Toxic Egg 2"},{"floor":27,"key":"Ice Cream"},{"floor":29,"key":"Vajra"},{"floor":30,"key":"Peace Pipe"}],"event_choices":[{"damage_healed":0.0,"max_hp_gain":0.0,"max_hp_loss":0.0,"gold_gain":0.0,"event_name":"Upgrade Shrine","player_choice":"Upgraded","floor":2.0,"gold_loss":0.0,"damage_taken":0.0,"cards_upgraded":["Iron Wave"]},{"cards_removed":["Strike_R"],"damage_healed":0.0,"max_hp_gain":0.0,"max_hp_loss":0.0,"gold_gain":0.0,"event_name":"Living Wall","player_choice":"Forget","floor":12.0,"gold_loss":0.0,"damage_taken":0.0},{"cards_removed":["Strike_R"],"damage_healed":0.0,"max_hp_gain":0.0,"max_hp_loss":0.0,"gold_gain":0.0,"event_name":"Beggar","player_choice":"Gave Gold","floor":20.0,"gold_loss":75.0,"damage_taken":0.0},{"damage_healed":0,"gold_gain":0,"player_choice":"Ignored","damage_taken":0,"max_hp_gain":0,"max_hp_loss":0,"event_name":"Vampires","floor":22,"gold_loss":0},{"damage_healed":0,"gold_gain":0,"player_choice":"Read","damage_taken":0,"max_hp_gain":0,"max_hp_loss":0,"event_name":"The Library","floor":31,"gold_loss":0,"cards_obtained":["Body Slam"]}],"is_beta":false,"boss_relics":[{"not_picked":["Lizard Tail","Orrery"],"picked":"Ectoplasm"}],"items_purged_floors":[4,25],"is_endless":false,"potions_floor_spawned":[3,5,16,21,29],"killed_by":"Collector","ascension_level":4}