{"gold_per_floor":[116,116,134,152,162,162,188,188,212,212,231,231,249,280,280,377,377,390,410,410,430,430,430,462,474,512,524,556,597,289,289],"floor_reached":31,"playtime":1520,"items_purged":["Pain"],"score":328,"play_id":"644fc50e-6c83-4015-bd94-34dcfa6b5a95","local_time":"20180902213837","is_ascension_mode":true,"campfire_choices":[{"floor":6,"key":"REST"},{"floor":12,"key":"REST"},{"floor":15,"key":"REST"},{"floor":23,"key":"REST"},{"floor":25,"key":"REST"},{"data":"Fusion","floor":27,"key":"SMITH"}],"neow_cost":"","seed_source_timestamp":1567455250458250,"circlet_count":0,"master_deck":["Strike_B","Strike_B","Strike_B+1","Strike_B","Defend_B","Defend_B","Defend_B","Defend_B","Zap","Dualcast","Genetic Algorithm+1","Rip and Tear+1","Chaos","Doom and Gloom","Reboot+1","Cold Snap+1","BootSequence","Fusion+1","Meteor Strike","Clumsy","Clumsy","Aggregate+1","Compile Driver","Ball Lightning+1","Self Repair","Sweeping Beam","Leap+1"],"relics":["Cracked Core","DataDisk","Strawberry","Lantern","Whetstone","Calling Bell","Regal Pillow","The Courier","Bird Faced Urn","Potion Belt","MawBank","Bag of Marbles","Oddly Smooth Stone","Membership Card","Bag of Preparation","Anchor"],"potions_floor_usage":[14,16,29],"damage_taken":[{"damage":6,"enemies":"Cultist","floor":1,"turns":3},{"damage":13,"enemies":"Small Slimes","floor":3,"turns":4},{"damage":3,"enemies":"Jaw Worm","floor":4,"turns":2},{"damage":18,"enemies":"Large Slime","floor":5,"turns":4},{"damage":20,"enemies":"3 Sentries","floor":7,"turns":4},{"damage":6,"enemies":"Looter","floor":11,"turns":2},{"damage":6,"enemies":"Exordium Wildlife","floor":13,"turns":2},{"damage":23,"enemies":"Lagavulin","floor":14,"turns":7},{"damage":24,"enemies":"Slime Boss","floor":16,"turns":9},{"damage":31,"enemies":"Shell Parasite","floor":18,"turns":6},{"damage":12,"enemies":"2 Thieves","floor":19,"turns":3},{"damage":18,"enemies":"Cultist and Chosen","floor":21,"turns":6},{"damage":20,"enemies":"Gremlin Leader","floor":24,"turns":5},{"damage":29,"enemies":"Centurion and Healer","floor":28,"turns":6},{"damage":62,"enemies":"Slavers","floor":29,"turns":5},{"damage":18,"enemies":"Snecko","floor":31,"turns":2}],"seed_played":"5954974107367297741","potions_obtained":[{"floor":1,"key":"FearPotion"},{"floor":3,"key":"FocusPotion"},{"floor":5,"key":"Block Potion"},{"floor":16,"key":"Regen Potion"},{"floor":19,"key":"Dexterity Potion"},{"floor":24,"key":"Ancient Potion"},{"floor":29,"key":"FocusPotion"}],"is_trial":false,"path_per_floor":["M","?","M","M","M","R","E","?","T","?","M","R","M","E","R","B",null,"M","M","?","M","?","R","E","R","T","R","M","E","$"],"character_chosen":"DEFECT","items_purchased":["Membership Card","Bag of Preparation","Anchor"],"campfire_rested":5,"item_purchase_floors":[30,30,30],"current_hp_per_floor":[69,54,41,38,20,42,22,29,29,29,23,47,41,18,42,18,82,51,39,39,21,21,60,40,79,79,79,59,18,18,0],"gold":289,"neow_bonus":"","is_prod":false,"is_daily":false,"chose_seed":false,"campfire_upgraded":1,"win_rate":0,"timestamp":1535942317,"path_taken":["M","?","M","M","M","R","E","?","T","?","M","R","M","E","R","BOSS","M","M","?","M","?","R","E","R","T","R","?","E","?","M"],"build_version":"2018-08-30","purchased_purges":1,"victory":false,"max_hp_per_floor":[75,75,75,75,75,75,75,82,82,82,82,82,82,82,82,82,82,82,82,82,82,82,82,82,82,82,82,82,82,82,82],"card_choices":[{"not_picked":["Recycle","Conserve Battery"],"picked":"Genetic Algorithm","floor":1},{"not_picked":["Reinforced Body","Leap"],"picked":"Rip and Tear","floor":3},{"not_picked":["Rebound","Sweeping Beam"],"picked":"Chaos","floor":4},{"not_picked":["Turbo","Steam"],"picked":"Doom and Gloom","floor":5},{"not_picked":["Reprogram","Turbo"],"picked":"Reboot","floor":7},{"not_picked":["Skim","Consume"],"picked":"Cold Snap","floor":11},{"not_picked":["Cold Snap","Stack"],"picked":"BootSequence","floor":13},{"not_picked":["Reprogram","Gash"],"picked":"Fusion","floor":14},{"not_picked":["Creative AI","Buffer"],"picked":"Meteor Strike","floor":16},{"not_picked":["Hologram+1","Tempest"],"picked":"Aggregate+1","floor":18},{"not_picked":["Steam Power","Barrage"],"picked":"Compile Driver","floor":19},{"not_picked":["Cold Snap","Leap"],"picked":"Ball Lightning+1","floor":21},{"not_picked":["Biased Cognition","Ball Lightning"],"picked":"Self Repair","floor":24},{"not_picked":["Stack","Consume"],"picked":"Sweeping Beam","floor":28},{"not_picked":["Auto Shields","Machine Learning"],"picked":"Leap+1","floor":29}],"player_experience":277005,"relics_obtained":[{"floor":7,"key":"DataDisk"},{"floor":9,"key":"Lantern"},{"floor":14,"key":"Whetstone"},{"floor":17,"key":"Regal Pillow"},{"floor":17,"key":"The Courier"},{"floor":17,"key":"Bird Faced Urn"},{"floor":24,"key":"MawBank"},{"floor":26,"key":"Bag of Marbles"},{"floor":29,"key":"Oddly Smooth Stone"}],"event_choices":[{"event_name":"Shining Light","player_choice":"Entered Light","floor":2,"damage_taken":0},{"event_name":"Big Fish","player_choice":"Box","floor":8,"damage_taken":0},{"event_name":"Living Wall","player_choice":"Forget","floor":10,"damage_taken":0},{"event_name":"WeMeetAgain","player_choice":"Potion","floor":20,"damage_taken":0},{"event_name":"Accursed Blacksmith","player_choice":"Forge","floor":22,"damage_taken":0}],"is_beta":false,"boss_relics":[{"not_picked":["Busted Crown","Coffee Dripper"],"picked":"Calling Bell"}],"items_purged_floors":[30],"is_endless":false,"potions_floor_spawned":[1,3,5,16,19,24,29],"killed_by":"Snecko","ascension_level":3}