{"gold_per_floor":[119,119,131,146,163,191,206,206,281,281,308,308,333,67,67,158,158,176,176,101,1,1,1,26,26,26,70,90,124,139,139],"floor_reached":31,"playtime":1823,"items_purged":["Strike_R","Defend_R"],"score":566,"play_id":"55088ed4-4427-419b-a97e-78b875fba38f","local_time":"20181128004902","is_ascension_mode":true,"campfire_choices":[{"data":"Armaments","floor":8.0,"key":"SMITH"},{"floor":10.0,"key":"REST"},{"data":"Uppercut","floor":15.0,"key":"SMITH"},{"floor":23.0,"key":"REST"}],"neow_cost":"NONE","seed_source_timestamp":0,"circlet_count":0,"master_deck":["AscendersBane","Defend_R","Defend_R","Defend_R","Bash","Shockwave","True Grit","Armaments+1","Flame Barrier","Shrug It Off","Uppercut+1","Power Through","Cleave","Metallicize","Bludgeon","Corruption+1","Feed+1","Feed+1","Armaments","Shrug It Off","Shrug It Off"],"special_seed":0,"relics":["Burning Blood","NeowsBlessing","Lantern","Meat on the Bone","Du-Vu Doll","Golden Idol","Odd Mushroom","Astrolabe","Nilry\u0027s Codex","Dodecahedron","Ancient Tea Set","Vajra"],"potions_floor_usage":[30],"damage_taken":[{"damage":0.0,"enemies":"Small Slimes","floor":1.0,"turns":1.0},{"damage":0.0,"enemies":"Cultist","floor":3.0,"turns":1.0},{"damage":0.0,"enemies":"Jaw Worm","floor":4.0,"turns":1.0},{"damage":5.0,"enemies":"3 Louse","floor":5.0,"turns":3.0},{"damage":57.0,"enemies":"3 Sentries","floor":6.0,"turns":17.0},{"damage":2.0,"enemies":"Exordium Wildlife","floor":7.0,"turns":4.0},{"damage":42.0,"enemies":"Lagavulin","floor":11.0,"turns":11.0},{"damage":2.0,"enemies":"The Mushroom Lair","floor":13.0,"turns":6.0},{"damage":24.0,"enemies":"The Guardian","floor":16.0,"turns":21.0},{"damage":23.0,"enemies":"Spheric Guardian","floor":18.0,"turns":9.0},{"damage":10.0,"enemies":"3 Byrds","floor":24.0,"turns":7.0},{"damage":33.0,"enemies":"Book of Stabbing","floor":27.0,"turns":7.0},{"damage":12,"enemies":"Shelled Parasite and Fungi","floor":28,"turns":8},{"damage":24,"enemies":"Slavers","floor":29,"turns":7},{"damage":15,"enemies":"Sentry and Sphere","floor":30,"turns":9},{"damage":65,"enemies":"Gremlin Leader","floor":31,"turns":6}],"seed_played":"6663379407410235182","potions_obtained":[{"floor":3.0,"key":"SkillPotion"},{"floor":4.0,"key":"Explosive Potion"},{"floor":6.0,"key":"SpeedPotion"},{"floor":7.0,"key":"Block Potion"},{"floor":11.0,"key":"Block Potion"},{"floor":24.0,"key":"LiquidBronze"},{"floor":29,"key":"FearPotion"}],"is_trial":false,"path_per_floor":["M","?","M","M","M","E","M","R","T","R","E","?","?","$","R","B",null,"M","?","?","$","$","R","M","?","T","E","M","E","M","E"],"character_chosen":"IRONCLAD","items_purchased":["Metallicize","Feed"],"campfire_rested":2,"item_purchase_floors":[14,14],"current_hp_per_floor":[74,74,75,75,75,24,28,28,28,50,26,26,42,42,42,36,60,47,26,26,26,26,47,43,43,43,32,42,40,51,0],"gold":139,"neow_bonus":"THREE_ENEMY_KILL","is_prod":false,"is_daily":false,"chose_seed":false,"campfire_upgraded":2,"win_rate":0,"timestamp":1543394942,"path_taken":["M","?","?","M","M","E","M","R","T","R","E","?","?","?","R","BOSS","M","?","?","?","$","R","M","?","T","E","?","E","M","E"],"build_version":"2018-11-15","purchased_purges":2,"victory":false,"max_hp_per_floor":[75,75,75,75,75,75,75,75,75,75,75,68,68,68,68,68,68,72,72,72,72,72,72,72,72,72,76,80,84,92,92],"card_choices":[{"not_picked":["Shrug It Off","Flex"],"picked":"Shockwave","floor":1.0},{"not_picked":["Infernal Blade","Twin Strike"],"picked":"True Grit","floor":3.0},{"not_picked":["Sentinel","Perfected Strike"],"picked":"Armaments","floor":4.0},{"not_picked":["Thunderclap","Dual Wield"],"picked":"Flame Barrier","floor":5.0},{"not_picked":["Fire Breathing","Flex"],"picked":"Shrug It Off","floor":6.0},{"not_picked":["Burning Pact","Dropkick"],"picked":"Uppercut","floor":7.0},{"not_picked":["Pummel","Havoc"],"picked":"Power Through","floor":11.0},{"not_picked":["Anger","Second Wind"],"picked":"Cleave","floor":13.0},{"not_picked":["Brutality","Dark Embrace"],"picked":"Bludgeon","floor":16.0},{"not_picked":["Bloodletting+1","Havoc","Clash"],"picked":"SKIP","floor":18.0},{"not_picked":["Flex","Entrench"],"picked":"Armaments","floor":24.0},{"not_picked":["Headbutt","Perfected Strike"],"picked":"Shrug It Off","floor":27.0},{"not_picked":["Havoc","Armaments+1","Body Slam"],"picked":"SKIP","floor":28},{"not_picked":["Bloodletting","Intimidate","Pommel Strike"],"picked":"SKIP","floor":29},{"not_picked":["Twin Strike","Anger","Perfected Strike"],"picked":"SKIP","floor":30}],"player_experience":951149,"relics_obtained":[{"floor":6.0,"key":"Lantern"},{"floor":9.0,"key":"Meat on the Bone"},{"floor":11.0,"key":"Du-Vu Doll"},{"floor":13.0,"key":"Odd Mushroom"},{"floor":19.0,"key":"Nilry\u0027s Codex"},{"floor":26.0,"key":"Dodecahedron"},{"floor":27.0,"key":"Ancient Tea Set"},{"floor":29,"key":"Vajra"}],"event_choices":[{"cards_removed":["Strike_R"],"damage_healed":0.0,"max_hp_gain":0.0,"max_hp_loss":0.0,"gold_gain":0.0,"event_name":"Wheel of Change","player_choice":"Card Removal","floor":2.0,"gold_loss":0.0,"damage_taken":0.0},{"damage_healed":0.0,"max_hp_gain":0.0,"max_hp_loss":7.0,"gold_gain":0.0,"event_name":"Golden Idol","player_choice":"Lose Max HP","floor":12.0,"gold_loss":0.0,"damage_taken":0.0,"relics_obtained":["Golden Idol"]},{"damage_healed":0.0,"max_hp_gain":0.0,"max_hp_loss":0.0,"gold_gain":0.0,"event_name":"Mushrooms","player_choice":"Fought Mushrooms","floor":13.0,"gold_loss":0.0,"damage_taken":0.0},{"damage_healed":0.0,"max_hp_gain":0.0,"max_hp_loss":0.0,"gold_gain":0.0,"event_name":"Cursed Tome","player_choice":"Obtained Book","floor":19.0,"gold_loss":0.0,"damage_taken":21.0},{"cards_removed":["Feed"],"damage_healed":0.0,"max_hp_gain":0.0,"max_hp_loss":0.0,"gold_gain":0.0,"event_name":"Beggar","player_choice":"Gave Gold","floor":20.0,"gold_loss":75.0,"damage_taken":0.0},{"damage_healed":0.0,"max_hp_gain":0.0,"max_hp_loss":0.0,"gold_gain":0.0,"event_name":"Duplicator","player_choice":"Copied","floor":25.0,"gold_loss":0.0,"damage_taken":0.0,"cards_obtained":["Shrug It Off"]}],"is_beta":true,"boss_relics":[{"not_picked":["Ectoplasm","Black Blood"],"picked":"Astrolabe"}],"items_purged_floors":[14,21],"is_endless":false,"potions_floor_spawned":[3,4,6,7,11,24,29],"killed_by":"Gremlin Leader","ascension_level":20}