{"gold_per_floor":[144,189,234,279,279,369,369,369,369,369,17,115,164,213,213,538,538,587,636,685,151,151,249,249,249,324,324,324,373,422,520,520,845,845,894,894,943,943,1018,1018,1116,1116,1116,1116,1165,1263,188,11,11,11],"floor_reached":51,"playtime":2120,"items_purged":[],"score":928,"play_id":"385489fc-aaea-4449-8807-227c13a60175","local_time":"20180818074654","daily_mods":["Specialized","Midas","Time Dilation"],"is_ascension_mode":false,"campfire_choices":[{"floor":8,"key":"REST"},{"data":"1","floor":10,"key":"LIFT"},{"floor":15,"key":"REST"},{"data":"2","floor":24,"key":"LIFT"},{"data":"3","floor":32,"key":"LIFT"},{"floor":40,"key":"REST"},{"floor":42,"key":"REST"},{"floor":49,"key":"REST"}],"neow_cost":"","seed_source_timestamp":0,"circlet_count":0,"master_deck":["Strike_R","Strike_R","Strike_R","Strike_R","Strike_R","Defend_R","Defend_R","Defend_R","Bash","Double Tap","Double Tap","Double Tap","Double Tap","Infernal Blade","Carnage","Shrug It Off","Shrug It Off","Pommel Strike","Injury","Twin Strike","Iron Wave","Thunderclap","Dropkick","Pummel","Rage","Brutality","Twin Strike","Heavy Blade+1","Iron Wave+1","Dropkick","Flex+1","Inflame","Spot Weakness","Perfected Strike+1","Infernal Blade","Immolate","Warcry+1","Thunderclap+1","Heavy Blade","Inflame+1","Flex+1","Writhe","Spot Weakness+1","Mayhem","Mayhem","Battle Trance"],"special_seed":17761,"relics":["Burning Blood","Dream Catcher","Golden Idol","Girya","Du-Vu Doll","Gambling Chip","Velvet Choker","Pear","Gremlin Horn","Red Mask","Nunchaku","Matryoshka","Charon\u0027s Ashes","Philosopher\u0027s Stone","Kunai","Paper Frog","Smiling Mask","Oddly Smooth Stone","Bird Faced Urn","Centennial Puzzle","Ice Cream","Mango","TheAbacus"],"potions_floor_usage":[6,19,23,50,50],"damage_taken":[{"damage":6,"enemies":"Cultist","floor":1,"turns":3},{"damage":11,"enemies":"Small Slimes","floor":2,"turns":3},{"damage":7,"enemies":"2 Louse","floor":3,"turns":3},{"damage":25,"enemies":"Exordium Thugs","floor":4,"turns":4},{"damage":14,"enemies":"3 Sentries","floor":6,"turns":6},{"damage":14,"enemies":"Gremlin Nob","floor":12,"turns":3},{"damage":12,"enemies":"Blue Slaver","floor":13,"turns":2},{"damage":0,"enemies":"Looter","floor":14,"turns":1},{"damage":39,"enemies":"The Guardian","floor":16,"turns":9},{"damage":0,"enemies":"Chosen","floor":18,"turns":3},{"damage":0,"enemies":"2 Thieves","floor":19,"turns":1},{"damage":1,"enemies":"Chosen and Byrds","floor":20,"turns":4},{"damage":1,"floor":22,"turns":3},{"damage":7,"enemies":"Slavers","floor":23,"turns":4},{"damage":10,"enemies":"Centurion and Healer","floor":29,"turns":2},{"damage":2,"enemies":"3 Cultists","floor":30,"turns":3},{"damage":0,"enemies":"Gremlin Leader","floor":31,"turns":3},{"damage":19,"enemies":"Collector","floor":33,"turns":3},{"damage":13,"enemies":"Flame Bruiser 1 Orb","floor":35,"turns":4},{"damage":6,"enemies":"3 Shapes","floor":37,"turns":1},{"damage":10,"enemies":"Nemesis","floor":41,"turns":3},{"damage":16,"enemies":"Maw","floor":45,"turns":4},{"damage":30,"enemies":"Giant Head","floor":46,"turns":5},{"damage":61,"enemies":"Time Eater","floor":50,"turns":6}],"seed_played":"-4914512092917117765","potions_obtained":[{"floor":4,"key":"BloodPotion"},{"floor":13,"key":"BloodPotion"},{"floor":14,"key":"BloodPotion"},{"floor":16,"key":"Block Potion"},{"floor":18,"key":"SkillPotion"},{"floor":19,"key":"GamblersBrew"},{"floor":23,"key":"GamblersBrew"},{"floor":29,"key":"SteroidPotion"},{"floor":35,"key":"Swift Potion"},{"floor":45,"key":"SteroidPotion"}],"is_trial":false,"path_per_floor":["M","M","M","M","?","E","?","R","T","R","$","E","M","M","R","B",null,"M","M","M","$","?","E","R","?","T","?","?","M","M","E","R","B",null,"M","?","M","?","T","R","E","R","T","?","M","E","$","$","R","B"],"character_chosen":"IRONCLAD","items_purchased":["Du-Vu Doll","Iron Wave","Pear","Gremlin Horn","Dropkick","Ice Cream","Mango","Mayhem","TheAbacus","PowerPotion","PowerPotion","Mayhem"],"campfire_rested":5,"item_purchase_floors":[11,11,21,21,21,47,47,47,47,47,47,48],"current_hp_per_floor":[80,75,74,55,48,48,48,72,72,72,72,64,58,64,80,47,80,80,80,80,90,90,89,89,89,89,89,89,85,89,90,90,77,90,83,90,90,90,90,90,86,90,90,90,80,60,74,74,104,57],"gold":11,"neow_bonus":"","is_prod":false,"is_daily":true,"chose_seed":false,"campfire_upgraded":0,"win_rate":0,"timestamp":1534571214,"path_taken":["M","M","M","?","?","E","?","R","T","R","$","E","M","M","R","BOSS","M","M","M","$","?","E","R","?","T","?","?","M","M","E","R","BOSS","M","?","?","?","?","R","E","R","T","?","M","E","?","$","R","BOSS"],"build_version":"2018-08-16","purchased_purges":0,"victory":true,"max_hp_per_floor":[80,80,80,80,80,80,80,80,80,80,80,80,80,80,80,80,80,80,80,80,90,90,90,90,90,90,90,90,90,90,90,90,90,90,90,90,90,90,90,90,90,90,90,90,90,90,104,104,104,104],"card_choices":[{"not_picked":["Twin Strike","Evolve"],"picked":"Infernal Blade","floor":1},{"not_picked":["True Grit","Clothesline"],"picked":"Carnage","floor":2},{"not_picked":["Headbutt","Dark Embrace"],"picked":"Shrug It Off","floor":3},{"not_picked":["Searing Blow","Thunderclap"],"picked":"Shrug It Off","floor":4},{"not_picked":["Twin Strike","Limit Break"],"picked":"Pommel Strike","floor":6},{"not_picked":["Wild Strike","Shrug It Off"],"picked":"Twin Strike","floor":8},{"not_picked":["Sword Boomerang","Disarm"],"picked":"Thunderclap","floor":12},{"not_picked":["Wild Strike","Clothesline"],"picked":"Dropkick","floor":13},{"not_picked":["Feel No Pain","Hemokinesis"],"picked":"Pummel","floor":14},{"not_picked":["Clash","Iron Wave"],"picked":"Rage","floor":15},{"not_picked":["Demon Form","Fiend Fire"],"picked":"Brutality","floor":16},{"not_picked":["Hemokinesis","Shrug It Off"],"picked":"Twin Strike","floor":18},{"not_picked":["Warcry","Body Slam"],"picked":"Heavy Blade+1","floor":19},{"not_picked":["Headbutt+1","Metallicize"],"picked":"Iron Wave+1","floor":20},{"not_picked":["Warcry","Heavy Blade+1"],"picked":"Flex+1","floor":22},{"not_picked":["Pummel","Havoc"],"picked":"Inflame","floor":23},{"not_picked":["Whirlwind","Pommel Strike"],"picked":"Bloodletting+1","floor":29},{"not_picked":["Thunderclap","Ghostly Armor+1"],"picked":"Perfected Strike+1","floor":30},{"not_picked":["Evolve","Carnage"],"picked":"Infernal Blade","floor":31},{"not_picked":["Feed","Brutality"],"picked":"Immolate","floor":33},{"not_picked":["Whirlwind+1","Cleave"],"picked":"Warcry+1","floor":35},{"not_picked":["Second Wind+1","True Grit"],"picked":"Thunderclap+1","floor":37},{"not_picked":["Body Slam+1","Sword Boomerang"],"picked":"Heavy Blade","floor":40},{"not_picked":["Wild Strike","Clothesline+1"],"picked":"Inflame+1","floor":41},{"not_picked":["Cleave","Headbutt+1"],"picked":"Flex+1","floor":42},{"not_picked":["Anger+1","Wild Strike","Perfected Strike"],"picked":"SKIP","floor":45},{"not_picked":["Body Slam","Cleave+1"],"picked":"Spot Weakness+1","floor":46},{"not_picked":["Clash","Flex"],"picked":"Battle Trance","floor":49}],"player_experience":11407,"relics_obtained":[{"floor":6,"key":"Dream Catcher"},{"floor":9,"key":"Girya"},{"floor":12,"key":"Gambling Chip"},{"floor":22,"key":"Red Mask"},{"floor":23,"key":"Nunchaku"},{"floor":26,"key":"Matryoshka"},{"floor":31,"key":"Charon\u0027s Ashes"},{"floor":39,"key":"Kunai"},{"floor":39,"key":"Paper Frog"},{"floor":41,"key":"Smiling Mask"},{"floor":43,"key":"Oddly Smooth Stone"},{"floor":43,"key":"Bird Faced Urn"},{"floor":46,"key":"Centennial Puzzle"}],"event_choices":[{"event_name":"Golden Wing","player_choice":"Card Removal","floor":5,"damage_taken":0},{"event_name":"Golden Idol","player_choice":"Take Wound","floor":7,"damage_taken":0},{"event_name":"Masked Bandits","player_choice":"Fought Bandits","floor":22,"damage_taken":0},{"event_name":"The Library","player_choice":"Read","floor":25,"damage_taken":0},{"event_name":"Ghosts","player_choice":"Ignored","floor":27,"damage_taken":0},{"event_name":"Vampires","player_choice":"Ignored","floor":28,"damage_taken":0},{"event_name":"Bonfire Elementals","player_choice":"UNCOMMON","floor":36,"damage_taken":0},{"event_name":"Purifier","player_choice":"One Purge","floor":38,"damage_taken":0},{"event_name":"Winding Halls","player_choice":"Writhe","floor":44,"damage_taken":0}],"is_beta":true,"boss_relics":[{"not_picked":["Eternal Feather","White Beast Statue"],"picked":"Velvet Choker"},{"not_picked":["Empty Cage","Black Star"],"picked":"Philosopher\u0027s Stone"}],"items_purged_floors":[],"is_endless":false,"potions_floor_spawned":[4,13,14,16,18,19,23,29,30,35,41,45,46],"ascension_level":0}