{"gold_per_floor":[113,40,40,40,54,54,85,85,108,127,137,152,172,81,81,176,176,190,190,117,134,134,134,146,146,170,189,44,63,63,76,76,76],"floor_reached":33,"playtime":1478,"items_purged":[],"score":402,"play_id":"930be44d-f552-4164-a924-7c5bae513b89","local_time":"20190207141822","is_ascension_mode":true,"campfire_choices":[{"data":"Intimidate","floor":6.0,"key":"SMITH"},{"floor":15.0,"key":"REST"},{"data":"Thunderclap","floor":23.0,"key":"SMITH"},{"floor":30,"key":"REST"},{"floor":32,"key":"REST"}],"neow_cost":"NONE","seed_source_timestamp":1658649325230,"circlet_count":0,"master_deck":["Strike_R","Strike_R","Strike_R","Strike_R","Strike_R","Defend_R","Defend_R","Defend_R","Defend_R","Bash+1","Anger","Flex","Anger","Intimidate+1","Shrug It Off","Thunderclap+1","Anger","Seeing Red","Warcry","Finesse","Armaments+1","Dropkick","Heavy Blade","Pain","Fire Breathing","Clothesline+1","Shrug It Off+1","Flex+1"],"special_seed":0,"relics":["Burning Blood","Happy Flower","Bag of Preparation","Black Star","WarpedTongs","Omamori","Anchor"],"potions_floor_usage":[25,29,33,33],"damage_taken":[{"damage":10.0,"enemies":"Cultist","floor":1.0,"turns":5.0},{"damage":4.0,"enemies":"2 Louse","floor":5.0,"turns":3.0},{"damage":50.0,"enemies":"3 Sentries","floor":7.0,"turns":8.0},{"damage":4.0,"enemies":"Small Slimes","floor":10.0,"turns":3.0},{"damage":12.0,"enemies":"Looter","floor":11.0,"turns":3.0},{"damage":9.0,"enemies":"Gremlin Gang","floor":12.0,"turns":4.0},{"damage":2.0,"enemies":"Exordium Thugs","floor":13.0,"turns":5.0},{"damage":56.0,"enemies":"Slime Boss","floor":16.0,"turns":11.0},{"damage":23.0,"enemies":"Spheric Guardian","floor":18.0,"turns":5.0},{"damage":14.0,"enemies":"3 Byrds","floor":21.0,"turns":6.0},{"damage":31.0,"enemies":"Cultist and Chosen","floor":24.0,"turns":6.0},{"damage":0,"enemies":"Slavers","floor":25,"turns":1},{"damage":35,"enemies":"Snake Plant","floor":27,"turns":5},{"damage":17,"enemies":"Centurion and Healer","floor":29,"turns":5},{"damage":24,"enemies":"Snecko","floor":31,"turns":6},{"damage":75,"enemies":"Champ","floor":33,"turns":11}],"seed_played":"-3589147574959367503","potions_obtained":[{"floor":1.0,"key":"SmokeBomb"},{"floor":12.0,"key":"SkillPotion"},{"floor":16.0,"key":"SteroidPotion"},{"floor":18.0,"key":"Fire Potion"},{"floor":24.0,"key":"SteroidPotion"},{"floor":27,"key":"Weak Potion"},{"floor":31,"key":"SpeedPotion"}],"is_trial":false,"path_per_floor":["M","$","?","?","M","R","E","?","T","M","M","M","M","$","R","B",null,"M","?","$","M","?","R","M","E","T","M","$","M","R","M","R","B"],"character_chosen":"IRONCLAD","items_purchased":["Flex","Anger","Finesse","Dropkick","Anchor"],"campfire_rested":3,"item_purchase_floors":[2,2,14,20,28],"current_hp_per_floor":[76,76,76,76,78,78,34,34,34,36,30,27,31,31,57,7,68,51,98,98,90,90,90,65,71,71,42,42,31,60,42,71,0],"gold":76,"neow_bonus":"TEN_PERCENT_HP_BONUS","is_prod":false,"is_daily":false,"chose_seed":false,"campfire_upgraded":2,"win_rate":0,"timestamp":1549520302,"path_taken":["M","?","?","?","M","R","E","?","T","?","M","M","?","$","R","BOSS","M","?","?","?","?","R","M","E","T","M","$","M","R","M","R","BOSS"],"build_version":"2019-01-23","purchased_purges":0,"victory":false,"max_hp_per_floor":[88,88,88,88,88,88,88,88,88,88,88,88,88,88,88,88,88,88,98,98,98,98,98,98,98,98,98,98,98,98,98,98,98],"card_choices":[{"not_picked":["Hemokinesis","Burning Pact"],"picked":"Anger","floor":1.0},{"not_picked":["Armaments","Flex"],"picked":"Intimidate","floor":5.0},{"not_picked":["Whirlwind","Perfected Strike"],"picked":"Shrug It Off","floor":7.0},{"not_picked":["Impervious","Twin Strike"],"picked":"Thunderclap","floor":10.0},{"not_picked":["Hemokinesis","Pummel"],"picked":"Anger","floor":11.0},{"not_picked":["Body Slam","True Grit"],"picked":"Seeing Red","floor":12.0},{"not_picked":["Combust","Metallicize"],"picked":"Warcry","floor":13.0},{"not_picked":["Exhume","Demon Form"],"picked":"Feed","floor":16.0},{"not_picked":["Pommel Strike","Heavy Blade+1"],"picked":"Armaments+1","floor":18.0},{"not_picked":["Iron Wave","Combust"],"picked":"Heavy Blade","floor":21.0},{"not_picked":["Anger","Clash"],"picked":"Fire Breathing","floor":24.0},{"not_picked":["Pommel Strike","Limit Break"],"picked":"Clothesline+1","floor":27},{"not_picked":["Cleave","Disarm+1"],"picked":"Shrug It Off+1","floor":29},{"not_picked":["Clothesline","Pommel Strike"],"picked":"Flex+1","floor":31}],"player_experience":98862,"relics_obtained":[{"floor":7.0,"key":"Happy Flower"},{"floor":9.0,"key":"Bag of Preparation"},{"floor":26,"key":"Omamori"}],"event_choices":[{"damage_healed":0.0,"max_hp_gain":0.0,"max_hp_loss":0.0,"gold_gain":0.0,"event_name":"Living Wall","player_choice":"Grow","floor":3.0,"gold_loss":0.0,"damage_taken":0.0,"cards_upgraded":["Bash"]},{"damage_healed":0.0,"max_hp_gain":0.0,"max_hp_loss":0.0,"gold_gain":0.0,"event_name":"The Cleric","player_choice":"Leave","floor":4.0,"gold_loss":0.0,"damage_taken":0.0},{"damage_healed":0.0,"max_hp_gain":0.0,"max_hp_loss":0.0,"gold_gain":0.0,"event_name":"The Woman in Blue","player_choice":"Bought 0 Potions","floor":8.0,"gold_loss":0.0,"damage_taken":0.0},{"cards_removed":["Feed"],"damage_healed":37.0,"max_hp_gain":10.0,"max_hp_loss":0.0,"gold_gain":0.0,"event_name":"Bonfire Elementals","player_choice":"Offered Rare","floor":19.0,"gold_loss":0.0,"damage_taken":0.0},{"damage_healed":0.0,"max_hp_gain":0.0,"max_hp_loss":0.0,"gold_gain":0.0,"event_name":"Accursed Blacksmith","player_choice":"Rummage","floor":22.0,"gold_loss":0.0,"damage_taken":0.0,"relics_obtained":["WarpedTongs"],"cards_obtained":["Pain"]}],"is_beta":false,"boss_relics":[{"not_picked":["Eternal Feather","Astrolabe"],"picked":"Black Star"}],"items_purged_floors":[],"is_endless":false,"potions_floor_spawned":[1,12,16,18,24,27,31],"killed_by":"Champ","ascension_level":8}