{"gold_per_floor":[114,129,129,129,148,186,186,186,261,299,299,337,356,394,394,519,519,538,538,538,90,90,128,147,185,185,204,223,261,280,299,299,424,424,443,93,93,112,112,150,150,188,188,226,262,300,319,357,357,357],"floor_reached":51,"playtime":3806,"items_purged":[],"score":1231,"play_id":"3f9afd46-331a-49a5-9883-0c4bb0bf3b04","local_time":"20180910092009","daily_mods":["Specialized","Elite Swarm","Binary"],"is_ascension_mode":false,"campfire_choices":[{"data":"Crippling Poison","floor":7,"key":"SMITH"},{"floor":11,"key":"REST"},{"data":"Envenom","floor":15,"key":"SMITH"},{"data":"After Image","floor":32,"key":"SMITH"},{"floor":41,"key":"REST"},{"floor":49,"key":"REST"}],"neow_cost":"","seed_source_timestamp":0,"circlet_count":0,"master_deck":["Defend_G","Defend_G","Defend_G","Defend_G","Defend_G","Strike_G","Strike_G","Strike_G","Strike_G","Strike_G","Survivor","Neutralize","Venomology","Venomology","Venomology","Venomology+1","Venomology","Deadly Poison+1","Crippling Poison+1","Sucker Punch","Bullet Time","Corpse Explosion","Doppelganger","Escape Plan","Envenom+1","Adrenaline","Catalyst","Terror","Backstab","Die Die Die","All Out Attack","Adrenaline","Cloak And Dagger","Deflect+1","After Image+1","Calculated Gamble","Accuracy","Adrenaline","Heel Hook+1","After Image+1","Madness","Madness","Quick Slash+1","Terror","Backflip+1","Storm of Steel+1","Malaise+1","Storm of Steel+1"],"special_seed":17784,"relics":["Ring of the Serpent","Golden Idol","Pear","Question Card","Dodecahedron","Darkstone Periapt","Ninja Scroll","Pen Nib","Dream Catcher","Centennial Puzzle","MawBank","Bag of Preparation","Turnip","Du-Vu Doll","Strawberry","Thread and Needle","Black Star","War Paint","DollysMirror","Dead Branch","Omamori","Orichalcum","Toxic Egg 2","Singing Bowl","Paper Crane","Regal Pillow","Anchor","WingedGreaves","Shuriken","The Courier","Mango","StoneCalendar"],"potions_floor_usage":[2,2,2,2,5,5,5,5,5,6,6,6,6,6,10,10,10,10,10,12,12,12,12,12,12,13,14,14,16,16,16,16,16,16,18,18,18,23,23,23,23,24,24,24,25,25,27,27,27,27,27,28,28,28,28,29,29,29,29,29,30,30,30,30,30,30,30,31,31,31,33,33,33,38,39,39,39,39,39,40,40,40,42,42,44,44,44,44,45,46,47,47,47,47,48,48,48,48,48,48,48,48,48,50,50,50,50,50,50,50],"damage_taken":[{"damage":0,"enemies":"2 Louse","floor":1,"turns":4},{"damage":0,"enemies":"Cultist","floor":2,"turns":3},{"damage":0,"enemies":"Jaw Worm","floor":5,"turns":4},{"damage":22,"enemies":"Gremlin Nob","floor":6,"turns":4},{"damage":19,"enemies":"3 Sentries","floor":10,"turns":6},{"damage":0,"enemies":"Lagavulin","floor":12,"turns":6},{"damage":0,"enemies":"Looter","floor":13,"turns":1},{"damage":5,"enemies":"Gremlin Nob","floor":14,"turns":3},{"damage":0,"enemies":"The Guardian","floor":16,"turns":8},{"damage":0,"enemies":"Spheric Guardian","floor":18,"turns":3},{"damage":8,"enemies":"Book of Stabbing","floor":23,"turns":6},{"damage":0,"enemies":"Chosen","floor":24,"turns":3},{"damage":33,"enemies":"Slavers","floor":25,"turns":3},{"damage":16,"enemies":"Centurion and Healer","floor":27,"turns":4},{"damage":4,"enemies":"3 Cultists","floor":28,"turns":3},{"damage":5,"enemies":"Book of Stabbing","floor":29,"turns":5},{"damage":0,"enemies":"Sentry and Sphere","floor":30,"turns":4},{"damage":0,"enemies":"Snake Plant","floor":31,"turns":3},{"damage":45,"enemies":"Automaton","floor":33,"turns":9},{"damage":0,"enemies":"Orb Walker","floor":35,"turns":2},{"damage":0,"enemies":"3 Shapes","floor":38,"turns":5},{"damage":2,"enemies":"Mind Bloom Boss Battle","floor":39,"turns":7},{"damage":32,"enemies":"Nemesis","floor":40,"turns":7},{"damage":0,"enemies":"2 Orb Walkers","floor":42,"turns":3},{"damage":0,"enemies":"Nemesis","floor":44,"turns":8},{"damage":0,"enemies":"Mysterious Sphere","floor":45,"turns":3},{"damage":0,"enemies":"2 Orb Walkers","floor":46,"turns":5},{"damage":0,"enemies":"Jaw Worm Horde","floor":47,"turns":4},{"damage":0,"enemies":"Nemesis","floor":48,"turns":5},{"damage":8,"enemies":"Awakened One","floor":50,"turns":9}],"seed_played":"5534919717268353770","potions_obtained":[{"floor":10,"key":"Regen Potion"},{"floor":13,"key":"SteroidPotion"},{"floor":14,"key":"Swift Potion"},{"floor":23,"key":"SpeedPotion"},{"floor":27,"key":"LiquidBronze"},{"floor":29,"key":"Ancient Potion"},{"floor":30,"key":"SpeedPotion"},{"floor":38,"key":"GhostInAJar"},{"floor":40,"key":"EssenceOfSteel"},{"floor":42,"key":"LiquidBronze"},{"floor":45,"key":"GhostInAJar"},{"floor":47,"key":"Strength Potion"},{"floor":48,"key":"PowerPotion"}],"is_trial":false,"path_per_floor":["M","M","?","T","M","E","R","?","T","E","R","E","M","E","R","B",null,"M","?","?","$","?","E","M","E","T","M","M","E","M","M","R","B",null,"M","$","?","M","?","E","R","E","T","E","?","E","M","E","R","B"],"character_chosen":"THE_SILENT","items_purchased":["MawBank","Bag of Preparation","Terror","Backstab","War Paint","DollysMirror"],"campfire_rested":3,"item_purchase_floors":[21,21,21,21,36,36],"current_hp_per_floor":[70,70,70,80,80,58,58,51,51,32,56,80,80,75,75,80,80,80,80,80,80,80,80,80,56,63,61,66,61,73,73,73,28,87,87,87,76,87,85,53,79,79,79,81,83,83,85,99,109,109],"gold":357,"neow_bonus":"","is_prod":false,"is_daily":true,"chose_seed":false,"campfire_upgraded":3,"win_rate":0,"timestamp":1536564009,"path_taken":["M","M","?","?","M","E","R","?","T","E","R","E","M","E","R","BOSS","M","?","?","?","?","E","?","E","T","?","?","E","M","M","R","BOSS","M","$","?","M","?","E","R","E","T","E","?","E","M","E","R","BOSS"],"build_version":"2018-09-06","purchased_purges":0,"victory":true,"max_hp_per_floor":[70,70,70,80,80,80,80,80,80,80,80,80,80,80,80,80,80,80,80,80,80,80,80,80,80,87,87,87,87,87,87,87,87,87,87,87,87,87,87,87,87,87,87,89,91,91,93,107,109,109],"card_choices":[{"not_picked":["Bane"],"picked":"Deadly Poison","floor":1},{"not_picked":["Underhanded Strike"],"picked":"Crippling Poison","floor":2},{"not_picked":["Deflect"],"picked":"Sucker Punch","floor":5},{"not_picked":["Burst"],"picked":"Bullet Time","floor":6},{"not_picked":["Tools of the Trade","Malaise"],"picked":"Corpse Explosion","floor":10},{"not_picked":["Storm of Steel","Night Terror"],"picked":"Doppelganger","floor":12},{"not_picked":["Dash","Bane"],"picked":"Escape Plan","floor":13},{"not_picked":["Bullet Time","Phantasmal Killer"],"picked":"Envenom","floor":14},{"not_picked":["Glass Knife","Burst"],"picked":"Adrenaline","floor":16},{"not_picked":["Noxious Fumes","Poisoned Stab"],"picked":"Catalyst","floor":18},{"not_picked":["Burst","Bullet Time"],"picked":"Die Die Die","floor":23},{"not_picked":["Blade Dance","Outmaneuver"],"picked":"All Out Attack","floor":24},{"not_picked":["After Image","Bullet Time"],"picked":"Adrenaline","floor":25},{"not_picked":["PiercingWail","Crippling Poison"],"picked":"Cloak And Dagger","floor":27},{"not_picked":["Dodge and Roll","Dash+1"],"picked":"Deflect+1","floor":28},{"not_picked":["Doppelganger","Storm of Steel"],"picked":"After Image","floor":29},{"not_picked":["Expertise","Underhanded Strike"],"picked":"Calculated Gamble","floor":30},{"not_picked":["Slice","Backflip"],"picked":"Accuracy","floor":31},{"not_picked":["Doppelganger","Grand Finale"],"picked":"Adrenaline","floor":33},{"not_picked":["Blade Dance","Deflect"],"picked":"Heel Hook+1","floor":35},{"not_picked":["Outmaneuver","Deflect"],"picked":"Quick Slash+1","floor":38},{"not_picked":["Predator+1","Backflip+1"],"picked":"Terror","floor":39},{"not_picked":["Night Terror","Burst","Grand Finale"],"picked":"SKIP","floor":40},{"not_picked":["Sucker Punch","Deadly Poison"],"picked":"Backflip+1","floor":41},{"not_picked":["Bullet Time","A Thousand Cuts"],"picked":"Storm of Steel","floor":42},{"not_picked":["Doppelganger+1","Corpse Explosion+1","Envenom"],"picked":"Singing Bowl","floor":44},{"not_picked":["Deadly Poison+1","Endless Agony","PiercingWail+1"],"picked":"Singing Bowl","floor":45},{"not_picked":["Die Die Die","Glass Knife"],"picked":"Malaise+1","floor":46},{"not_picked":["Setup+1","PiercingWail+1","Acrobatics+1"],"picked":"Singing Bowl","floor":47},{"not_picked":["Corpse Explosion+1","A Thousand Cuts"],"picked":"Storm of Steel+1","floor":48},{"not_picked":["Footwork+1","Distraction+1","Skewer"],"picked":"Singing Bowl","floor":49}],"player_experience":115694,"relics_obtained":[{"floor":4,"key":"Pear"},{"floor":6,"key":"Question Card"},{"floor":9,"key":"Dodecahedron"},{"floor":10,"key":"Darkstone Periapt"},{"floor":12,"key":"Ninja Scroll"},{"floor":14,"key":"Pen Nib"},{"floor":20,"key":"Centennial Puzzle"},{"floor":23,"key":"Turnip"},{"floor":25,"key":"Du-Vu Doll"},{"floor":26,"key":"Strawberry"},{"floor":29,"key":"Thread and Needle"},{"floor":39,"key":"Dead Branch"},{"floor":40,"key":"Omamori"},{"floor":40,"key":"Orichalcum"},{"floor":42,"key":"Toxic Egg 2"},{"floor":42,"key":"Singing Bowl"},{"floor":43,"key":"Paper Crane"},{"floor":44,"key":"Regal Pillow"},{"floor":44,"key":"Anchor"},{"floor":45,"key":"WingedGreaves"},{"floor":46,"key":"Shuriken"},{"floor":46,"key":"The Courier"},{"floor":48,"key":"Mango"},{"floor":48,"key":"StoneCalendar"}],"event_choices":[{"event_name":"Golden Idol","player_choice":"Take Wound","floor":3,"damage_taken":0},{"event_name":"Golden Wing","player_choice":"Card Removal","floor":8,"damage_taken":0},{"event_name":"The Mausoleum","player_choice":"Yes","floor":19,"damage_taken":0},{"event_name":"Wheel of Change","player_choice":"Relic","floor":20,"damage_taken":0},{"event_name":"Vampires","player_choice":"Ignored","floor":22,"damage_taken":0},{"event_name":"Winding Halls","player_choice":"Embrace Madness","floor":37,"damage_taken":0},{"event_name":"MindBloom","player_choice":"Fight","floor":39,"damage_taken":0},{"event_name":"Mysterious Sphere","player_choice":"Fight","floor":45,"damage_taken":0}],"is_beta":true,"boss_relics":[{"not_picked":["Ectoplasm","Velvet Choker"],"picked":"Ring of the Serpent"},{"not_picked":["Eternal Feather","Tiny House"],"picked":"Black Star"}],"items_purged_floors":[],"is_endless":false,"potions_floor_spawned":[10,13,14,23,24,27,29,30,38,40,42,45,47,48],"ascension_level":0}