{"gold_per_floor":[209,220,53,0,10,38,38,63,112,122,155,170,184,18,18,92,92,111,129,146,146,159,159],"floor_reached":23,"playtime":1629,"items_purged":["Strike_R"],"score":430,"play_id":"435fcca0-77a6-4c46-9740-eca1318e98a0","local_time":"20190205141509","is_ascension_mode":true,"campfire_choices":[{"data":"Bash","floor":7.0,"key":"SMITH"},{"data":"Armaments","floor":15.0,"key":"SMITH"}],"neow_cost":"NONE","seed_source_timestamp":0,"circlet_count":0,"master_deck":["AscendersBane","Strike_R","Strike_R","Strike_R","Strike_R","Defend_R","Defend_R","Defend_R","Defend_R","Bash+1","Cleave","Feel No Pain","Feel No Pain","Shrug It Off","Rupture","Clothesline","True Grit","Pummel","Seeing Red","Armaments+1","Demon Form","Wild Strike+1","Dual Wield","Ghostly Armor","Pain","Feel No Pain+1"],"special_seed":0,"relics":["Burning Blood","Mummified Hand","Art of War","Bronze Scales","Ornamental Fan","Philosopher\u0027s Stone","WarpedTongs"],"potions_floor_usage":[22],"damage_taken":[{"damage":17.0,"enemies":"Small Slimes","floor":1.0,"turns":4.0},{"damage":12.0,"enemies":"Cultist","floor":2.0,"turns":4.0},{"damage":0.0,"enemies":"2 Louse","floor":5.0,"turns":3.0},{"damage":9.0,"enemies":"3 Sentries","floor":6.0,"turns":19.0},{"damage":38.0,"enemies":"Gremlin Nob","floor":8.0,"turns":5.0},{"damage":17.0,"enemies":"Red Slaver","floor":10.0,"turns":4.0},{"damage":10.0,"enemies":"3 Sentries","floor":11.0,"turns":5.0},{"damage":12.0,"enemies":"Large Slime","floor":12.0,"turns":7.0},{"damage":2.0,"enemies":"Exordium Wildlife","floor":13.0,"turns":5.0},{"damage":31.0,"enemies":"Hexaghost","floor":16.0,"turns":10.0},{"damage":14.0,"enemies":"Spheric Guardian","floor":18.0,"turns":4.0},{"damage":20.0,"enemies":"3 Byrds","floor":19.0,"turns":4.0},{"damage":13.0,"enemies":"Snecko","floor":20.0,"turns":6.0},{"damage":13,"enemies":"Snake Plant","floor":22,"turns":4},{"damage":40,"enemies":"Gremlin Leader","floor":23,"turns":4}],"seed_played":"-925307035814832242","potions_obtained":[{"floor":2.0,"key":"FearPotion"},{"floor":6.0,"key":"BloodPotion"},{"floor":10.0,"key":"Explosive Potion"},{"floor":12.0,"key":"EntropicBrew"},{"floor":19.0,"key":"PowerPotion"},{"floor":22,"key":"Energy Potion"}],"is_trial":false,"path_per_floor":["M","M","$","?","M","E","R","E","T","M","E","M","M","$","R","B",null,"M","M","M","?","M","E"],"character_chosen":"IRONCLAD","items_purchased":["Feel No Pain","Shrug It Off","Armaments","Regen Potion","PowerPotion"],"campfire_rested":0,"item_purchase_floors":[3,3,14,14,14],"current_hp_per_floor":[57,51,51,51,57,54,54,29,29,18,14,8,26,26,26,16,60,52,38,31,31,24,0],"gold":159,"neow_bonus":"HUNDRED_GOLD","is_prod":false,"is_daily":false,"chose_seed":false,"campfire_upgraded":2,"win_rate":0,"timestamp":1549394109,"path_taken":["M","M","$","?","M","E","R","E","T","M","E","M","M","$","R","BOSS","M","M","M","?","?","E"],"build_version":"2019-01-23","purchased_purges":1,"victory":false,"max_hp_per_floor":[75,75,75,75,75,75,75,75,75,75,75,75,75,75,75,75,75,75,75,75,75,75,75],"card_choices":[{"not_picked":["Havoc","Pummel"],"picked":"Cleave","floor":1.0},{"not_picked":["Heavy Blade","Entrench"],"picked":"Feel No Pain","floor":2.0},{"not_picked":["Burning Pact","Body Slam"],"picked":"Rupture","floor":5.0},{"not_picked":["Pummel","Fire Breathing"],"picked":"Clothesline","floor":6.0},{"not_picked":["Shockwave","Flame Barrier"],"picked":"True Grit","floor":8.0},{"not_picked":["Spot Weakness","Hemokinesis"],"picked":"Pummel","floor":10.0},{"not_picked":["Headbutt","Flex","Berserk"],"picked":"SKIP","floor":11.0},{"not_picked":["Flex","Thunderclap"],"picked":"Seeing Red","floor":12.0},{"not_picked":["Flex","Heavy Blade","Headbutt"],"picked":"SKIP","floor":13.0},{"not_picked":["Dark Embrace","Exhume"],"picked":"Demon Form","floor":16.0},{"not_picked":["Twin Strike","Clash"],"picked":"Wild Strike+1","floor":18.0},{"not_picked":["Dropkick","Sword Boomerang"],"picked":"Dual Wield","floor":19.0},{"not_picked":["Havoc","Perfected Strike"],"picked":"Ghostly Armor","floor":20.0},{"not_picked":["Body Slam+1","Thunderclap"],"picked":"Feel No Pain+1","floor":22}],"player_experience":1180958,"relics_obtained":[{"floor":6.0,"key":"Mummified Hand"},{"floor":8.0,"key":"Art of War"},{"floor":9.0,"key":"Bronze Scales"},{"floor":11.0,"key":"Ornamental Fan"}],"event_choices":[{"damage_healed":0.0,"max_hp_gain":0.0,"max_hp_loss":0.0,"gold_gain":0.0,"event_name":"World of Goop","player_choice":"Left Gold","floor":4.0,"gold_loss":53.0,"damage_taken":0.0},{"damage_healed":0.0,"max_hp_gain":0.0,"max_hp_loss":0.0,"gold_gain":0.0,"event_name":"Accursed Blacksmith","player_choice":"Rummage","floor":21.0,"gold_loss":0.0,"damage_taken":0.0,"relics_obtained":["WarpedTongs"],"cards_obtained":["Pain"]}],"is_beta":false,"boss_relics":[{"not_picked":["Coffee Dripper","White Beast Statue"],"picked":"Philosopher\u0027s Stone"}],"items_purged_floors":[3],"is_endless":false,"potions_floor_spawned":[2,6,10,12,19,22],"killed_by":"Gremlin Leader","ascension_level":20}