{"path_per_floor":["M","$","?","M","$","E","M","R","T","E","M","M","E","M","R","B",null,"M","?","M","M","$","E","R","E","T","R","M","M","?","E","R","B",null,"M","$","?","M","M","R","E","R","T","M","R","?","E","M","R","B"],"character_chosen":"THE_SILENT","items_purchased":["Accuracy","Shuriken","Accuracy","Infinite Blades"],"gold_per_floor":[113,113,113,131,51,80,90,90,90,118,138,156,183,196,196,293,293,313,313,331,349,54,85,85,115,115,115,129,146,61,90,90,189,189,206,206,306,317,337,337,362,362,362,380,380,380,409,421,421,421],"floor_reached":51,"campfire_rested":4,"playtime":2621,"current_hp_per_floor":[69,69,55,55,55,30,30,30,30,17,19,21,15,17,41,39,80,62,46,46,36,36,16,45,18,18,46,42,43,43,24,53,25,101,91,91,91,99,100,107,107,107,107,97,107,107,93,100,110,23],"items_purged":[],"gold":421,"score":976,"play_id":"db964007-1ff7-4deb-a4d3-fa8aa41e45fc","local_time":"20180410223939","is_prod":false,"is_daily":false,"is_ascension_mode":true,"campfire_upgraded":5,"timestamp":1523417979,"path_taken":["M","?","?","?","$","E","M","R","T","E","M","M","E","M","R","BOSS","M","?","?","M","$","E","R","E","T","R","M","M","?","E","R","BOSS","M","$","?","M","M","R","E","R","T","M","R","?","E","M","R","BOSS"],"build_version":"2018-04-05v2","purchased_purges":0,"victory":true,"master_deck":["Defend_G","Defend_G","Defend_G","Defend_G","Strike_G","Strike_G","Survivor","Neutralize+1","Storm of Steel+1","Flying Knee","Infinite Blades+1","Accuracy+1","Accuracy+1","Backflip","Adrenaline","Deflect+1","Venomology+1","Escape Plan+1","Blade Dance+1","Accuracy+1","Infinite Blades+1","Escape Plan","Finisher+1","Terror","Cloak And Dagger","Bullet Time"],"max_hp_per_floor":[70,70,70,70,70,70,70,70,70,72,74,76,78,80,80,80,80,82,87,87,89,89,91,93,95,95,95,97,99,99,99,99,101,101,103,103,103,105,107,107,107,107,107,109,109,109,111,113,113,113],"relics":["Ring of the Snake","Matryoshka","Lantern","Pen Nib","Singing Bowl","The Courier","Astrolabe","Shuriken","Dream Catcher","Mercury Hourglass","Oddly Smooth Stone","Kunai","Orichalcum","Gremlin Horn","Eternal Feather","Bag of Preparation","Gambling Chip","Snake Skull"],"card_choices":[{"not_picked":["Finisher","Dodge and Roll"],"picked":"Flying Knee","floor":1},{"not_picked":["Poisoned Stab","Bane"],"picked":"Infinite Blades","floor":4},{"not_picked":["Wraith Form","Eviscerate"],"picked":"Accuracy","floor":6},{"not_picked":["Deadly Poison","Riddle With Holes"],"picked":"Backflip","floor":7},{"not_picked":["Wraith Form","Burst"],"picked":"Adrenaline","floor":16},{"not_picked":["Dodge and Roll","Dagger Spray"],"picked":"Blade Dance","floor":20},{"not_picked":["Corpse Explosion","Deflect"],"picked":"Escape Plan","floor":27},{"not_picked":["Slice","Leg Sweep"],"picked":"Finisher","floor":31},{"not_picked":["Sucker Punch","Dash"],"picked":"Terror","floor":32},{"not_picked":["Bane","Night Terror"],"picked":"Cloak And Dagger","floor":41}],"player_experience":153166,"potions_floor_usage":[12,16,16,21,21,23,23,23,25,25,28,28,31,33,35,38,38,38,39,39,41,47,48,50,50,50,50],"damage_taken":[{"damage":1,"enemies":"Cultist","floor":1,"turns":3},{"damage":0,"enemies":"2 Louse","floor":4,"turns":2},{"damage":25,"enemies":"Gremlin Nob","floor":6,"turns":4},{"damage":0,"enemies":"Jaw Worm","floor":7,"turns":3},{"damage":15,"enemies":"Lagavulin","floor":10,"turns":5},{"damage":0,"enemies":"Large Slime","floor":11,"turns":3},{"damage":0,"enemies":"Exordium Thugs","floor":12,"turns":3},{"damage":8,"enemies":"Gremlin Nob","floor":13,"turns":3},{"damage":0,"enemies":"Red Slaver","floor":14,"turns":4},{"damage":2,"enemies":"Hexaghost","floor":16,"turns":7},{"damage":20,"enemies":"2 Thieves","floor":18,"turns":3},{"damage":0,"enemies":"Spheric Guardian","floor":20,"turns":3},{"damage":12,"enemies":"Snake Plant","floor":21,"turns":3},{"damage":37,"enemies":"Gremlin Leader","floor":23,"turns":6},{"damage":29,"enemies":"Slavers","floor":25,"turns":5},{"damage":6,"enemies":"Centurion and Healer","floor":28,"turns":3},{"damage":1,"enemies":"Cultist and Chosen","floor":29,"turns":5},{"damage":19,"enemies":"Book of Stabbing","floor":31,"turns":4},{"damage":30,"enemies":"Collector","floor":33,"turns":4},{"damage":12,"enemies":"3 Shapes","floor":35,"turns":3},{"damage":0,"enemies":"3 Darklings","floor":38,"turns":3},{"damage":1,"enemies":"Maw","floor":39,"turns":5},{"damage":0,"enemies":"Giant Head","floor":41,"turns":4},{"damage":12,"enemies":"4 Shapes","floor":44,"turns":2},{"damage":16,"enemies":"2 Orb Walkers","floor":47,"turns":3},{"damage":1,"enemies":"3 Darklings","floor":48,"turns":3},{"damage":102,"enemies":"Awakened One","floor":50,"turns":7}],"event_choices":[{"event_name":"Shining Light","player_choice":"Entered Light","floor":3,"damage_taken":0},{"event_name":"Forgotten Altar","player_choice":"Shed Blood","floor":19,"damage_taken":0},{"event_name":"Addict","player_choice":"Obtained Relic","floor":30,"damage_taken":0},{"event_name":"Golden Shrine","player_choice":"Pray","floor":37,"damage_taken":0},{"event_name":"Transmorgrifier","player_choice":"Transform","floor":46,"damage_taken":0}],"boss_relics":[{"not_picked":["Runic Dome","Runic Pyramid"],"picked":"Astrolabe"},{"not_picked":["Snecko Eye","White Beast Statue"],"picked":"Eternal Feather"}],"potions_floor_spawned":[1,7,10,14,16,20,21,23,25,28,31,38,39,47],"seed_played":"-8361312822729797611","ascension_level":3,"is_trial":false}