{"gold_per_floor":[109,124,134,134,134,163,163,176,200,220,254,269,297,297,297,394,394,410,410,139,152,152,187,201,211,237,237,237,268,67,67,67,165,165,165],"floor_reached":35,"playtime":1874,"items_purged":["Writhe","Defend_G"],"score":523,"play_id":"d5dcbaba-b113-4f84-a029-7f17ec605f07","local_time":"20180725231325","is_ascension_mode":true,"campfire_choices":[{"floor":7,"key":"REST"},{"data":"Cloak And Dagger","floor":15,"key":"SMITH"},{"floor":28,"key":"REST"},{"floor":32,"key":"REST"}],"neow_cost":"NONE","seed_source_timestamp":2744115540729,"circlet_count":0,"master_deck":["Defend_G","Defend_G","Defend_G","Defend_G","Strike_G","Strike_G","Strike_G","Strike_G","Strike_G","Survivor","Neutralize","Cloak And Dagger+1","Choke","Calculated Gamble+1","Cloak And Dagger+1","Finisher","Cloak And Dagger+1","Riddle With Holes","Caltrops","Cloak And Dagger","Poisoned Stab","Accuracy","Cloak And Dagger","Glass Knife","Deflect+1","Slice","Necronomicurse","Dagger Spray+1","Dagger Spray+1","Riddle With Holes","Die Die Die"],"relics":["Orrery","Bottled Lightning","Pear","Potion Belt","Dead Branch","Snake Skull","Sozu","Vajra","War Paint","Necronomicon","Anchor","Pen Nib","Smiling Mask","Omamori","WristBlade"],"potions_floor_usage":[10,13,13,16],"damage_taken":[{"damage":7,"enemies":"Jaw Worm","floor":1,"turns":4},{"damage":7,"enemies":"Small Slimes","floor":2,"turns":5},{"damage":0,"enemies":"2 Louse","floor":3,"turns":3},{"damage":22,"enemies":"3 Sentries","floor":6,"turns":8},{"damage":5,"enemies":"Blue Slaver","floor":8,"turns":4},{"damage":0,"enemies":"Gremlin Gang","floor":10,"turns":4},{"damage":26,"enemies":"Lagavulin","floor":11,"turns":8},{"damage":0,"enemies":"2 Fungi Beasts","floor":12,"turns":2},{"damage":3,"enemies":"3 Sentries","floor":13,"turns":6},{"damage":35,"enemies":"The Guardian","floor":16,"turns":13},{"damage":0,"enemies":"3 Byrds","floor":18,"turns":4},{"damage":0,"enemies":"Spheric Guardian","floor":21,"turns":3},{"damage":31,"enemies":"Book of Stabbing","floor":23,"turns":5},{"damage":4,"enemies":"3 Cultists","floor":24,"turns":4},{"damage":0,"enemies":"Centurion and Healer","floor":25,"turns":5},{"damage":5,"enemies":"Slavers","floor":29,"turns":3},{"damage":65,"enemies":"Champ","floor":33,"turns":10},{"damage":80,"enemies":"3 Shapes","floor":35,"turns":3}],"seed_played":"1288489374005977778","potions_obtained":[{"floor":1,"key":"Dexterity Potion"},{"floor":8,"key":"SpeedPotion"},{"floor":12,"key":"Fire Potion"}],"is_trial":false,"path_per_floor":["M","M","M","?","T","E","R","M","T","M","E","M","E","?","R","B",null,"M","?","$","M","?","E","M","M","T","?","R","E","$","?","R","B",null],"character_chosen":"THE_SILENT","items_purchased":["War Paint","Slice","Omamori"],"campfire_rested":3,"item_purchase_floors":[20,20,30],"current_hp_per_floor":[63,56,56,56,56,44,68,63,63,63,37,37,34,60,60,25,80,80,80,80,80,64,33,29,29,29,29,53,48,48,48,72,7,80,0],"gold":165,"neow_bonus":"BOSS_RELIC","is_prod":false,"is_daily":false,"chose_seed":false,"campfire_upgraded":1,"win_rate":0,"timestamp":1532553205,"path_taken":["M","M","M","?","?","E","R","M","T","M","E","M","E","?","R","BOSS","M","?","$","M","?","E","M","?","T","?","R","E","?","?","R","BOSS","M"],"build_version":"2018-07-24","purchased_purges":2,"victory":false,"max_hp_per_floor":[70,70,70,70,70,80,80,80,80,80,80,80,80,80,80,80,80,80,80,80,80,80,80,80,80,80,80,80,80,80,80,80,80,80,80],"card_choices":[{"not_picked":["Bane","Slice"],"picked":"Cloak And Dagger","floor":0},{"not_picked":["Predator","Cloak And Dagger"],"picked":"Choke","floor":0},{"not_picked":["Dagger Throw","Poisoned Stab"],"picked":"Calculated Gamble","floor":0},{"not_picked":["Storm of Steel","Deadly Poison"],"picked":"Cloak And Dagger","floor":0},{"not_picked":["Underhanded Strike","Outmaneuver"],"picked":"Finisher","floor":1},{"not_picked":["Acrobatics","Reflex"],"picked":"Cloak And Dagger","floor":2},{"not_picked":["Reflex","Crippling Poison"],"picked":"Riddle With Holes","floor":3},{"not_picked":["Reflex","Outmaneuver"],"picked":"Caltrops","floor":6},{"not_picked":["Acrobatics","Underhanded Strike"],"picked":"Cloak And Dagger","floor":8},{"not_picked":["PiercingWail","Endless Agony","Skewer"],"picked":"SKIP","floor":10},{"not_picked":["Storm of Steel","Unload"],"picked":"Poisoned Stab","floor":11},{"not_picked":["Masterful Stab","Dodge and Roll"],"picked":"Accuracy","floor":12},{"not_picked":["Flying Knee","Dagger Spray"],"picked":"Cloak And Dagger","floor":13},{"not_picked":["Die Die Die","After Image"],"picked":"Glass Knife","floor":16},{"not_picked":["Dagger Throw","Poisoned Stab"],"picked":"Deflect+1","floor":18},{"not_picked":["Dodge and Roll","PiercingWail+1","Bane"],"picked":"SKIP","floor":21},{"not_picked":["Deadly Poison+1","Bouncing Flask"],"picked":"Dagger Spray+1","floor":23},{"not_picked":["Predator","Setup"],"picked":"Dagger Spray+1","floor":24},{"not_picked":["Bane+1","Phantasmal Killer","Flechettes"],"picked":"SKIP","floor":25},{"not_picked":["Flechettes+1","Choke"],"picked":"Riddle With Holes","floor":29},{"not_picked":["Storm of Steel","Wraith Form v2"],"picked":"Die Die Die","floor":33}],"player_experience":350614,"relics_obtained":[{"floor":5,"key":"Bottled Lightning"},{"floor":6,"key":"Pear"},{"floor":9,"key":"Potion Belt"},{"floor":11,"key":"Dead Branch"},{"floor":13,"key":"Snake Skull"},{"floor":22,"key":"Necronomicon"},{"floor":23,"key":"Anchor"},{"floor":26,"key":"Pen Nib"},{"floor":29,"key":"Smiling Mask"}],"event_choices":[{"event_name":"Living Wall","player_choice":"Grow","floor":4,"damage_taken":0},{"event_name":"Big Fish","player_choice":"Banana","floor":14,"damage_taken":0},{"event_name":"The Mausoleum","player_choice":"Yes","floor":19,"damage_taken":0},{"event_name":"Cursed Tome","player_choice":"Obtained Book","floor":22,"damage_taken":0},{"event_name":"The Woman in Blue","player_choice":"Bought 0 Potions","floor":27,"damage_taken":0},{"event_name":"NoteForYourself","player_choice":"Ignored","floor":31,"damage_taken":0}],"is_beta":true,"boss_relics":[{"not_picked":["Snecko Eye","Coffee Dripper"],"picked":"Sozu"},{"not_picked":["Velvet Choker","Busted Crown"],"picked":"WristBlade"}],"items_purged_floors":[20,30],"is_endless":false,"potions_floor_spawned":[1,8,12,18,33],"killed_by":"3 Shapes","ascension_level":4}