{"gold_per_floor":[114,114,39,39,39,39,64,64,64,91,109,9,39,39,39,162,162,186,186,61,86,86],"floor_reached":22,"playtime":919,"items_purged":["Strike_G","Strike_G","Injury"],"score":360,"play_id":"2d0727d3-747a-47e4-9349-13b559371a35","local_time":"20190106131744","is_ascension_mode":true,"campfire_choices":[{"floor":6.0,"key":"REST"},{"data":"Accuracy","floor":15,"key":"SMITH"}],"neow_cost":"NONE","seed_source_timestamp":1406932127170665,"circlet_count":0,"master_deck":["Defend_G","Defend_G","Defend_G","Defend_G","Defend_G+1","Strike_G","Strike_G","Survivor+1","Neutralize","Bane","Cloak And Dagger","Accuracy+1","Blade Dance","Blade Dance","Deadly Poison","Bullet Time","Infinite Blades","Crippling Poison"],"special_seed":0,"relics":["Ring of the Serpent","NeowsBlessing","Centennial Puzzle","Bottled Lightning","Darkstone Periapt","Ice Cream","Blood Vial","Golden Idol","Oddly Smooth Stone"],"potions_floor_usage":[16,16],"damage_taken":[{"damage":0.0,"enemies":"2 Louse","floor":1.0,"turns":1.0},{"damage":0.0,"enemies":"3 Sentries","floor":7.0,"turns":2.0},{"damage":0,"enemies":"Gremlin Nob","floor":10,"turns":1},{"damage":1,"enemies":"Jaw Worm","floor":11,"turns":3},{"damage":9,"enemies":"3 Sentries","floor":13,"turns":8},{"damage":60,"enemies":"Slime Boss","floor":16,"turns":13},{"damage":18,"enemies":"Spheric Guardian","floor":18,"turns":6},{"damage":0,"enemies":"Chosen","floor":21,"turns":4},{"damage":9,"enemies":"Colosseum Slavers","floor":22,"turns":4},{"damage":45,"enemies":"Colosseum Nobs","floor":22,"turns":3}],"seed_played":"5404207787029352116","potions_obtained":[{"floor":7,"key":"Fire Potion"},{"floor":10,"key":"Poison Potion"},{"floor":13,"key":"Ancient Potion"},{"floor":18,"key":"SteroidPotion"},{"floor":21,"key":"FearPotion"}],"is_trial":false,"path_per_floor":["M","?","$","?","?","R","E","?","T","E","M","$","E","?","R","B",null,"M","?","$","M","?"],"character_chosen":"THE_SILENT","items_purchased":[],"campfire_rested":1,"item_purchase_floors":[],"current_hp_per_floor":[63,63,63,49,42,63,63,68,68,68,67,67,58,64,64,6,62,46,46,46,48,0],"gold":86,"neow_bonus":"THREE_ENEMY_KILL","is_prod":false,"is_daily":false,"chose_seed":false,"campfire_upgraded":1,"win_rate":0,"timestamp":1546802264,"path_taken":["M","?","$","?","?","R","E","?","T","E","?","$","E","?","R","BOSS","M","?","?","M","?"],"build_version":"2019-01-03v4","purchased_purges":3,"victory":false,"max_hp_per_floor":[70,70,70,70,70,70,70,75,75,75,75,75,75,81,81,81,81,81,81,81,81,81],"card_choices":[{"not_picked":["Sucker Punch","Setup"],"picked":"Bane","floor":1.0},{"not_picked":["Bane","Flying Knee"],"picked":"Accuracy","floor":7},{"not_picked":["Flying Knee","Dagger Throw"],"picked":"Blade Dance","floor":10},{"not_picked":["All Out Attack","Underhanded Strike"],"picked":"Blade Dance","floor":11},{"not_picked":["Sucker Punch","PiercingWail"],"picked":"Deadly Poison","floor":13},{"not_picked":["Die Die Die","Glass Knife"],"picked":"Bullet Time","floor":16},{"not_picked":["Blade Dance+1","Eviscerate"],"picked":"Infinite Blades","floor":18},{"not_picked":["Slice","Eviscerate"],"picked":"Crippling Poison","floor":21}],"player_experience":404003,"relics_obtained":[{"floor":7,"key":"Bottled Lightning"},{"floor":9,"key":"Darkstone Periapt"},{"floor":10,"key":"Ice Cream"},{"floor":13,"key":"Blood Vial"}],"event_choices":[{"damage_healed":0.0,"max_hp_gain":0.0,"max_hp_loss":0.0,"gold_gain":0.0,"cards_transformed":["Strike_G"],"event_name":"Living Wall","player_choice":"Change","floor":2.0,"gold_loss":0.0,"damage_taken":0.0,"cards_obtained":["Cloak And Dagger"]},{"damage_healed":0.0,"max_hp_gain":0.0,"max_hp_loss":0.0,"gold_gain":0.0,"event_name":"Shining Light","player_choice":"Entered Light","floor":4.0,"gold_loss":0.0,"damage_taken":14.0,"cards_upgraded":["Survivor","Defend_G"]},{"damage_healed":0.0,"max_hp_gain":0.0,"max_hp_loss":0.0,"gold_gain":0.0,"event_name":"Scrap Ooze","player_choice":"Success","floor":5.0,"gold_loss":0.0,"damage_taken":7.0,"relics_obtained":["Centennial Puzzle"]},{"damage_healed":0,"gold_gain":0,"player_choice":"Donut","damage_taken":0,"max_hp_gain":5,"max_hp_loss":0,"event_name":"Big Fish","floor":8,"gold_loss":0},{"damage_healed":0,"gold_gain":0,"player_choice":"Take Wound","damage_taken":0,"relics_obtained":["Golden Idol"],"max_hp_gain":0,"max_hp_loss":0,"event_name":"Golden Idol","floor":14,"gold_loss":0,"cards_obtained":["Injury"]},{"damage_healed":0,"gold_gain":0,"player_choice":"Opened","damage_taken":0,"relics_obtained":["Oddly Smooth Stone"],"max_hp_gain":0,"max_hp_loss":0,"event_name":"The Mausoleum","floor":19,"gold_loss":0},{"damage_healed":0,"gold_gain":0,"player_choice":"Fight","damage_taken":0,"max_hp_gain":0,"max_hp_loss":0,"event_name":"Colosseum","floor":22,"gold_loss":0},{"damage_healed":0,"gold_gain":0,"player_choice":"Fought Nobs","damage_taken":0,"max_hp_gain":0,"max_hp_loss":0,"event_name":"Colosseum","floor":22,"gold_loss":0}],"is_beta":false,"boss_relics":[{"not_picked":["Empty Cage","Ectoplasm"],"picked":"Ring of the Serpent"}],"items_purged_floors":[3,12,20],"is_endless":false,"potions_floor_spawned":[7,10,13,18,21,22],"killed_by":"Colosseum Nobs","ascension_level":9}