{"gold_per_floor":[111,123,143,157,157,190,190,222,222,239,258,271,284,284],"floor_reached":14,"playtime":911,"items_purged":[],"score":111,"play_id":"537df8c0-e19e-45f3-8098-4f288aae06aa","local_time":"20181207002756","is_ascension_mode":true,"campfire_choices":[{"floor":7.0,"key":"REST"}],"neow_cost":"NONE","seed_source_timestamp":1095151471214573,"circlet_count":0,"master_deck":["Strike_B+1","Strike_B","Strike_B","Strike_B","Defend_B","Defend_B","Defend_B","Defend_B","Zap","Dualcast","Gash","Hello World","Rip and Tear","Capacitor+1","Leap","Sunder","Conserve Battery","Consume","Genetic Algorithm","Gash"],"special_seed":0,"relics":["Cracked Core","Smiling Mask","PreservedInsect","The Courier"],"potions_floor_usage":[12,14],"damage_taken":[{"damage":4.0,"enemies":"Cultist","floor":1.0,"turns":4.0},{"damage":6.0,"enemies":"Jaw Worm","floor":2.0,"turns":3.0},{"damage":2.0,"enemies":"Small Slimes","floor":3.0,"turns":3.0},{"damage":13.0,"enemies":"3 Louse","floor":4.0,"turns":4.0},{"damage":17.0,"enemies":"Gremlin Nob","floor":6.0,"turns":4.0},{"damage":18.0,"enemies":"Lagavulin","floor":8.0,"turns":5.0},{"damage":3.0,"enemies":"Red Slaver","floor":10.0,"turns":3.0},{"damage":6,"enemies":"Gremlin Gang","floor":11,"turns":5},{"damage":5,"enemies":"Exordium Thugs","floor":12,"turns":3},{"damage":7,"enemies":"Lots of Slimes","floor":13,"turns":4},{"damage":1,"enemies":"Large Slime","floor":14,"turns":2}],"seed_played":"4871721072064623513","potions_obtained":[{"floor":1.0,"key":"SneckoOil"},{"floor":4.0,"key":"FocusPotion"},{"floor":6.0,"key":"SteroidPotion"},{"floor":13,"key":"Weak Potion"}],"is_trial":false,"path_per_floor":["M","M","M","M","?","E","R","E","T","M","M","M","M","M"],"character_chosen":"DEFECT","items_purchased":[],"campfire_rested":1,"item_purchase_floors":[],"current_hp_per_floor":[71,65,63,50,35,18,40,22,22,19,13,8,1,0],"gold":284,"neow_bonus":"RANDOM_COMMON_RELIC","is_prod":false,"is_daily":false,"chose_seed":false,"campfire_upgraded":0,"win_rate":0,"timestamp":1544160476,"path_taken":["M","?","M","M","?","E","R","E","T","M","M","M","M","M"],"build_version":"2018-12-06","purchased_purges":0,"victory":false,"max_hp_per_floor":[75,75,75,75,75,75,75,75,75,75,75,75,75,75],"card_choices":[{"not_picked":["Aggregate","Steam"],"picked":"Gash","floor":1.0},{"not_picked":["Go for the Eyes","Scrape"],"picked":"Hello World","floor":2.0},{"not_picked":["Reprogram","Ball Lightning"],"picked":"Rip and Tear","floor":3.0},{"not_picked":["Reprogram","Hologram"],"picked":"Capacitor","floor":4.0},{"not_picked":["Hologram","Ball Lightning"],"picked":"Leap","floor":6.0},{"not_picked":["Scrape","All For One"],"picked":"Sunder","floor":8.0},{"not_picked":["Hologram","Leap"],"picked":"Conserve Battery","floor":10.0},{"not_picked":["Streamline","Aggregate"],"picked":"Consume","floor":11},{"not_picked":["Static Discharge","Ball Lightning"],"picked":"Genetic Algorithm","floor":12},{"not_picked":["Streamline","Turbo"],"picked":"Gash","floor":13}],"player_experience":155452,"relics_obtained":[{"floor":6.0,"key":"PreservedInsect"},{"floor":8.0,"key":"The Courier"}],"event_choices":[{"damage_healed":0.0,"max_hp_gain":0.0,"max_hp_loss":0.0,"gold_gain":0.0,"event_name":"Shining Light","player_choice":"Entered Light","floor":5.0,"gold_loss":0.0,"damage_taken":15.0,"cards_upgraded":["Capacitor","Strike_B"]}],"is_beta":false,"boss_relics":[],"items_purged_floors":[],"is_endless":false,"potions_floor_spawned":[1,4,6,8,11,13],"killed_by":"Large Slime","ascension_level":1}