{"gold_per_floor":[118,118,118,134,134,134,146,174,255,280,294,305,340,358,358,453,453,472,483,493,511,426,426,459,472,549,576,46,58,71,71,71,176,176,190,207,207,207,207,238,250],"floor_reached":41,"playtime":2019,"items_purged":[],"score":637,"play_id":"c90c46ae-c377-4c67-b43f-3b1c530f57ce","local_time":"20180825091529","is_ascension_mode":true,"campfire_choices":[{"data":"Bash","floor":6,"key":"SMITH"},{"floor":15,"key":"REST"},{"data":"Iron Wave","floor":23,"key":"SMITH"},{"floor":32,"key":"REST"}],"neow_cost":"NONE","seed_source_timestamp":1387642731756,"circlet_count":0,"master_deck":["Strike_R","Strike_R","Defend_R","Defend_R","Defend_R","Defend_R","Bash+1","Thunderclap","Sword Boomerang","Shrug It Off","Sword Boomerang","Flex","Rage","Battle Trance","Immolate","Sword Boomerang","Shrug It Off","Seeing Red","Pommel Strike","Thunderclap","Infernal Blade+1","Bloodletting+1","Dropkick","Iron Wave+1","Disarm","Hemokinesis+1","Iron Wave+1","Mind Blast+1","Dropkick+1","Infernal Blade","True Grit+1","Pommel Strike+1","Double Tap","Disarm","Whirlwind+1","Madness","Madness"],"relics":["Burning Blood","Vajra","Potion Belt","Du-Vu Doll","Pear","Anchor","Bag of Marbles","Orrery","Centennial Puzzle","Nunchaku","Gremlin Horn","Molten Egg 2","Champion Belt","Nilry\u0027s Codex","Sozu","GremlinMask","MawBank"],"potions_floor_usage":[10,11,13,20,24,33,41],"damage_taken":[{"damage":6,"enemies":"2 Louse","floor":1,"turns":2},{"damage":2,"enemies":"Jaw Worm","floor":4,"turns":4},{"damage":1,"enemies":"Cultist","floor":7,"turns":3},{"damage":45,"enemies":"Lagavulin","floor":8,"turns":6},{"damage":31,"enemies":"3 Sentries","floor":10,"turns":9},{"damage":0,"enemies":"2 Fungi Beasts","floor":11,"turns":3},{"damage":5,"enemies":"3 Louse","floor":12,"turns":3},{"damage":16,"enemies":"Gremlin Nob","floor":13,"turns":3},{"damage":0,"enemies":"Looter","floor":14,"turns":2},{"damage":41,"enemies":"The Guardian","floor":16,"turns":11},{"damage":3,"enemies":"3 Byrds","floor":18,"turns":4},{"damage":0,"enemies":"Spheric Guardian","floor":19,"turns":3},{"damage":3,"enemies":"Chosen and Byrds","floor":20,"turns":3},{"damage":0,"enemies":"Centurion and Healer","floor":21,"turns":3},{"damage":4,"enemies":"Slavers","floor":24,"turns":3},{"damage":3,"enemies":"Snake Plant","floor":25,"turns":3},{"damage":5,"enemies":"Gremlin Leader","floor":27,"turns":3},{"damage":3,"enemies":"Sentry and Sphere","floor":29,"turns":3},{"damage":0,"enemies":"Centurion and Healer","floor":30,"turns":2},{"damage":84,"enemies":"Automaton","floor":33,"turns":9},{"damage":2,"enemies":"Orb Walker","floor":35,"turns":1},{"damage":9,"enemies":"3 Shapes","floor":36,"turns":1},{"damage":43,"enemies":"Giant Head","floor":40,"turns":6},{"damage":70,"enemies":"Transient","floor":41,"turns":5}],"seed_played":"-3902232592809007600","potions_obtained":[{"floor":8,"key":"BloodPotion"},{"floor":10,"key":"PowerPotion"},{"floor":11,"key":"Ancient Potion"},{"floor":16,"key":"BloodPotion"},{"floor":18,"key":"PowerPotion"},{"floor":21,"key":"SpeedPotion"},{"floor":30,"key":"SkillPotion"}],"is_trial":false,"path_per_floor":["M","?","?","M","?","R","M","E","T","E","M","M","E","M","R","B",null,"M","M","M","M","?","R","E","M","T","E","$","M","M","?","R","B",null,"M","M","?","?","?","E"],"character_chosen":"IRONCLAD","items_purchased":["Champion Belt","Mind Blast+1","Dropkick+1","Infernal Blade"],"campfire_rested":2,"item_purchase_floors":[28,28,28,28],"current_hp_per_floor":[80,73,73,77,74,74,79,40,50,34,40,41,31,37,64,29,90,90,90,90,90,90,90,90,90,90,90,90,90,90,74,90,12,90,90,87,76,76,76,39,0],"gold":250,"neow_bonus":"RANDOM_COMMON_RELIC","is_prod":false,"is_daily":false,"chose_seed":false,"campfire_upgraded":2,"win_rate":0,"timestamp":1535181329,"path_taken":["M","?","?","M","?","R","M","E","T","E","M","M","E","M","R","BOSS","M","M","?","M","?","R","E","M","T","E","$","?","M","?","R","BOSS","M","M","?","?","?","E","M"],"build_version":"2018-08-23v2","purchased_purges":0,"victory":false,"max_hp_per_floor":[80,80,80,80,80,80,80,80,90,90,90,90,90,90,90,90,90,90,90,90,90,90,90,90,90,90,90,90,90,90,90,90,90,90,90,90,90,90,90,90,90],"card_choices":[{"not_picked":["Wild Strike","Clothesline"],"picked":"Thunderclap","floor":1},{"not_picked":["Armaments","True Grit","Juggernaut"],"picked":"SKIP","floor":4},{"not_picked":["Flex","Clothesline"],"picked":"Sword Boomerang","floor":7},{"not_picked":["Flex","Heavy Blade"],"picked":"Shrug It Off","floor":8},{"not_picked":["Twin Strike","Immolate"],"picked":"Sword Boomerang","floor":10},{"not_picked":["Burning Pact","Clothesline","Cleave"],"picked":"SKIP","floor":11},{"not_picked":["Body Slam","Anger"],"picked":"Flex","floor":12},{"not_picked":["Twin Strike","True Grit"],"picked":"Rage","floor":13},{"not_picked":["Blood for Blood","Clash"],"picked":"Battle Trance","floor":14},{"not_picked":["Reaper","Double Tap"],"picked":"Immolate","floor":16},{"not_picked":["Evolve","Heavy Blade"],"picked":"Sword Boomerang","floor":17},{"not_picked":["Twin Strike","Sword Boomerang"],"picked":"Shrug It Off","floor":17},{"not_picked":["Thunderclap","Heavy Blade"],"picked":"Seeing Red","floor":17},{"not_picked":["Whirlwind","Rupture"],"picked":"Pommel Strike","floor":17},{"not_picked":["Perfected Strike","Cleave"],"picked":"Thunderclap","floor":17},{"not_picked":["Pommel Strike","Sentinel"],"picked":"Infernal Blade+1","floor":18},{"not_picked":["Twin Strike","Uppercut+1"],"picked":"Bloodletting+1","floor":19},{"not_picked":["Fire Breathing","Twin Strike"],"picked":"Dropkick","floor":20},{"not_picked":["Intimidate","Brutality"],"picked":"Iron Wave","floor":21},{"not_picked":["True Grit","Heavy Blade"],"picked":"Disarm","floor":24},{"not_picked":["True Grit+1","Pommel Strike+1"],"picked":"Hemokinesis+1","floor":25},{"not_picked":["Anger","Berserk"],"picked":"Iron Wave+1","floor":27},{"not_picked":["Bloodletting+1","Anger+1"],"picked":"True Grit+1","floor":29},{"not_picked":["Anger+1","Armaments"],"picked":"Pommel Strike+1","floor":30},{"not_picked":["Berserk","Brutality"],"picked":"Double Tap","floor":33},{"not_picked":["Havoc","Reckless Charge+1"],"picked":"Disarm","floor":35},{"not_picked":["Rage+1","Fire Breathing"],"picked":"Whirlwind+1","floor":36},{"not_picked":["Feel No Pain","Anger+1","Power Through"],"picked":"SKIP","floor":40}],"player_experience":49272,"relics_obtained":[{"floor":8,"key":"Du-Vu Doll"},{"floor":9,"key":"Pear"},{"floor":10,"key":"Anchor"},{"floor":13,"key":"Bag of Marbles"},{"floor":24,"key":"Nunchaku"},{"floor":26,"key":"Gremlin Horn"},{"floor":27,"key":"Molten Egg 2"},{"floor":31,"key":"Nilry\u0027s Codex"},{"floor":40,"key":"MawBank"}],"event_choices":[{"event_name":"Golden Wing","player_choice":"Card Removal","floor":2,"damage_taken":0},{"event_name":"Bonfire Elementals","player_choice":"BASIC","floor":3,"damage_taken":0},{"event_name":"Scrap Ooze","player_choice":"success","floor":5,"damage_taken":3},{"event_name":"Addict","player_choice":"Obtained Relic","floor":22,"damage_taken":0},{"event_name":"Cursed Tome","player_choice":"Obtained Book","floor":31,"damage_taken":0},{"event_name":"Winding Halls","player_choice":"Embrace Madness","floor":37,"damage_taken":0},{"event_name":"FaceTrader","player_choice":"Trade","floor":38,"damage_taken":0},{"event_name":"Purifier","player_choice":"One Purge","floor":39,"damage_taken":0}],"is_beta":true,"boss_relics":[{"not_picked":["Runic Dome","Snecko Eye"],"picked":"Orrery"},{"not_picked":["Runic Pyramid","Empty Cage"],"picked":"Sozu"}],"items_purged_floors":[],"is_endless":false,"potions_floor_spawned":[8,10,11,16,18,21,30,35,40],"killed_by":"Transient","ascension_level":4}