{"gold_per_floor":[115,129,147,50,50,50,82,94,121,181,181,191,204,204,204,204],"floor_reached":16,"playtime":496,"items_purged":["Regret"],"score":122,"play_id":"e7ec39db-93f2-49f7-ba8a-f851caa2e7a8","local_time":"20190112152519","is_ascension_mode":true,"campfire_choices":[{"data":"Go for the Eyes","floor":6,"key":"SMITH"},{"floor":11,"key":"REST"},{"floor":15,"key":"REST"}],"neow_cost":"CURSE","seed_source_timestamp":24504235881690,"circlet_count":0,"master_deck":["Strike_B","Strike_B","Strike_B","Strike_B","Defend_B","Defend_B","Defend_B","Defend_B","Zap+1","Dualcast","Flash of Steel","Flash of Steel","Conserve Battery","Leap","Go for the Eyes+1","Lockon","Loop","Auto Shields"],"relics":["Cracked Core","Omamori","PreservedInsect","Tiny Chest","Kunai"],"potions_floor_usage":[8,13,16],"damage_taken":[{"damage":0,"enemies":"2 Louse","floor":1,"turns":2},{"damage":1,"enemies":"Cultist","floor":2,"turns":3},{"damage":14,"enemies":"Jaw Worm","floor":3,"turns":3},{"damage":25,"enemies":"Lagavulin","floor":7,"turns":8},{"damage":5,"enemies":"2 Fungi Beasts","floor":8,"turns":4},{"damage":0,"enemies":"Large Slime","floor":12,"turns":4},{"damage":7,"enemies":"Exordium Wildlife","floor":13,"turns":4},{"damage":52,"enemies":"Slime Boss","floor":16,"turns":10}],"seed_played":"1151692571568970931","potions_obtained":[{"floor":7,"key":"Dexterity Potion"},{"floor":8,"key":"Poison Potion"},{"floor":12,"key":"PowerPotion"}],"is_trial":false,"path_per_floor":["M","M","M","$","?","R","E","M","T","?","R","M","M","?","R","B"],"character_chosen":"DEFECT","items_purchased":["Go for the Eyes"],"campfire_rested":2,"item_purchase_floors":[4],"current_hp_per_floor":[75,74,60,60,60,60,35,30,30,30,52,52,45,20,42,0],"gold":204,"neow_bonus":"RANDOM_COLORLESS_2","is_prod":false,"is_daily":false,"chose_seed":false,"campfire_upgraded":1,"win_rate":0,"timestamp":1547303119,"path_taken":["M","M","M","$","?","R","E","?","T","?","R","M","M","?","R","BOSS"],"build_version":"2019-01-10","purchased_purges":1,"victory":false,"max_hp_per_floor":[75,75,75,75,75,75,75,75,75,75,75,75,75,75,75,75],"card_choices":[{"not_picked":["Consume","Hologram"],"picked":"Conserve Battery","floor":1},{"not_picked":["Auto Shields","Sunder"],"picked":"Leap","floor":2},{"not_picked":["Blizzard","Streamline","Sweeping Beam"],"picked":"SKIP","floor":3},{"not_picked":["Sweeping Beam","Rebound"],"picked":"Lockon","floor":7},{"not_picked":["Blizzard","Redo","Sweeping Beam"],"picked":"SKIP","floor":8},{"not_picked":["Compile Driver","Skim"],"picked":"Loop","floor":12},{"not_picked":["Stack","Go for the Eyes"],"picked":"Auto Shields","floor":13}],"player_experience":179739,"relics_obtained":[{"floor":7,"key":"Omamori"},{"floor":9,"key":"PreservedInsect"}],"event_choices":[{"damage_healed":0,"gold_gain":0,"player_choice":"Forge","damage_taken":0,"max_hp_gain":0,"max_hp_loss":0,"event_name":"Accursed Blacksmith","floor":5,"gold_loss":0,"cards_upgraded":["Zap"]},{"damage_healed":0,"gold_gain":30,"player_choice":"Searched \u00273\u0027 times","damage_taken":0,"relics_obtained":["Tiny Chest"],"max_hp_gain":0,"max_hp_loss":0,"event_name":"Dead Adventurer","floor":10,"gold_loss":0},{"damage_healed":0,"gold_gain":0,"player_choice":"Success","damage_taken":25,"relics_obtained":["Kunai"],"max_hp_gain":0,"max_hp_loss":0,"event_name":"Scrap Ooze","floor":14,"gold_loss":0}],"is_beta":true,"boss_relics":[],"items_purged_floors":[4],"is_endless":false,"potions_floor_spawned":[7,8,12],"killed_by":"Slime Boss","ascension_level":4}