{"gold_per_floor":[110,110,126,126,141,141,170,170,215,228,228,238,269,269,269,368,368,388,408,425,65,100,159,159,176,176,110,110,124,124,156,156,156],"floor_reached":33,"playtime":2336,"items_purged":[],"score":419,"play_id":"00188d80-f482-4e7e-8483-e9f74836f7d5","local_time":"20190204113831","is_ascension_mode":true,"campfire_choices":[{"data":"Neutralize","floor":6,"key":"SMITH"},{"data":"Tools of the Trade","floor":8,"key":"SMITH"},{"floor":15,"key":"REST"},{"floor":24,"key":"REST"},{"floor":28,"key":"REST"},{"data":"Glass Knife","floor":30,"key":"SMITH"},{"floor":32,"key":"REST"}],"neow_cost":"NONE","seed_source_timestamp":40837383844258,"circlet_count":0,"master_deck":["Defend_G","Defend_G","Defend_G","Defend_G","Defend_G","Strike_G","Strike_G","Strike_G","Strike_G","Strike_G","Survivor","Neutralize+1","Underhanded Strike+1","Blade Dance","Quick Slash","Tools of the Trade+1","Dagger Throw","Calculated Gamble","Accuracy","Glass Knife+1","Underhanded Strike","Cloak And Dagger","Cloak And Dagger","PiercingWail+1","Prepared","Prepared","Underhanded Strike","Tactician","Prepared+1","Sucker Punch","Dash","Prepared+1"],"relics":["Ring of the Snake","NeowsBlessing","FaceOfCleric","Gremlin Horn","Dream Catcher","Anchor","Tough Bandages","Dodecahedron","Philosopher\u0027s Stone","Incense Burner","Red Mask","Tiny Chest","The Courier","Question Card"],"potions_floor_usage":[7,10,22,23,25,31,33],"damage_taken":[{"damage":0,"enemies":"Jaw Worm","floor":1,"turns":1},{"damage":0,"enemies":"Cultist","floor":3,"turns":1},{"damage":0,"enemies":"2 Louse","floor":5,"turns":1},{"damage":17,"enemies":"Gremlin Nob","floor":7,"turns":4},{"damage":4,"enemies":"Exordium Thugs","floor":10,"turns":3},{"damage":0,"enemies":"Exordium Wildlife","floor":12,"turns":3},{"damage":8,"enemies":"Lagavulin","floor":13,"turns":7},{"damage":3,"enemies":"Hexaghost","floor":16,"turns":13},{"damage":5,"enemies":"2 Thieves","floor":18,"turns":4},{"damage":0,"enemies":"Chosen","floor":19,"turns":4},{"damage":8,"enemies":"3 Cultists","floor":20,"turns":5},{"damage":9,"enemies":"Masked Bandits","floor":22,"turns":4},{"damage":17,"enemies":"Book of Stabbing","floor":23,"turns":5},{"damage":15,"enemies":"Snake Plant","floor":25,"turns":6},{"damage":0,"enemies":"Snecko","floor":29,"turns":4},{"damage":32,"enemies":"Gremlin Leader","floor":31,"turns":8},{"damage":79,"enemies":"Champ","floor":33,"turns":12}],"seed_played":"-1045472210977540937","potions_obtained":[{"floor":1,"key":"GamblersBrew"},{"floor":5,"key":"Poison Potion"},{"floor":16,"key":"Poison Potion"},{"floor":19,"key":"Fire Potion"},{"floor":23,"key":"Swift Potion"}],"is_trial":false,"path_per_floor":["M","?","M","T","M","R","E","R","T","M","T","M","E","?","R","B",null,"M","M","M","$","?","E","R","M","T","$","R","M","R","E","R","B"],"character_chosen":"THE_SILENT","items_purchased":["Incense Burner","LiquidBronze","Tactician","Strength Potion"],"campfire_rested":4,"item_purchase_floors":[21,21,27,27],"current_hp_per_floor":[70,70,71,71,72,72,56,56,56,53,53,54,47,47,69,67,75,71,72,65,65,57,41,65,51,51,51,75,76,76,45,70,0],"gold":156,"neow_bonus":"THREE_ENEMY_KILL","is_prod":false,"is_daily":false,"chose_seed":false,"campfire_upgraded":3,"win_rate":0,"timestamp":1549276711,"path_taken":["M","?","?","?","M","R","E","R","T","M","?","?","E","?","R","BOSS","M","M","M","$","?","E","R","M","T","$","R","M","R","E","R","BOSS"],"build_version":"2019-01-23","purchased_purges":0,"victory":false,"max_hp_per_floor":[70,70,71,71,72,72,73,73,73,74,74,75,76,76,76,77,77,78,79,80,80,81,82,82,83,83,83,83,84,84,85,85,85],"card_choices":[{"not_picked":["Heel Hook","Dodge and Roll"],"picked":"Underhanded Strike","floor":1},{"not_picked":["Deadly Poison","Predator"],"picked":"Blade Dance","floor":3},{"not_picked":["Concentrate","Masterful Stab"],"picked":"Quick Slash","floor":5},{"not_picked":["Slice","Dash"],"picked":"Tools of the Trade","floor":7},{"not_picked":["Flying Knee","Grand Finale"],"picked":"Dagger Throw","floor":10},{"not_picked":["Dodge and Roll","Outmaneuver"],"picked":"Calculated Gamble","floor":12},{"not_picked":["Predator","All Out Attack"],"picked":"Accuracy","floor":13},{"not_picked":["Burst","Doppelganger"],"picked":"Glass Knife","floor":16},{"not_picked":["Dagger Throw","Infinite Blades"],"picked":"Underhanded Strike","floor":18},{"not_picked":["Deflect","Backflip"],"picked":"Cloak And Dagger","floor":19},{"not_picked":["Acrobatics","Dodge and Roll"],"picked":"Cloak And Dagger","floor":20},{"not_picked":["Crippling Poison","Quick Slash"],"picked":"PiercingWail+1","floor":22},{"not_picked":["Bane","A Thousand Cuts"],"picked":"Prepared","floor":23},{"not_picked":["Reflex","Deflect"],"picked":"Prepared","floor":24},{"not_picked":["Caltrops","Expertise"],"picked":"Underhanded Strike","floor":25},{"not_picked":["Bane","Poisoned Stab+1"],"picked":"Prepared+1","floor":28},{"not_picked":["Prepared","Deadly Poison"],"picked":"Sucker Punch","floor":29},{"not_picked":["Tools of the Trade","Dodge and Roll"],"picked":"Dash","floor":31},{"not_picked":["Dodge and Roll","Slice","PiercingWail"],"picked":"Prepared+1","floor":32}],"player_experience":412399,"relics_obtained":[{"floor":4,"key":"Gremlin Horn"},{"floor":7,"key":"Dream Catcher"},{"floor":9,"key":"Anchor"},{"floor":11,"key":"Tough Bandages"},{"floor":13,"key":"Dodecahedron"},{"floor":22,"key":"Red Mask"},{"floor":23,"key":"Tiny Chest"},{"floor":26,"key":"The Courier"},{"floor":31,"key":"Question Card"}],"event_choices":[{"damage_healed":0,"gold_gain":0,"player_choice":"Trade","damage_taken":0,"relics_obtained":["FaceOfCleric"],"max_hp_gain":0,"max_hp_loss":0,"event_name":"FaceTrader","floor":2,"gold_loss":0},{"damage_healed":0,"gold_gain":0,"player_choice":"Upgraded","damage_taken":0,"max_hp_gain":0,"max_hp_loss":0,"event_name":"Upgrade Shrine","floor":14,"gold_loss":0,"cards_upgraded":["Underhanded Strike"]},{"damage_healed":0,"gold_gain":0,"player_choice":"Fought Bandits","damage_taken":0,"max_hp_gain":0,"max_hp_loss":0,"event_name":"Masked Bandits","floor":22,"gold_loss":0}],"is_beta":false,"boss_relics":[{"not_picked":["Fusion Hammer","Snecko Eye"],"picked":"Philosopher\u0027s Stone"}],"items_purged_floors":[],"is_endless":false,"potions_floor_spawned":[1,5,16,19,23],"killed_by":"Champ","ascension_level":5}