{"gold_per_floor":[114,124,124,124,142,142,186,200,227,207],"floor_reached":10,"playtime":211,"items_purged":[],"score":136,"play_id":"072206f1-b6f6-4903-98c1-70fdbdbe276b","local_time":"20190106213535","is_ascension_mode":true,"campfire_choices":[{"data":"Zap","floor":6,"key":"SMITH"}],"neow_cost":"NONE","seed_source_timestamp":71212952374249,"circlet_count":0,"master_deck":["AscendersBane","Strike_B","Strike_B","Strike_B","Strike_B","Defend_B","Defend_B","Defend_B","Defend_B","Zap+1","Dualcast","Ball Lightning+1","Regret","Cold Snap+1","Ball Lightning"],"relics":["Cracked Core","NeowsBlessing","DataDisk","Golden Idol","Whetstone","Bronze Scales"],"potions_floor_usage":[8,8],"damage_taken":[{"damage":0,"enemies":"Small Slimes","floor":1,"turns":1},{"damage":0,"enemies":"2 Louse","floor":2,"turns":1},{"damage":0,"enemies":"Cultist","floor":5,"turns":1},{"damage":24,"enemies":"Lagavulin","floor":7,"turns":5},{"damage":9,"enemies":"Exordium Thugs","floor":8,"turns":2},{"damage":8,"enemies":"Looter","floor":10,"turns":1}],"seed_played":"3731835832615655046","potions_obtained":[{"floor":2,"key":"Fire Potion"},{"floor":7,"key":"AttackPotion"}],"is_trial":false,"path_per_floor":["M","M","?","?","M","R","E","M","T","M"],"character_chosen":"DEFECT","items_purchased":[],"campfire_rested":0,"item_purchase_floors":[],"current_hp_per_floor":[64,64,64,40,40,40,16,7,7,0],"gold":207,"neow_bonus":"THREE_ENEMY_KILL","is_prod":false,"is_daily":false,"chose_seed":false,"campfire_upgraded":1,"win_rate":0,"timestamp":1546770935,"path_taken":["M","M","?","?","M","R","E","M","T","M"],"build_version":"2018-11-15","purchased_purges":0,"victory":false,"max_hp_per_floor":[71,71,71,71,71,71,71,71,71,71],"card_choices":[{"not_picked":["Hologram","Streamline"],"picked":"Ball Lightning","floor":1},{"not_picked":["Redo","Lockon","Genetic Algorithm"],"picked":"SKIP","floor":2},{"not_picked":["Darkness","Chaos"],"picked":"Cold Snap","floor":5},{"not_picked":["Hello World","Hologram","Stack"],"picked":"SKIP","floor":7},{"not_picked":["Go for the Eyes","Rebound"],"picked":"Ball Lightning","floor":8}],"player_experience":1000976,"relics_obtained":[{"floor":7,"key":"Whetstone"},{"floor":9,"key":"Bronze Scales"}],"event_choices":[{"damage_healed":0,"gold_gain":0,"player_choice":"Box","damage_taken":0,"relics_obtained":["DataDisk"],"max_hp_gain":0,"max_hp_loss":0,"event_name":"Big Fish","floor":3,"gold_loss":0,"cards_obtained":["Regret"]},{"damage_healed":0,"gold_gain":0,"player_choice":"Take Damage","damage_taken":24,"relics_obtained":["Golden Idol"],"max_hp_gain":0,"max_hp_loss":0,"event_name":"Golden Idol","floor":4,"gold_loss":0}],"is_beta":true,"boss_relics":[],"items_purged_floors":[],"is_endless":false,"potions_floor_spawned":[2,7],"killed_by":"Looter","ascension_level":20}