{"gold_per_floor":[113,125,125,66,66,66,99,99,99,137,137,156,156,189,189,287,287,308,308],"floor_reached":19,"playtime":631,"items_purged":[],"score":395,"play_id":"50139a89-787f-4396-b4e3-77db99951247","local_time":"20181221155324","is_ascension_mode":true,"campfire_choices":[{"data":"Zap","floor":6.0,"key":"SMITH"},{"data":"Conserve Battery","floor":8.0,"key":"SMITH"},{"data":"Sweeping Beam","floor":11.0,"key":"SMITH"},{"floor":15,"key":"REST"}],"neow_cost":"NONE","seed_source_timestamp":28162002218231,"circlet_count":0,"master_deck":["AscendersBane","Strike_B","Strike_B","Strike_B","Strike_B","Defend_B","Defend_B","Defend_B","Defend_B","Zap+1","Dualcast","Sweeping Beam","Sweeping Beam+1","Conserve Battery+1","Electrodynamics","Core Surge","Go for the Eyes+1","Defragment","Creative AI","Ball Lightning","Capacitor","Coolheaded","Gash","Storm","Echo Form"],"special_seed":0,"relics":["Cracked Core","NeowsBlessing","Golden Idol","Ginger","Question Card","The Courier","Omamori","Orrery"],"potions_floor_usage":[],"damage_taken":[{"damage":0.0,"enemies":"Cultist","floor":1.0,"turns":1.0},{"damage":0.0,"enemies":"Small Slimes","floor":2.0,"turns":1.0},{"damage":0.0,"enemies":"Gremlin Nob","floor":7.0,"turns":1.0},{"damage":20.0,"enemies":"Lagavulin","floor":10.0,"turns":6.0},{"damage":10.0,"enemies":"2 Louse","floor":12.0,"turns":2.0},{"damage":15,"enemies":"3 Sentries","floor":14,"turns":4},{"damage":38,"enemies":"The Guardian","floor":16,"turns":12},{"damage":35,"enemies":"2 Thieves","floor":18,"turns":4},{"damage":21,"enemies":"Chosen","floor":19,"turns":3}],"seed_played":"8376250618640170294","potions_obtained":[{"floor":10.0,"key":"PowerPotion"},{"floor":18,"key":"FocusPotion"}],"is_trial":false,"path_per_floor":["M","M","?","$","?","R","E","R","T","E","R","M","?","E","R","B",null,"M","M"],"character_chosen":"DEFECT","items_purchased":["Conserve Battery"],"campfire_rested":1,"item_purchase_floors":[4],"current_hp_per_floor":[64,64,64,64,69,69,69,69,69,49,49,39,39,24,44,6,53,18,0],"gold":308,"neow_bonus":"THREE_ENEMY_KILL","is_prod":false,"is_daily":false,"chose_seed":false,"campfire_upgraded":3,"win_rate":0,"timestamp":1545436404,"path_taken":["M","?","?","$","?","R","E","R","T","E","R","M","?","E","R","BOSS","M","M"],"build_version":"2018-12-20","purchased_purges":0,"victory":false,"max_hp_per_floor":[71,71,64,64,69,69,69,69,69,69,69,69,69,69,69,69,69,69,69],"card_choices":[{"not_picked":["Leap","Go for the Eyes"],"picked":"Sweeping Beam","floor":1.0},{"not_picked":["Go for the Eyes","Lockon"],"picked":"Sweeping Beam","floor":2.0},{"not_picked":["Tempest","Beam Cell"],"picked":"Electrodynamics","floor":7.0},{"not_picked":["Ball Lightning","Compile Driver","Turbo"],"picked":"Core Surge","floor":10.0},{"not_picked":["Doom and Gloom","Streamline","Reboot"],"picked":"Go for the Eyes","floor":12.0},{"not_picked":["Ball Lightning","Stack","Rebound"],"picked":"Defragment","floor":14},{"not_picked":["Seek","Buffer","Meteor Strike"],"picked":"Creative AI","floor":16},{"not_picked":["Coolheaded","Leap","Barrage"],"picked":"Ball Lightning","floor":17},{"not_picked":["Reinforced Body","Amplify","Blizzard"],"picked":"Capacitor","floor":17},{"not_picked":["Go for the Eyes","Sweeping Beam","Redo"],"picked":"Coolheaded","floor":17},{"not_picked":["Conserve Battery","Skim","Cold Snap"],"picked":"Gash","floor":17},{"not_picked":["Gash","Steam","Rebound"],"picked":"Storm","floor":17},{"not_picked":["Skim","Capacitor","Force Field"],"picked":"Echo Form","floor":18}],"player_experience":1612195,"relics_obtained":[{"floor":7.0,"key":"Ginger"},{"floor":9.0,"key":"Question Card"},{"floor":10.0,"key":"The Courier"},{"floor":14,"key":"Omamori"}],"event_choices":[{"damage_healed":0.0,"max_hp_gain":0.0,"max_hp_loss":7.0,"gold_gain":0.0,"event_name":"Golden Idol","player_choice":"Lose Max HP","floor":3.0,"gold_loss":0.0,"damage_taken":0.0,"relics_obtained":["Golden Idol"]},{"damage_healed":0.0,"max_hp_gain":5.0,"max_hp_loss":0.0,"gold_gain":0.0,"event_name":"Big Fish","player_choice":"Donut","floor":5.0,"gold_loss":0.0,"damage_taken":0.0},{"damage_healed":0.0,"max_hp_gain":0.0,"max_hp_loss":0.0,"gold_gain":0.0,"event_name":"Accursed Blacksmith","player_choice":"Forge","floor":13.0,"gold_loss":0.0,"damage_taken":0.0,"cards_upgraded":["Go for the Eyes"]}],"is_beta":false,"boss_relics":[{"not_picked":["Philosopher\u0027s Stone","Fusion Hammer"],"picked":"Orrery"}],"items_purged_floors":[],"is_endless":false,"potions_floor_spawned":[10,18],"killed_by":"Chosen","ascension_level":18}