{"gold_per_floor":[111,186,186,202,216,216,236,248,274,274],"floor_reached":10,"playtime":283,"items_purged":[],"score":111,"play_id":"2c0e52bb-b272-497e-9bb4-aed987435668","local_time":"20181028225138","is_ascension_mode":true,"campfire_choices":[{"data":"Sucker Punch","floor":6.0,"key":"SMITH"}],"neow_cost":"NONE","seed_source_timestamp":0,"circlet_count":0,"master_deck":["Defend_G","Defend_G","Defend_G","Defend_G","Defend_G","Strike_G","Strike_G","Strike_G","Strike_G","Survivor","Neutralize","AscendersBane","Sucker Punch+1","Escape Plan","Crippling Poison"],"special_seed":0,"relics":["Ring of the Snake","Omamori","Happy Flower"],"potions_floor_usage":[10],"damage_taken":[{"damage":3.0,"enemies":"Cultist","floor":1.0,"turns":5.0},{"damage":9.0,"enemies":"Small Slimes","floor":4.0,"turns":5.0},{"damage":7.0,"enemies":"Jaw Worm","floor":5.0,"turns":8.0},{"damage":15.0,"enemies":"3 Louse","floor":7.0,"turns":6.0},{"damage":8.0,"enemies":"Red Slaver","floor":8.0,"turns":5.0},{"damage":20,"enemies":"Large Slime","floor":10,"turns":5}],"seed_played":"7547263916537951640","potions_obtained":[{"floor":4.0,"key":"Regen Potion"},{"floor":5.0,"key":"Energy Potion"}],"is_trial":false,"path_per_floor":["M","?","?","M","M","R","M","M","T"],"character_chosen":"THE_SILENT","items_purchased":[],"campfire_rested":0,"item_purchase_floors":[],"current_hp_per_floor":[56,45,45,36,29,29,14,20,20,0],"gold":274,"neow_bonus":"REMOVE_CARD","is_prod":false,"is_daily":false,"chose_seed":false,"campfire_upgraded":1,"win_rate":0,"timestamp":1540792298,"path_taken":["M","?","?","M","M","R","M","M","T","M"],"build_version":"2018-10-25v2","purchased_purges":0,"victory":false,"max_hp_per_floor":[66,66,66,66,66,66,66,66,66,66],"card_choices":[{"not_picked":["Deflect","Underhanded Strike"],"picked":"Cloak And Dagger","floor":1.0},{"not_picked":["Poisoned Stab","Grand Finale","Eviscerate"],"picked":"SKIP","floor":4.0},{"not_picked":["Underhanded Strike","Quick Slash"],"picked":"Sucker Punch","floor":5.0},{"not_picked":["Bane","Quick Slash"],"picked":"Escape Plan","floor":7.0},{"not_picked":["Outmaneuver","PiercingWail"],"picked":"Crippling Poison","floor":8.0}],"player_experience":895925,"relics_obtained":[{"floor":9.0,"key":"Happy Flower"}],"event_choices":[{"damage_healed":0.0,"max_hp_gain":0.0,"max_hp_loss":0.0,"gold_gain":75.0,"event_name":"World of Goop","player_choice":"Gather Gold","floor":2.0,"gold_loss":0.0,"damage_taken":11.0},{"cards_removed":["Cloak And Dagger"],"damage_healed":0.0,"max_hp_gain":0.0,"max_hp_loss":0.0,"gold_gain":0.0,"event_name":"WeMeetAgain","player_choice":"Gave Card","floor":3.0,"gold_loss":0.0,"damage_taken":0.0,"relics_obtained":["Omamori"]}],"is_beta":true,"boss_relics":[],"items_purged_floors":[],"is_endless":false,"potions_floor_spawned":[4,5,7],"killed_by":"Large Slime","ascension_level":17}