{"gold_per_floor":[19,33,33,33,53,113,131,149,172,172],"floor_reached":10,"playtime":318,"items_purged":[],"score":137,"play_id":"b931dbf0-bd52-4853-9921-ddca79f85c20","local_time":"20181010151309","is_ascension_mode":true,"campfire_choices":[],"neow_cost":"NO_GOLD","seed_source_timestamp":246170945224303,"circlet_count":0,"master_deck":["Strike_R","Strike_R","Strike_R","Strike_R","Defend_R","Defend_R","Defend_R","Bash","AscendersBane","Carnage","Pommel Strike","Inflame","Ghostly Armor","Power Through"],"relics":["Burning Blood","Tiny Chest","Smiling Mask"],"potions_floor_usage":[10,10],"damage_taken":[{"damage":1,"enemies":"Cultist","floor":1,"turns":3},{"damage":12,"enemies":"Small Slimes","floor":2,"turns":3},{"damage":7,"enemies":"Jaw Worm","floor":5,"turns":3},{"damage":32,"enemies":"Gremlin Nob","floor":6,"turns":4},{"damage":1,"enemies":"Exordium Wildlife","floor":7,"turns":3},{"damage":24,"enemies":"Lots of Slimes","floor":8,"turns":7},{"damage":19,"enemies":"Gremlin Gang","floor":10,"turns":4}],"seed_played":"4836463304903339507","potions_obtained":[{"floor":6,"key":"Strength Potion"},{"floor":7,"key":"Strength Potion"}],"is_trial":false,"path_per_floor":["M","M","$","?","M","E","M","M","T"],"character_chosen":"IRONCLAD","items_purchased":[],"campfire_rested":0,"item_purchase_floors":[],"current_hp_per_floor":[73,67,67,56,55,29,34,16,16,0],"gold":172,"neow_bonus":"REMOVE_TWO","is_prod":false,"is_daily":false,"chose_seed":false,"campfire_upgraded":0,"win_rate":0,"timestamp":1539209589,"path_taken":["M","?","$","?","M","E","M","M","T","M"],"build_version":"2018-10-09","purchased_purges":0,"victory":false,"max_hp_per_floor":[75,75,75,75,75,75,75,75,75,75],"card_choices":[{"not_picked":["Pommel Strike","Body Slam"],"picked":"Carnage","floor":1},{"not_picked":["Sword Boomerang","Body Slam"],"picked":"Pommel Strike","floor":2},{"not_picked":["Battle Trance","Dual Wield"],"picked":"Inflame","floor":5},{"not_picked":["Seeing Red","Clothesline"],"picked":"Ghostly Armor","floor":6},{"not_picked":["Rupture","True Grit"],"picked":"Power Through","floor":7},{"not_picked":["Sword Boomerang","Twin Strike","Flex"],"picked":"SKIP","floor":8}],"player_experience":877694,"relics_obtained":[{"floor":6,"key":"Tiny Chest"},{"floor":9,"key":"Smiling Mask"}],"event_choices":[{"event_name":"Wheel of Change","player_choice":"Damage","floor":4,"damage_taken":0}],"is_beta":true,"boss_relics":[],"items_purged_floors":[],"is_endless":false,"potions_floor_spawned":[6,7],"killed_by":"Gremlin Gang","ascension_level":19}