{"gold_per_floor":[119,133,143,163,176,176,204,224,224,247,247,263,273,64,64,166,166,180,37,37,0,14,114,114,128,154,170,121,146,146,159,159,159],"floor_reached":33,"playtime":3194,"items_purged":[],"score":325,"play_id":"79b95003-c28d-413b-b184-b126674f8e0f","local_time":"20181228150550","is_ascension_mode":true,"campfire_choices":[{"data":"Predator","floor":6,"key":"SMITH"},{"floor":11,"key":"REST"},{"floor":15,"key":"REST"},{"floor":24,"key":"RECALL"},{"floor":32,"key":"REST"}],"neow_cost":"NONE","seed_source_timestamp":843962419552400,"circlet_count":0,"master_deck":["Defend_G","Defend_G","Defend_G","Defend_G","Defend_G","Strike_G","Strike_G","Strike_G","Strike_G+1","Strike_G","Survivor","Neutralize","Predator+1","Crippling Poison","Distraction","Dodge and Roll","Backflip","Endless Agony","Riddle With Holes+1","Bouncing Flask","Glass Knife","Juggernaut","Slice+1","Good Instincts+1","Bouncing Flask+1","Iron Wave+1","Sucker Punch","Ball Lightning+1","Cold Snap"],"relics":["Ring of the Snake","NeowsBlessing","Pen Nib","Bronze Scales","Bag of Preparation","PrismaticShard","Sozu","Boot","Whetstone","FaceOfCleric"],"potions_floor_usage":[5,7,7,16,25],"damage_taken":[{"damage":0,"enemies":"Cultist","floor":1,"turns":1},{"damage":0,"enemies":"Small Slimes","floor":2,"turns":1},{"damage":0,"enemies":"Jaw Worm","floor":3,"turns":1},{"damage":0,"enemies":"Large Slime","floor":4,"turns":5},{"damage":10,"enemies":"Lots of Slimes","floor":5,"turns":3},{"damage":22,"enemies":"3 Sentries","floor":7,"turns":9},{"damage":9,"enemies":"Blue Slaver","floor":8,"turns":3},{"damage":0,"enemies":"Exordium Wildlife","floor":12,"turns":2},{"damage":7,"enemies":"3 Louse","floor":13,"turns":3},{"damage":26,"enemies":"Hexaghost","floor":16,"turns":8},{"damage":0,"enemies":"Chosen","floor":18,"turns":4},{"damage":7,"enemies":"Shell Parasite","floor":22,"turns":4},{"damage":6,"enemies":"Snake Plant","floor":25,"turns":3},{"damage":0,"enemies":"Cultist and Chosen","floor":27,"turns":4},{"damage":45,"enemies":"Book of Stabbing","floor":29,"turns":5},{"damage":8,"enemies":"Chosen and Byrds","floor":31,"turns":5},{"damage":29,"enemies":"Automaton","floor":33,"turns":4}],"seed_played":"-8354857242888017435","potions_obtained":[{"floor":1,"key":"SpeedPotion"},{"floor":2,"key":"SteroidPotion"},{"floor":3,"key":"Regen Potion"},{"floor":7,"key":"EssenceOfSteel"},{"floor":16,"key":"EssenceOfSteel"}],"is_trial":false,"path_per_floor":["M","M","M","M","M","R","E","M","T","T","R","M","M","$","R","B",null,"M","$","?","?","M","?","R","M","T","M","$","E","?","M","R","B"],"character_chosen":"THE_SILENT","items_purchased":["PrismaticShard","Boot","Sucker Punch"],"campfire_rested":3,"item_purchase_floors":[14,19,28],"current_hp_per_floor":[70,70,70,70,60,60,53,44,44,44,65,65,58,58,70,44,70,70,70,70,70,63,63,63,57,57,57,57,12,12,5,26,0],"gold":159,"neow_bonus":"THREE_ENEMY_KILL","is_prod":false,"is_daily":false,"chose_seed":false,"campfire_upgraded":1,"win_rate":0,"timestamp":1546027550,"path_taken":["M","M","M","M","M","R","E","M","T","?","R","M","M","$","R","BOSS","M","$","?","?","M","?","R","M","T","?","$","E","?","M","R","BOSS"],"build_version":"2018-12-20","purchased_purges":0,"victory":false,"max_hp_per_floor":[70,70,70,70,70,70,70,70,70,70,70,70,70,70,70,70,70,70,70,70,70,70,70,70,70,70,70,70,70,70,71,71,71],"card_choices":[{"not_picked":["Flechettes","Finisher"],"picked":"Predator","floor":1},{"not_picked":["Deadly Poison","Expertise"],"picked":"Crippling Poison","floor":2},{"not_picked":["Accuracy","Acrobatics"],"picked":"Distraction","floor":3},{"not_picked":["Blade Dance","Finisher"],"picked":"Dodge and Roll","floor":4},{"not_picked":["All Out Attack","Catalyst"],"picked":"Backflip","floor":5},{"not_picked":["Underhanded Strike","Slice"],"picked":"Endless Agony","floor":7},{"not_picked":["All Out Attack","Bane"],"picked":"Riddle With Holes","floor":8},{"not_picked":["Riddle With Holes","Well Laid Plans"],"picked":"Bouncing Flask","floor":12},{"not_picked":["Blade Dance","Poisoned Stab"],"picked":"Glass Knife","floor":13},{"not_picked":["Reaper","Corpse Explosion"],"picked":"Juggernaut","floor":16},{"not_picked":["Flying Knee","Deflect"],"picked":"Slice+1","floor":18},{"not_picked":["Slice","Redo+1"],"picked":"Good Instincts+1","floor":22},{"not_picked":["Backstab","Eviscerate"],"picked":"Bouncing Flask+1","floor":25},{"not_picked":["Barrage","Storm+1"],"picked":"Iron Wave+1","floor":27},{"not_picked":["Eviscerate","Finisher"],"picked":"Ball Lightning+1","floor":29},{"not_picked":["Storm","Caltrops"],"picked":"Cold Snap","floor":31}],"player_experience":267647,"relics_obtained":[{"floor":7,"key":"Pen Nib"},{"floor":9,"key":"Bronze Scales"},{"floor":10,"key":"Bag of Preparation"},{"floor":29,"key":"Whetstone"}],"event_choices":[{"damage_healed":0,"gold_gain":0,"player_choice":"Ignored","damage_taken":0,"max_hp_gain":0,"max_hp_loss":0,"event_name":"Beggar","floor":20,"gold_loss":0},{"damage_healed":0,"gold_gain":0,"player_choice":"Paid Fearfully","damage_taken":0,"max_hp_gain":0,"max_hp_loss":0,"event_name":"Masked Bandits","floor":21,"gold_loss":37},{"damage_healed":0,"gold_gain":100,"player_choice":"Pray","damage_taken":0,"max_hp_gain":0,"max_hp_loss":0,"event_name":"Golden Shrine","floor":23,"gold_loss":0},{"damage_healed":0,"gold_gain":0,"player_choice":"Trade","damage_taken":0,"relics_obtained":["FaceOfCleric"],"max_hp_gain":0,"max_hp_loss":0,"event_name":"FaceTrader","floor":30,"gold_loss":0}],"is_beta":false,"boss_relics":[{"not_picked":["Coffee Dripper","Eternal Feather"],"picked":"Sozu"}],"items_purged_floors":[],"is_endless":false,"potions_floor_spawned":[1,2,3,7,16,18,25,29],"killed_by":"Automaton","ascension_level":4}