{"gold_per_floor":[118,128,143,143,155,155,186,196,223,223,223,233,147,165,165,269,269,282,299,299,299,318,318,318],"floor_reached":24,"playtime":1435,"items_purged":[],"score":200,"play_id":"fcee3ec4-e4d7-46fd-a371-34eaea7c1c29","local_time":"20181128223527","is_ascension_mode":false,"campfire_choices":[{"data":"Dramatic Entrance","floor":6,"key":"SMITH"},{"data":"1","floor":10,"key":"LIFT"},{"floor":15,"key":"REST"},{"floor":23,"key":"REST"}],"neow_cost":"NONE","seed_source_timestamp":396706528888919,"circlet_count":0,"master_deck":["Zap","Dualcast","Dramatic Entrance+1","Cold Snap","Cold Snap","Static Discharge+1","Streamline","Electrodynamics","Blizzard","Compile Driver","Loop","Steam","Coolheaded","Conserve Battery","Multi-Cast","Redo","Compile Driver","Melter","Force Field","Redo","Gash","Genetic Algorithm","Heatsinks","Gash+1","Coolheaded","Rip and Tear","Go for the Eyes"],"relics":["Cracked Core","Girya","Dream Catcher","Pandora\u0027s Box"],"potions_floor_usage":[20,24,24],"damage_taken":[{"damage":6,"enemies":"Jaw Worm","floor":1,"turns":2},{"damage":3,"enemies":"Small Slimes","floor":2,"turns":2},{"damage":0,"enemies":"2 Louse","floor":3,"turns":2},{"damage":0,"enemies":"2 Fungi Beasts","floor":5,"turns":4},{"damage":28,"enemies":"Gremlin Nob","floor":7,"turns":4},{"damage":1,"enemies":"Lots of Slimes","floor":8,"turns":2},{"damage":9,"enemies":"Large Slime","floor":12,"turns":3},{"damage":9,"enemies":"2 Fungi Beasts","floor":14,"turns":2},{"damage":21,"enemies":"The Guardian","floor":16,"turns":9},{"damage":10,"enemies":"Chosen","floor":18,"turns":4},{"damage":27,"enemies":"2 Thieves","floor":19,"turns":3},{"damage":23,"enemies":"Colosseum Slavers","floor":20,"turns":3},{"damage":13,"enemies":"Cultist and Chosen","floor":22,"turns":5},{"damage":30,"enemies":"Slavers","floor":24,"turns":1}],"seed_played":"-7842364258162903577","potions_obtained":[{"floor":2,"key":"Poison Potion"},{"floor":3,"key":"SteroidPotion"},{"floor":7,"key":"SkillPotion"},{"floor":18,"key":"Swift Potion"},{"floor":22,"key":"LiquidBronze"}],"is_trial":false,"path_per_floor":["M","M","M","?","M","R","E","M","T","R","?","M","$","M","R","B",null,"M","M","?","?","M","R","E"],"character_chosen":"DEFECT","items_purchased":["Loop","Steam"],"campfire_rested":2,"item_purchase_floors":[13,13],"current_hp_per_floor":[69,66,66,66,66,66,38,37,37,37,37,28,28,19,41,20,75,65,38,15,15,2,24,0],"gold":318,"neow_bonus":"RANDOM_COLORLESS","is_prod":false,"is_daily":false,"chose_seed":false,"campfire_upgraded":1,"win_rate":0.0,"timestamp":1543462527,"path_taken":["M","M","M","?","M","R","E","M","T","R","?","M","$","M","R","BOSS","M","M","?","?","M","R","E"],"build_version":"2018-11-15","purchased_purges":0,"victory":false,"max_hp_per_floor":[75,75,75,75,75,75,75,75,75,75,75,75,75,75,75,75,75,75,75,75,75,75,75,75],"card_choices":[{"not_picked":["Fusion","Gash"],"picked":"Cold Snap","floor":1},{"not_picked":["Fusion","Go for the Eyes"],"picked":"Cold Snap","floor":2},{"not_picked":["Gash","Coolheaded"],"picked":"Static Discharge","floor":3},{"not_picked":["Gash","Aggregate"],"picked":"Streamline","floor":5},{"not_picked":["Reprogram","Beam Cell"],"picked":"Electrodynamics","floor":7},{"not_picked":["Barrage","Cold Snap"],"picked":"Blizzard","floor":8},{"not_picked":["Blizzard","Fusion"],"picked":"Compile Driver","floor":12},{"not_picked":["Steam Power","Streamline"],"picked":"Coolheaded","floor":14},{"not_picked":["Sweeping Beam","FTL"],"picked":"Conserve Battery","floor":15},{"not_picked":["Fission","Electrodynamics"],"picked":"Multi-Cast","floor":16},{"not_picked":["Gash+1","Streamline","Conserve Battery"],"picked":"SKIP","floor":18},{"not_picked":["Streamline","Conserve Battery"],"picked":"Gash+1","floor":18},{"not_picked":["Stack","Force Field"],"picked":"Coolheaded","floor":19},{"not_picked":["Steam Power","Cold Snap+1"],"picked":"Rip and Tear","floor":22},{"not_picked":["Sweeping Beam","Turbo"],"picked":"Go for the Eyes","floor":23}],"player_experience":121153,"relics_obtained":[{"floor":7,"key":"Girya"},{"floor":9,"key":"Dream Catcher"}],"event_choices":[{"damage_healed":0,"gold_gain":0,"player_choice":"Leave","damage_taken":0,"max_hp_gain":0,"max_hp_loss":0,"event_name":"The Cleric","floor":4,"gold_loss":0},{"damage_healed":0,"gold_gain":0,"player_choice":"Grow","damage_taken":0,"max_hp_gain":0,"max_hp_loss":0,"event_name":"Living Wall","floor":11,"gold_loss":0,"cards_upgraded":["Static Discharge"]},{"damage_healed":0,"gold_gain":0,"player_choice":"Fight","damage_taken":0,"max_hp_gain":0,"max_hp_loss":0,"event_name":"Colosseum","floor":20,"gold_loss":0},{"damage_healed":0,"gold_gain":0,"player_choice":"Fled From Nobs","damage_taken":0,"max_hp_gain":0,"max_hp_loss":0,"event_name":"Colosseum","floor":20,"gold_loss":0},{"damage_healed":0,"gold_gain":0,"player_choice":"Ignored","damage_taken":0,"max_hp_gain":0,"max_hp_loss":0,"event_name":"Purifier","floor":21,"gold_loss":0}],"is_beta":false,"boss_relics":[{"not_picked":["Tiny House","White Beast Statue"],"picked":"Pandora\u0027s Box"}],"items_purged_floors":[],"is_endless":false,"potions_floor_spawned":[2,3,7,14,18,22],"killed_by":"Slavers","ascension_level":0}