{"gold_per_floor":[117,133,133,133,144,144,158,158,210,235,250,260,17,27,27,105,105,116,126,26,37,54,54,67,67,92,108,108,118,118,118],"floor_reached":31,"playtime":967,"items_purged":["Strike_R","Strike_R"],"score":486,"play_id":"a564788e-e186-4c6c-b74e-aadbc64ee2b4","local_time":"20181214014847","is_ascension_mode":true,"campfire_choices":[{"data":"Uppercut","floor":6,"key":"SMITH"},{"data":"Bash","floor":15,"key":"SMITH"},{"floor":23,"key":"REST"},{"floor":28,"key":"REST"},{"floor":30,"key":"REST"}],"neow_cost":"NONE","seed_source_timestamp":1147846880373557,"circlet_count":0,"master_deck":["AscendersBane","Strike_R","Strike_R","Defend_R","Defend_R","Defend_R","Defend_R","Bash+1","Ghostly Armor","Uppercut+1","Inflame","Feel No Pain","Inflame","Pommel Strike","Immolate","Pommel Strike","Bludgeon","Intimidate+1","Armaments","Ghostly Armor","Heavy Blade","Reaper"],"relics":["Burning Blood","Strawberry","Potion Belt","Mark of Pain","Nloth\u0027s Gift","PreservedInsect"],"potions_floor_usage":[5,7,16,16,16,22],"damage_taken":[{"damage":0,"enemies":"2 Louse","floor":1,"turns":1},{"damage":0,"enemies":"Cultist","floor":2,"turns":1},{"damage":0,"enemies":"Jaw Worm","floor":5,"turns":1},{"damage":0,"enemies":"Gremlin Gang","floor":7,"turns":1},{"damage":40,"enemies":"Lagavulin","floor":10,"turns":6},{"damage":18,"enemies":"Large Slime","floor":11,"turns":8},{"damage":20,"enemies":"Exordium Thugs","floor":12,"turns":6},{"damage":0,"enemies":"2 Fungi Beasts","floor":14,"turns":2},{"damage":16,"enemies":"The Guardian","floor":16,"turns":11},{"damage":20,"enemies":"Spheric Guardian","floor":18,"turns":4},{"damage":31,"enemies":"3 Byrds","floor":19,"turns":6},{"damage":18,"enemies":"Snake Plant","floor":21,"turns":3},{"damage":15,"enemies":"Snecko","floor":22,"turns":4},{"damage":11,"enemies":"Centurion and Healer","floor":24,"turns":7},{"damage":21,"enemies":"Snake Plant","floor":27,"turns":3},{"damage":35,"enemies":"Chosen and Byrds","floor":29,"turns":6},{"damage":55,"enemies":"Gremlin Leader","floor":31,"turns":4}],"seed_played":"-8884519243281748556","potions_obtained":[{"floor":2,"key":"Block Potion"},{"floor":4,"key":"AttackPotion"},{"floor":5,"key":"Fruit Juice"},{"floor":7,"key":"Explosive Potion"},{"floor":11,"key":"Weak Potion"},{"floor":14,"key":"Strength Potion"},{"floor":18,"key":"Weak Potion"},{"floor":19,"key":"Dexterity Potion"},{"floor":27,"key":"SpeedPotion"}],"is_trial":false,"path_per_floor":["M","M","?","?","M","R","M","?","T","E","M","M","$","M","R","B",null,"M","M","$","M","M","R","M","?","T","M","R","M","R","E"],"character_chosen":"IRONCLAD","items_purchased":["Immolate"],"campfire_rested":3,"item_purchase_floors":[13],"current_hp_per_floor":[74,75,75,75,80,80,80,80,87,53,41,27,27,33,33,23,71,57,32,32,20,11,37,32,32,32,17,43,26,52,0],"gold":118,"neow_bonus":"THREE_ENEMY_KILL","is_prod":false,"is_daily":false,"chose_seed":false,"campfire_upgraded":2,"win_rate":0,"timestamp":1544780927,"path_taken":["M","M","?","?","?","R","M","?","T","E","?","M","$","M","R","BOSS","M","M","$","M","?","R","M","?","T","?","R","M","R","E"],"build_version":"2018-12-13","purchased_purges":2,"victory":false,"max_hp_per_floor":[75,75,75,75,80,80,80,80,87,87,87,87,87,87,87,87,87,87,87,87,87,87,87,87,87,87,87,87,87,87,87],"card_choices":[{"not_picked":["Flex","Twin Strike"],"picked":"Ghostly Armor","floor":1},{"not_picked":["Cleave","Flex"],"picked":"Uppercut","floor":2},{"not_picked":["Clash","Warcry"],"picked":"Inflame","floor":5},{"not_picked":["Inflame","Entrench"],"picked":"Feel No Pain","floor":7},{"not_picked":["Whirlwind","Fire Breathing"],"picked":"Inflame","floor":10},{"not_picked":["Feel No Pain","Clash","Second Wind"],"picked":"SKIP","floor":11},{"not_picked":["Burning Pact","Rage"],"picked":"Pommel Strike","floor":12},{"not_picked":["Blood for Blood","Whirlwind"],"picked":"Pommel Strike","floor":14},{"not_picked":["Brutality","Exhume"],"picked":"Bludgeon","floor":16},{"not_picked":["Clothesline+1","Reckless Charge"],"picked":"Intimidate+1","floor":18},{"not_picked":["Searing Blow","Body Slam","Infernal Blade"],"picked":"SKIP","floor":19},{"not_picked":["Pummel+1","Anger"],"picked":"Armaments","floor":21},{"not_picked":["Perfected Strike","Clothesline"],"picked":"Ghostly Armor","floor":22},{"not_picked":["Bloodletting","Perfected Strike"],"picked":"Heavy Blade","floor":24},{"not_picked":["Inflame","Heavy Blade+1"],"picked":"Reaper","floor":27},{"not_picked":["Rupture","Wild Strike","Heavy Blade"],"picked":"SKIP","floor":29}],"player_experience":970255,"relics_obtained":[{"floor":9,"key":"Strawberry"},{"floor":10,"key":"Potion Belt"},{"floor":26,"key":"PreservedInsect"}],"event_choices":[{"damage_healed":0,"gold_gain":0,"player_choice":"Ignored","damage_taken":0,"max_hp_gain":0,"max_hp_loss":0,"event_name":"Liars Game","floor":3,"gold_loss":0},{"damage_healed":0,"gold_gain":0,"player_choice":"Got Potions","damage_taken":0,"max_hp_gain":0,"max_hp_loss":0,"event_name":"Lab","floor":4,"gold_loss":0},{"cards_removed":["Strike_R"],"damage_healed":0,"gold_gain":0,"player_choice":"Offered Basic","damage_taken":0,"max_hp_gain":0,"max_hp_loss":0,"event_name":"Bonfire Elementals","floor":8,"gold_loss":0},{"damage_healed":0,"gold_gain":0,"player_choice":"Traded Relic","damage_taken":0,"relics_obtained":["Nloth\u0027s Gift"],"max_hp_gain":0,"max_hp_loss":0,"event_name":"N\u0027loth","floor":25,"relics_lost":["NeowsBlessing"],"gold_loss":0}],"is_beta":true,"boss_relics":[{"not_picked":["Coffee Dripper","Astrolabe"],"picked":"Mark of Pain"}],"items_purged_floors":[13,20],"is_endless":false,"potions_floor_spawned":[2,5,7,11,14,18,19,27],"killed_by":"Gremlin Leader","ascension_level":20}