{"path_per_floor":["M","?","$","?","?","R","E","R","T","R","M","M","E","M","R","B",null,"M","$","M","M","?","R","E","R","T","E","?"],"character_chosen":"IRONCLAD","items_purchased":["Fire Breathing","Jack Of All Trades"],"gold_per_floor":[115,115,5,5,5,5,38,38,38,38,52,64,93,107,107,212,212,228,29,44,63,163,163,193,193,193,219,169],"floor_reached":29,"campfire_rested":2,"playtime":1156,"current_hp_per_floor":[80,80,80,80,62,62,57,57,57,57,62,64,43,51,75,74,80,78,78,80,71,71,71,32,56,56,7,7],"items_purged":["Regret","Strike_R"],"gold":169,"score":282,"play_id":"1b8467bc-371b-4626-bc02-b535438134c3","local_time":"20180313165748","is_prod":false,"is_daily":false,"is_ascension_mode":true,"campfire_upgraded":4,"timestamp":1520924268,"path_taken":["M","?","$","?","?","R","E","R","T","R","M","?","E","M","R","BOSS","M","$","M","M","?","R","E","R","T","E","?","E"],"build_version":"2018-03-09","purchased_purges":2,"victory":false,"master_deck":["Strike_R","Strike_R","Strike_R","Defend_R","Defend_R","Defend_R","Defend_R","Bash+1","Brutality+1","Rupture+1","Fire Breathing+1","Fire Breathing+1","Shrug It Off","Twin Strike","Dark Embrace","Armaments","Jack Of All Trades","Sword Boomerang+1","Bloodletting","Exhume"],"max_hp_per_floor":[80,80,80,80,80,80,80,80,80,80,80,80,80,80,80,80,80,80,80,80,80,80,80,80,80,80,80,80],"relics":["Burning Blood","Bronze Scales","Orichalcum","Mercury Hourglass","Gambling Chip","Bird Faced Urn","Black Star","Bottled Lightning","Dodecahedron","Happy Flower","Paper Frog","Bottled Flame"],"card_choices":[{"not_picked":["Anger","Havoc"],"picked":"Rupture"},{"not_picked":["Body Slam","Evolve"],"picked":"Fire Breathing"},{"not_picked":["Clothesline","Anger"],"picked":"Shrug It Off"},{"not_picked":["Exhume","Sword Boomerang"],"picked":"Twin Strike"},{"not_picked":["Fiend Fire","Impervious"],"picked":"Dark Embrace"},{"not_picked":["Heavy Blade","Searing Blow"],"picked":"Armaments"},{"not_picked":["Searing Blow","Headbutt"],"picked":"Sword Boomerang"},{"not_picked":["Wild Strike","Anger"],"picked":"Bloodletting"},{"not_picked":["Rampage","Metallicize"],"picked":"Exhume"}],"player_experience":259826,"potions_floor_usage":[24,27,29],"damage_taken":[{"damage":4.0,"enemies":"Small Slimes","floor":1.0,"turns":5.0},{"damage":11.0,"enemies":"Gremlin Nob","floor":7.0,"turns":4.0},{"damage":1.0,"enemies":"Cultist","floor":11.0,"turns":2.0},{"damage":4.0,"enemies":"2 Louse","floor":12.0,"turns":2.0},{"damage":27.0,"enemies":"Lagavulin","floor":13.0,"turns":6.0},{"damage":4.0,"enemies":"2 Fungi Beasts","floor":14.0,"turns":2.0},{"damage":14.0,"enemies":"Slime Boss","floor":16.0,"turns":7.0},{"damage":8.0,"enemies":"3 Byrds","floor":18.0,"turns":2.0},{"damage":5.0,"enemies":"Chosen","floor":20.0,"turns":6.0},{"damage":19.0,"enemies":"Snecko","floor":21.0,"turns":5.0},{"damage":55,"enemies":"Slavers","floor":24,"turns":4},{"damage":65,"enemies":"Gremlin Leader","floor":27,"turns":5},{"damage":16,"enemies":"Book of Stabbing","floor":29,"turns":1}],"event_choices":[{"event_name":"Big Fish","player_choice":"Box","floor":2.0,"damage_taken":0.0},{"event_name":"Upgrade Shrine","player_choice":"Upgraded","floor":4.0,"damage_taken":0.0},{"event_name":"Scrap Ooze","player_choice":"success","floor":5.0,"damage_taken":18.0},{"event_name":"Golden Shrine","player_choice":"Pray","floor":22,"damage_taken":0},{"event_name":"The Joust","player_choice":"Bet on Owner","floor":28,"damage_taken":0}],"boss_relics":[],"potions_floor_spawned":[11,14,16,21,27],"seed_played":"981293191833553410","killed_by":"Book of Stabbing","ascension_level":1,"is_trial":false}