{"path_per_floor":["M","?","?","M","M","R","E","R","T","R","E","M","M","E","R","B",null,"M","?","?","?","M","R","E","M","T","E","R","M","E","?","R"],"character_chosen":"THE_SILENT","items_purchased":[],"gold_per_floor":[109,109,109,121,131,131,158,158,183,183,215,228,241,270,270,367,367,381,381,381,381,396,396,431,447,474,507,507,523,558,458,458,458],"floor_reached":33,"campfire_rested":1,"playtime":1993,"current_hp_per_floor":[67,72,72,70,70,70,51,51,51,51,41,39,39,35,35,50,75,72,72,56,52,52,52,42,27,27,17,49,50,38,38,38,0],"items_purged":[],"gold":458,"score":474,"play_id":"bd5eb7b1-5df4-4d0d-9141-24282d45fe70","local_time":"20180411225110","is_prod":false,"is_daily":false,"is_ascension_mode":true,"campfire_upgraded":6,"timestamp":1523505070,"path_taken":["M","?","?","M","?","R","E","R","T","R","E","M","M","E","R","BOSS","M","?","?","?","M","R","E","?","T","E","R","?","E","?","R","BOSS"],"build_version":"2018-04-05v2","purchased_purges":0,"victory":false,"master_deck":["Defend_G+1","Defend_G+1","Survivor","Neutralize","Cloak And Dagger+1","Malaise+1","Accuracy+1","Terror+1","Infinite Blades+1","Flying Knee","Calculated Gamble","Storm of Steel+1","Calculated Gamble+1","Slice+1","Deflect+1","Cloak And Dagger","Writhe","Bite","Bite","Bite","Bite","Bite","Caltrops+1","Outmaneuver+1","Cloak And Dagger","J.A.X."],"max_hp_per_floor":[70,75,75,75,75,75,75,75,75,75,75,75,75,75,75,75,75,75,75,75,52,52,52,52,52,52,59,59,59,59,59,59,59],"relics":["Ring of the Snake","War Paint","Orichalcum","Regal Pillow","Ninja Scroll","Ice Cream","Astrolabe","Toolbox","Nilry\u0027s Codex","Gremlin Horn","Snake Skull","Strawberry","Bird Faced Urn"],"card_choices":[{"not_picked":["Well Laid Plans","Sucker Punch"],"picked":"Cloak And Dagger","floor":1},{"not_picked":["PiercingWail","Flying Knee"],"picked":"Malaise","floor":4},{"not_picked":["Flying Knee","Deadly Poison"],"picked":"Accuracy","floor":5},{"not_picked":["Catalyst","Slice"],"picked":"Terror","floor":7},{"not_picked":["Heel Hook","Footwork"],"picked":"Infinite Blades","floor":11},{"not_picked":["Noxious Fumes","Deadly Poison"],"picked":"Flying Knee","floor":13},{"not_picked":["Deadly Poison","Slice"],"picked":"Calculated Gamble","floor":14},{"not_picked":["Unload","Tools of the Trade"],"picked":"Storm of Steel","floor":16},{"not_picked":["Dodge and Roll","All Out Attack"],"picked":"Cloak And Dagger","floor":18},{"not_picked":["Calculated Gamble","Distraction"],"picked":"Caltrops","floor":24},{"not_picked":["Acrobatics","Backstab"],"picked":"Outmaneuver","floor":29},{"not_picked":["Prepared","Outmaneuver"],"picked":"Cloak And Dagger","floor":30}],"player_experience":156413,"potions_floor_usage":[16,22,30,33,33,33],"damage_taken":[{"damage":3,"enemies":"Small Slimes","floor":1,"turns":4},{"damage":2,"enemies":"Jaw Worm","floor":4,"turns":3},{"damage":0,"enemies":"2 Louse","floor":5,"turns":3},{"damage":19,"enemies":"3 Sentries","floor":7,"turns":14},{"damage":10,"enemies":"Gremlin Nob","floor":11,"turns":5},{"damage":2,"enemies":"Lots of Slimes","floor":12,"turns":4},{"damage":0,"enemies":"3 Louse","floor":13,"turns":2},{"damage":4,"enemies":"3 Sentries","floor":14,"turns":6},{"damage":0,"enemies":"Hexaghost","floor":16,"turns":8},{"damage":3,"enemies":"Chosen","floor":18,"turns":3},{"damage":0,"enemies":"3 Byrds","floor":22,"turns":4},{"damage":12,"enemies":"Book of Stabbing","floor":24,"turns":4},{"damage":23,"enemies":"Sentry and Sphere","floor":25,"turns":4},{"damage":27,"enemies":"Gremlin Leader","floor":27,"turns":5},{"damage":9,"enemies":"Centurion and Healer","floor":29,"turns":5},{"damage":22,"enemies":"Slavers","floor":30,"turns":7},{"damage":65,"enemies":"Automaton","floor":33,"turns":6}],"event_choices":[{"event_name":"Big Fish","player_choice":"Donut","floor":2,"damage_taken":0},{"event_name":"Accursed Blacksmith","player_choice":"Rummage","floor":3,"damage_taken":0},{"event_name":"The Mausoleum","player_choice":"Yes","floor":19,"damage_taken":0},{"event_name":"Cursed Tome","player_choice":"Obtained Book","floor":20,"damage_taken":0},{"event_name":"Vampires","player_choice":"Became a vampire","floor":21,"damage_taken":0},{"event_name":"Drug Dealer","player_choice":"Got JAXXED","floor":31,"damage_taken":0}],"boss_relics":[{"not_picked":["Calling Bell","Pandora\u0027s Box"],"picked":"Astrolabe"}],"potions_floor_spawned":[1,11,14,16,24,25,27,30],"seed_played":"-582088772610170215","killed_by":"Automaton","ascension_level":4,"is_trial":false}