{"gold_per_floor":[119,119,119,45,61,90,90,121,121,46,71,71,97,110,110,212,212,226,141,141,141,141,175,23,23,47,47,65,80,80,109,109,212,212,226,242,255,265,365,395,407,445,457,502,118,130,148,160,160,160],"floor_reached":51,"playtime":2820,"items_purged":["Strike_B","Strike_B+1"],"score":957,"play_id":"51cf377c-3351-4157-8db1-b5cf656a6a92","local_time":"20190102083407","is_ascension_mode":true,"campfire_choices":[{"data":"Darkness","floor":7,"key":"SMITH"},{"data":"Hologram","floor":12,"key":"SMITH"},{"data":"Go for the Eyes","floor":15,"key":"SMITH"},{"data":"Machine Learning","floor":25,"key":"SMITH"},{"data":"Electrodynamics","floor":27,"key":"SMITH"},{"floor":32,"key":"REST"},{"data":"Fission","floor":49,"key":"SMITH"}],"neow_cost":"NONE","seed_source_timestamp":214410405852,"circlet_count":0,"master_deck":["Defend_B","Defend_B+1","Defend_B","Defend_B","Zap+1","Dualcast+1","Hologram+1","Darkness+1","Go for the Eyes+1","Undo","Electrodynamics+1","Ball Lightning+1","Machine Learning+1","Coolheaded+1","Chill+1","Hologram+1","Go for the Eyes+1","Fission+1","Chill+1","Cold Snap+1","Blizzard+1","Storm+1","Defragment","Storm"],"relics":["Cracked Core","PreservedInsect","Pear","Potion Belt","Juzu Bracelet","War Paint","Omamori","Black Star","StoneCalendar","Boot","Centennial Puzzle","Vajra","Bronze Scales","Art of War","Bag of Marbles","Regal Pillow","Inserter","Bird Faced Urn","MawBank","Pen Nib","Orichalcum","Whetstone","Happy Flower","Dream Catcher","Oddly Smooth Stone","FossilizedHelix"],"potions_floor_usage":[6,18,23,36,44,44,50,50,50,50],"damage_taken":[{"damage":1,"enemies":"Jaw Worm","floor":1,"turns":3},{"damage":12,"enemies":"Small Slimes","floor":5,"turns":3},{"damage":3,"enemies":"Lagavulin","floor":6,"turns":5},{"damage":15,"enemies":"3 Sentries","floor":8,"turns":5},{"damage":4,"enemies":"Gremlin Nob","floor":13,"turns":3},{"damage":4,"enemies":"Cultist","floor":14,"turns":3},{"damage":5,"enemies":"Hexaghost","floor":16,"turns":8},{"damage":10,"enemies":"2 Thieves","floor":18,"turns":3},{"damage":0,"enemies":"Gremlin Leader","floor":23,"turns":4},{"damage":0,"enemies":"Chosen","floor":28,"turns":3},{"damage":16,"enemies":"Centurion and Healer","floor":29,"turns":3},{"damage":6,"enemies":"Slavers","floor":31,"turns":3},{"damage":59,"enemies":"Champ","floor":33,"turns":10},{"damage":2,"enemies":"3 Darklings","floor":35,"turns":3},{"damage":0,"enemies":"Orb Walker","floor":36,"turns":4},{"damage":23,"enemies":"Maw","floor":37,"turns":7},{"damage":6,"enemies":"Sphere and 2 Shapes","floor":38,"turns":4},{"damage":0,"enemies":"Mind Bloom Boss Battle","floor":39,"turns":4},{"damage":0,"enemies":"Nemesis","floor":40,"turns":5},{"damage":0,"enemies":"Reptomancer","floor":42,"turns":4},{"damage":15,"enemies":"Nemesis","floor":44,"turns":5},{"damage":0,"enemies":"4 Shapes","floor":46,"turns":2},{"damage":0,"enemies":"Spire Growth","floor":47,"turns":4},{"damage":1,"enemies":"Transient","floor":48,"turns":5},{"damage":90,"enemies":"Time Eater","floor":50,"turns":11}],"seed_played":"7300719689014192310","potions_obtained":[{"floor":5,"key":"Energy Potion"},{"floor":6,"key":"Block Potion"},{"floor":8,"key":"Explosive Potion"},{"floor":31,"key":"Fire Potion"},{"floor":33,"key":"Block Potion"},{"floor":35,"key":"Explosive Potion"},{"floor":37,"key":"Block Potion"},{"floor":39,"key":"LiquidBronze"},{"floor":44,"key":"SkillPotion"},{"floor":46,"key":"AttackPotion"}],"is_trial":false,"path_per_floor":["M","?","?","$","M","E","R","E","T","$","T","R","E","M","R","B",null,"M","?","?","?","?","E","$","R","T","R","M","M","$","E","R","B",null,"M","M","M","M","?","E","?","E","T","E","$","M","M","M","R","B",null],"character_chosen":"DEFECT","items_purchased":["Darkness","Bronze Scales","FossilizedHelix"],"campfire_rested":1,"item_purchase_floors":[4,24,45],"current_hp_per_floor":[74,59,52,52,40,47,47,32,32,32,32,32,28,24,24,19,85,75,75,59,59,59,59,59,59,59,59,59,43,43,37,79,20,90,88,88,65,59,59,61,84,88,88,77,77,81,89,89,89,2],"gold":160,"neow_bonus":"RANDOM_COMMON_RELIC","is_prod":false,"is_daily":false,"chose_seed":false,"campfire_upgraded":6,"win_rate":0,"timestamp":1546378447,"path_taken":["M","?","?","?","M","E","R","E","T","$","?","R","E","M","R","BOSS","M","?","?","?","?","E","$","R","T","R","M","M","?","E","R","BOSS","M","M","M","M","?","E","?","E","T","E","$","M","M","M","R","BOSS"],"build_version":"2018-11-15","purchased_purges":2,"victory":true,"max_hp_per_floor":[75,75,75,75,75,85,85,85,85,85,85,85,85,85,85,85,85,85,85,90,90,90,90,90,90,90,90,90,90,90,90,90,90,90,90,90,90,90,90,90,90,90,90,90,90,90,90,90,90,90],"card_choices":[{"not_picked":["Skim","Scrape"],"picked":"Hologram","floor":1},{"not_picked":["Gash","Reprogram"],"picked":"Go for the Eyes","floor":5},{"not_picked":["Turbo","Go for the Eyes"],"picked":"Undo","floor":6},{"not_picked":["Aggregate","Barrage"],"picked":"Electrodynamics","floor":8},{"not_picked":["Sweeping Beam","Scrape"],"picked":"Ball Lightning","floor":13},{"not_picked":["Redo","Rebound","Hologram"],"picked":"SKIP","floor":14},{"not_picked":["Biased Cognition","Meteor Strike"],"picked":"Machine Learning","floor":16},{"not_picked":["Ball Lightning","Static Discharge"],"picked":"Coolheaded+1","floor":18},{"not_picked":["Glacier","Cold Snap+1"],"picked":"Chill+1","floor":23},{"not_picked":["Steam Power","Cold Snap+1"],"picked":"Hologram+1","floor":28},{"not_picked":["Coolheaded+1","Conserve Battery"],"picked":"Go for the Eyes+1","floor":29},{"not_picked":["Turbo","BootSequence","Melter"],"picked":"SKIP","floor":31},{"not_picked":["Multi-Cast","Hyperbeam"],"picked":"Fission","floor":33},{"not_picked":["Turbo+1","Double Energy","Cold Snap+1"],"picked":"SKIP","floor":35},{"not_picked":["Reprogram","Redo"],"picked":"Chill+1","floor":36},{"not_picked":["Coolheaded","Beam Cell+1"],"picked":"Cold Snap+1","floor":37},{"not_picked":["Steam Power+1","Rebound","Doom and Gloom+1"],"picked":"SKIP","floor":38},{"not_picked":["Streamline+1","Self Repair"],"picked":"Blizzard+1","floor":39},{"not_picked":["Go for the Eyes+1","Chill+1","Static Discharge"],"picked":"SKIP","floor":40},{"not_picked":["Aggregate","Biased Cognition","Chaos"],"picked":"SKIP","floor":42},{"not_picked":["Hologram","Beam Cell"],"picked":"Storm+1","floor":44},{"not_picked":["Conserve Battery+1","Cold Snap+1"],"picked":"Defragment","floor":46},{"not_picked":["Cold Snap","Sweeping Beam","Turbo"],"picked":"SKIP","floor":47},{"not_picked":["Self Repair","Skim+1"],"picked":"Storm","floor":48}],"player_experience":969001,"relics_obtained":[{"floor":6,"key":"Pear"},{"floor":8,"key":"Potion Belt"},{"floor":9,"key":"Juzu Bracelet"},{"floor":11,"key":"War Paint"},{"floor":13,"key":"Omamori"},{"floor":23,"key":"Centennial Puzzle"},{"floor":23,"key":"Vajra"},{"floor":26,"key":"Art of War"},{"floor":31,"key":"Bag of Marbles"},{"floor":31,"key":"Regal Pillow"},{"floor":39,"key":"Bird Faced Urn"},{"floor":40,"key":"MawBank"},{"floor":40,"key":"Pen Nib"},{"floor":42,"key":"Orichalcum"},{"floor":42,"key":"Whetstone"},{"floor":43,"key":"Happy Flower"},{"floor":44,"key":"Dream Catcher"},{"floor":44,"key":"Oddly Smooth Stone"}],"event_choices":[{"damage_healed":0,"gold_gain":0,"player_choice":"Entered Light","damage_taken":15,"max_hp_gain":0,"max_hp_loss":0,"event_name":"Shining Light","floor":2,"gold_loss":0,"cards_upgraded":["Defend_B","Strike_B"]},{"cards_removed":["Strike_B"],"damage_healed":0,"gold_gain":0,"player_choice":"Card Removal","damage_taken":7,"max_hp_gain":0,"max_hp_loss":0,"event_name":"Golden Wing","floor":3,"gold_loss":0},{"damage_healed":0,"gold_gain":0,"player_choice":"Obtained Relic","damage_taken":0,"relics_obtained":["StoneCalendar"],"max_hp_gain":0,"max_hp_loss":0,"event_name":"Addict","floor":19,"gold_loss":85},{"damage_healed":0,"gold_gain":0,"player_choice":"Shed Blood","damage_taken":21,"max_hp_gain":5,"max_hp_loss":0,"event_name":"Forgotten Altar","floor":20,"gold_loss":0},{"cards_removed":["Strike_B"],"damage_healed":0,"gold_gain":0,"player_choice":"Elegance","damage_taken":0,"max_hp_gain":0,"max_hp_loss":0,"event_name":"Back to Basics","floor":21,"gold_loss":0},{"damage_healed":0,"gold_gain":0,"player_choice":"Opened","damage_taken":0,"relics_obtained":["Boot"],"max_hp_gain":0,"max_hp_loss":0,"event_name":"The Mausoleum","floor":22,"gold_loss":0},{"damage_healed":0,"gold_gain":0,"player_choice":"Fight","damage_taken":0,"max_hp_gain":0,"max_hp_loss":0,"event_name":"MindBloom","floor":39,"gold_loss":0},{"damage_healed":23,"gold_gain":0,"player_choice":"Writhe","damage_taken":0,"max_hp_gain":0,"max_hp_loss":0,"event_name":"Winding Halls","floor":41,"gold_loss":0,"cards_obtained":["Writhe"]}],"is_beta":true,"boss_relics":[{"not_picked":["Sozu","Runic Dome"],"picked":"Black Star"},{"not_picked":["FrozenCore","Empty Cage"],"picked":"Inserter"}],"items_purged_floors":[10,45],"is_endless":false,"potions_floor_spawned":[5,6,8,31,33,35,37,39,44,46],"ascension_level":1}