{"gold_per_floor":[369,369,385,385,47,47,81,81,155,55,70,85,95,95,95,214,214,230,155,188,182,182,182,203,237,319,319,362,376,392,407,407,536,536,552,33,51,51,75,75,99,99,99,123,49,73,73,94,94,94,94,94,13,51,51],"floor_reached":55,"playtime":2872,"items_purged":["Strike_R","Defend_R","Shame"],"score":945,"play_id":"f2280b8d-98f9-4f67-be06-d7809d1e9e51","local_time":"20190204223231","is_ascension_mode":true,"campfire_choices":[{"data":"Apotheosis","floor":6,"key":"SMITH"},{"data":"Bash","floor":8,"key":"SMITH"},{"data":"Dark Shackles","floor":15,"key":"SMITH"},{"floor":23,"key":"REST"},{"data":"Body Slam","floor":27,"key":"SMITH"},{"floor":32,"key":"REST"},{"data":"True Grit","floor":40,"key":"SMITH"},{"data":"Juggernaut","floor":42,"key":"SMITH"},{"floor":49,"key":"RECALL"},{"floor":52,"key":"REST"}],"neow_cost":"CURSE","seed_source_timestamp":120380899331947,"circlet_count":0,"master_deck":["Defend_R","Defend_R","Defend_R","Bash+1","Anger","Dark Shackles+1","Apotheosis+1","Evolve","Shrug It Off","True Grit+1","Offering","Metallicize","Demon Form","Body Slam+1","Cleave+1","Necronomicurse","Metallicize","Juggernaut+1","Barricade+1","Whirlwind+1","Flex+1","Ghostly Armor+1","Flame Barrier","Ghostly Armor+1","Dark Shackles"],"relics":["Burning Blood","Bird Faced Urn","Mercury Hourglass","Golden Idol","Cursed Key","Red Mask","Necronomicon","Potion Belt","Pantograph","Dream Catcher","Astrolabe","Omamori","Vajra","Torii"],"potions_floor_usage":[16,16,18,20,24,28,28,37,37,39,48,50,54,54],"damage_taken":[{"damage":5,"enemies":"Small Slimes","floor":1,"turns":3},{"damage":4,"enemies":"Jaw Worm","floor":3,"turns":3},{"damage":4,"enemies":"Lagavulin","floor":7,"turns":5},{"damage":0,"enemies":"Cultist","floor":11,"turns":3},{"damage":1,"enemies":"Lots of Slimes","floor":12,"turns":3},{"damage":6,"enemies":"2 Fungi Beasts","floor":13,"turns":3},{"damage":6,"enemies":"Slime Boss","floor":16,"turns":6},{"damage":18,"enemies":"3 Byrds","floor":18,"turns":7},{"damage":6,"enemies":"Masked Bandits","floor":20,"turns":2},{"damage":24,"enemies":"2 Thieves","floor":21,"turns":4},{"damage":15,"enemies":"Snecko","floor":24,"turns":5},{"damage":12,"enemies":"Book of Stabbing","floor":25,"turns":4},{"damage":42,"enemies":"Slavers","floor":28,"turns":5},{"damage":6,"enemies":"Centurion and Healer","floor":29,"turns":6},{"damage":38,"enemies":"Snake Plant","floor":30,"turns":4},{"damage":11,"enemies":"3 Cultists","floor":31,"turns":5},{"damage":19,"enemies":"Champ","floor":33,"turns":9},{"damage":19,"enemies":"3 Shapes","floor":35,"turns":4},{"damage":12,"enemies":"Orb Walker","floor":37,"turns":5},{"damage":14,"enemies":"Sphere and 2 Shapes","floor":39,"turns":5},{"damage":33,"enemies":"3 Darklings","floor":41,"turns":4},{"damage":14,"enemies":"4 Shapes","floor":44,"turns":8},{"damage":22,"enemies":"Maw","floor":46,"turns":6},{"damage":27,"enemies":"Transient","floor":48,"turns":5},{"damage":78,"enemies":"Donu and Deca","floor":50,"turns":9},{"damage":98,"enemies":"Shield and Spear","floor":54,"turns":11},{"damage":44,"enemies":"The Heart","floor":55,"turns":3}],"seed_played":"3203590999957776721","potions_obtained":[{"floor":7,"key":"Weak Potion"},{"floor":11,"key":"Poison Potion"},{"floor":13,"key":"AttackPotion"},{"floor":16,"key":"BloodPotion"},{"floor":18,"key":"Explosive Potion"},{"floor":20,"key":"SneckoOil"},{"floor":24,"key":"Fire Potion"},{"floor":33,"key":"SpeedPotion"},{"floor":35,"key":"SkillPotion"},{"floor":37,"key":"Regen Potion"},{"floor":44,"key":"Regen Potion"},{"floor":46,"key":"Energy Potion"}],"is_trial":false,"path_per_floor":["M","?","M","?","$","R","E","R","T","$","M","M","M","?","R","B",null,"M","?","?","M","?","R","M","E","T","R","E","M","M","M","R","B",null,"M","$","M","?","M","R","M","R","T","M","$","M","?","M","R","B",null,"R","$","E","B"],"character_chosen":"IRONCLAD","items_purchased":["Apotheosis","Evolve","Omamori","Vajra","Swift Potion","Explosive Potion","Flame Barrier","Dark Shackles"],"campfire_rested":3,"item_purchase_floors":[5,5,36,36,36,36,45,53],"current_hp_per_floor":[80,80,80,80,80,80,80,80,80,80,80,80,80,60,60,64,76,68,68,70,56,40,64,61,61,61,61,43,53,31,32,56,75,79,67,67,69,69,73,73,56,56,56,58,58,54,54,43,43,23,66,80,80,11,0],"gold":51,"neow_bonus":"TWO_FIFTY_GOLD","is_prod":false,"is_daily":false,"chose_seed":false,"campfire_upgraded":6,"win_rate":0,"timestamp":1549287151,"path_taken":["M","?","M","?","$","R","E","R","T","$","M","?","?","?","R","BOSS","M","?","?","M","?","R","M","E","T","R","E","M","M","M","R","BOSS","M","$","M","?","M","R","M","R","T","M","?","M","?","M","R","BOSS","R","$","E","BOSS"],"build_version":"2019-01-23","purchased_purges":3,"victory":false,"max_hp_per_floor":[80,80,80,80,80,80,80,80,80,80,80,80,80,80,80,80,80,80,80,80,80,80,80,80,80,80,80,80,80,80,80,80,80,80,80,80,80,80,80,80,80,80,80,80,80,80,80,80,80,80,80,80,80,80,80],"card_choices":[{"not_picked":["Havoc","Flex"],"picked":"Anger","floor":1},{"not_picked":["Anger","Wild Strike","Searing Blow"],"picked":"SKIP","floor":3},{"not_picked":["Warcry","Pommel Strike"],"picked":"Shrug It Off","floor":7},{"not_picked":["Rampage","Warcry"],"picked":"True Grit","floor":11},{"not_picked":["Clothesline","Pommel Strike"],"picked":"Offering","floor":12},{"not_picked":["Rage","Cleave"],"picked":"Metallicize","floor":13},{"not_picked":["Fiend Fire","Double Tap"],"picked":"Demon Form","floor":16},{"not_picked":["Armaments","Havoc"],"picked":"Body Slam","floor":18},{"not_picked":["Pummel+1","Iron Wave+1"],"picked":"Cleave+1","floor":21},{"not_picked":["Fiend Fire","Second Wind"],"picked":"Metallicize","floor":24},{"not_picked":["Iron Wave+1","Burning Pact"],"picked":"Juggernaut","floor":25},{"not_picked":["Sentinel","Feed"],"picked":"Barricade","floor":28},{"not_picked":["Dropkick","Burning Pact","Warcry"],"picked":"SKIP","floor":29},{"not_picked":["Searing Blow+1","Warcry","Armaments"],"picked":"SKIP","floor":30},{"not_picked":["Perfected Strike","Warcry","Iron Wave"],"picked":"SKIP","floor":31},{"not_picked":["Perfected Strike+1","Havoc","Twin Strike"],"picked":"SKIP","floor":35},{"not_picked":["Thunderclap","Twin Strike","Warcry+1"],"picked":"SKIP","floor":37},{"not_picked":["Flex","Pommel Strike+1","Headbutt+1"],"picked":"SKIP","floor":39},{"not_picked":["Anger+1","Pommel Strike","Sentinel"],"picked":"SKIP","floor":41},{"not_picked":["Pommel Strike","Thunderclap+1","Reckless Charge+1"],"picked":"SKIP","floor":44},{"not_picked":["Fire Breathing","Barricade","Rupture+1"],"picked":"SKIP","floor":46},{"not_picked":["Clothesline","Pummel+1"],"picked":"Ghostly Armor+1","floor":48},{"not_picked":["Headbutt","Dropkick","Rampage"],"picked":"SKIP","floor":54}],"player_experience":800977,"relics_obtained":[{"floor":7,"key":"Bird Faced Urn"},{"floor":9,"key":"Mercury Hourglass"},{"floor":20,"key":"Red Mask"},{"floor":22,"key":"Necronomicon"},{"floor":25,"key":"Potion Belt"},{"floor":26,"key":"Pantograph"},{"floor":28,"key":"Dream Catcher"},{"floor":54,"key":"Torii"}],"event_choices":[{"cards_removed":["Writhe"],"damage_healed":0,"gold_gain":0,"player_choice":"Forget","damage_taken":0,"max_hp_gain":0,"max_hp_loss":0,"event_name":"Living Wall","floor":2,"gold_loss":0},{"damage_healed":0,"gold_gain":0,"player_choice":"1 cards matched","damage_taken":0,"max_hp_gain":0,"max_hp_loss":0,"event_name":"Match and Keep!","floor":4,"gold_loss":0,"cards_obtained":["Dark Shackles"]},{"damage_healed":0,"gold_gain":0,"player_choice":"Take Damage","damage_taken":20,"relics_obtained":["Golden Idol"],"max_hp_gain":0,"max_hp_loss":0,"event_name":"Golden Idol","floor":14,"gold_loss":0},{"cards_removed":["Strike_R"],"damage_healed":0,"gold_gain":0,"player_choice":"Gave Gold","damage_taken":0,"max_hp_gain":0,"max_hp_loss":0,"event_name":"Beggar","floor":19,"gold_loss":75},{"damage_healed":0,"gold_gain":0,"player_choice":"Fought Bandits","damage_taken":0,"max_hp_gain":0,"max_hp_loss":0,"event_name":"Masked Bandits","floor":20,"gold_loss":0},{"damage_healed":0,"gold_gain":0,"player_choice":"Obtained Book","damage_taken":16,"max_hp_gain":0,"max_hp_loss":0,"event_name":"Cursed Tome","floor":22,"gold_loss":0},{"damage_healed":0,"gold_gain":0,"player_choice":"Upgraded","damage_taken":0,"max_hp_gain":0,"max_hp_loss":0,"event_name":"Upgrade Shrine","floor":38,"gold_loss":0,"cards_upgraded":["Barricade"]},{"damage_healed":0,"gold_gain":0,"player_choice":"Ignored","damage_taken":0,"max_hp_gain":0,"max_hp_loss":0,"event_name":"Tomb of Lord Red Mask","floor":47,"gold_loss":0}],"is_beta":false,"boss_relics":[{"not_picked":["Philosopher\u0027s Stone","Runic Dome"],"picked":"Cursed Key"},{"not_picked":["Calling Bell","Velvet Choker"],"picked":"Astrolabe"}],"items_purged_floors":[5,10,36],"is_endless":false,"potions_floor_spawned":[7,11,13,16,18,20,24,33,35,37,44,46],"killed_by":"The Heart","ascension_level":5}