{"gold_per_floor":[111,121,80,96,96,96,131,131,131,144,161,181,196,219,219,314,314,327,327,213,228,244,244,279,297,366,366,366,466,466],"floor_reached":30,"playtime":14441,"items_purged":[],"score":252,"play_id":"162c410b-1978-4234-85f2-b82b491fd342","local_time":"20181123213151","is_ascension_mode":false,"campfire_choices":[{"data":"Caltrops","floor":6,"key":"SMITH"},{"data":"Blur","floor":8,"key":"SMITH"},{"floor":15,"key":"REST"},{"floor":23,"key":"REST"},{"floor":28,"key":"REST"}],"neow_cost":"NONE","seed_source_timestamp":160625886342836,"circlet_count":0,"master_deck":["Defend_G","Defend_G","Defend_G","Defend_G","Defend_G","Strike_G","Strike_G","Strike_G","Strike_G","Strike_G","Survivor","Neutralize","Deadly Poison","Masterful Stab","Caltrops+1","Dagger Throw","Blur+1","Dagger Spray","Deadly Poison","Blade Dance","Deflect","Backstab","Corpse Explosion","Bouncing Flask+1","Flying Knee","Dagger Spray+1","Dash+1","Dodge and Roll+1","Bane+1"],"relics":["Runic Dome","The Courier","Paper Crane","Odd Mushroom","Black Star","Ginger","Oddly Smooth Stone","Art of War","Orichalcum","Dodecahedron","FossilizedHelix","Gremlin Horn"],"potions_floor_usage":[29,29,30],"damage_taken":[{"damage":3,"enemies":"Jaw Worm","floor":1,"turns":4},{"damage":0,"enemies":"Small Slimes","floor":2,"turns":4},{"damage":2,"enemies":"2 Louse","floor":4,"turns":3},{"damage":9,"enemies":"Gremlin Nob","floor":7,"turns":4},{"damage":8,"enemies":"2 Fungi Beasts","floor":10,"turns":3},{"damage":0,"enemies":"Looter","floor":11,"turns":3},{"damage":0,"enemies":"Large Slime","floor":12,"turns":5},{"damage":3,"enemies":"Gremlin Gang","floor":13,"turns":4},{"damage":12,"enemies":"The Mushroom Lair","floor":14,"turns":3},{"damage":35,"enemies":"The Guardian","floor":16,"turns":9},{"damage":7,"enemies":"Chosen","floor":18,"turns":4},{"damage":3,"enemies":"Shell Parasite","floor":21,"turns":4},{"damage":12,"enemies":"Snecko","floor":22,"turns":5},{"damage":29,"enemies":"Slavers","floor":24,"turns":3},{"damage":2,"enemies":"Centurion and Healer","floor":25,"turns":3},{"damage":9,"enemies":"Colosseum Slavers","floor":29,"turns":4},{"damage":55,"enemies":"Colosseum Nobs","floor":29,"turns":6},{"damage":13,"enemies":"Shelled Parasite and Fungi","floor":30,"turns":5}],"seed_played":"3520330005933486073","potions_obtained":[{"floor":2,"key":"GamblersBrew"},{"floor":7,"key":"SkillPotion"},{"floor":11,"key":"LiquidBronze"},{"floor":13,"key":"Regen Potion"},{"floor":24,"key":"Fire Potion"},{"floor":29,"key":"SpeedPotion"}],"is_trial":false,"path_per_floor":["M","M","$","M","?","R","E","R","T","M","M","M","M","?","R","B",null,"M","?","$","M","M","R","E","M","T","?","R","?","M"],"character_chosen":"THE_SILENT","items_purchased":["Caltrops","Oddly Smooth Stone"],"campfire_rested":3,"item_purchase_floors":[3,20],"current_hp_per_floor":[67,67,67,65,65,65,56,56,56,48,48,48,45,33,54,19,70,63,63,63,60,48,69,40,38,38,38,59,10,0],"gold":466,"neow_bonus":"BOSS_RELIC","is_prod":false,"is_daily":false,"chose_seed":false,"campfire_upgraded":2,"win_rate":0.0,"timestamp":1543026711,"path_taken":["M","M","$","M","?","R","E","R","T","M","M","M","M","?","R","BOSS","M","?","$","M","M","R","E","M","T","?","R","?","M"],"build_version":"2018-11-15","purchased_purges":0,"victory":false,"max_hp_per_floor":[70,70,70,70,70,70,70,70,70,70,70,70,70,70,70,70,70,70,70,70,70,70,70,70,70,70,70,70,70,70],"card_choices":[{"not_picked":["Dagger Throw","Bane"],"picked":"Deadly Poison","floor":1},{"not_picked":["Heel Hook","Prepared"],"picked":"Masterful Stab","floor":2},{"not_picked":["Sucker Punch","Riddle With Holes"],"picked":"Dagger Throw","floor":4},{"not_picked":["Dagger Throw","Skewer"],"picked":"Blur","floor":7},{"not_picked":["Slice","Prepared"],"picked":"Dagger Spray","floor":10},{"not_picked":["Reflex","Bane"],"picked":"Deadly Poison","floor":11},{"not_picked":["Sucker Punch","Dagger Throw"],"picked":"Blade Dance","floor":12},{"not_picked":["Adrenaline","Prepared"],"picked":"Deflect","floor":13},{"not_picked":["Predator","Expertise"],"picked":"Backstab","floor":14},{"not_picked":["Venomology","After Image"],"picked":"Corpse Explosion","floor":16},{"not_picked":["Flying Knee","Underhanded Strike+1"],"picked":"Bouncing Flask+1","floor":18},{"not_picked":["PiercingWail+1","Sucker Punch"],"picked":"Flying Knee","floor":21},{"not_picked":["Cloak And Dagger","Quick Slash"],"picked":"Dagger Spray+1","floor":22},{"not_picked":["Deflect","Calculated Gamble+1"],"picked":"Dash+1","floor":24},{"not_picked":["Blur","Sucker Punch+1"],"picked":"Dodge and Roll+1","floor":25},{"not_picked":["Dodge and Roll","Bullet Time"],"picked":"Bane+1","floor":29}],"player_experience":48027,"relics_obtained":[{"floor":7,"key":"The Courier"},{"floor":9,"key":"Paper Crane"},{"floor":14,"key":"Odd Mushroom"},{"floor":24,"key":"Art of War"},{"floor":24,"key":"Orichalcum"},{"floor":26,"key":"Dodecahedron"},{"floor":29,"key":"FossilizedHelix"},{"floor":29,"key":"Gremlin Horn"}],"event_choices":[{"damage_healed":0,"gold_gain":0,"player_choice":"Leave","damage_taken":0,"max_hp_gain":0,"max_hp_loss":0,"event_name":"The Cleric","floor":5,"gold_loss":0},{"damage_healed":0,"gold_gain":0,"player_choice":"Fought Mushrooms","damage_taken":0,"max_hp_gain":0,"max_hp_loss":0,"event_name":"Mushrooms","floor":14,"gold_loss":0},{"damage_healed":0,"gold_gain":0,"player_choice":"Opened","damage_taken":0,"relics_obtained":["Ginger"],"max_hp_gain":0,"max_hp_loss":0,"event_name":"The Mausoleum","floor":19,"gold_loss":0},{"damage_healed":0,"gold_gain":0,"player_choice":"Ignored","damage_taken":0,"max_hp_gain":0,"max_hp_loss":0,"event_name":"Ghosts","floor":27,"gold_loss":0},{"damage_healed":0,"gold_gain":0,"player_choice":"Fight","damage_taken":0,"max_hp_gain":0,"max_hp_loss":0,"event_name":"Colosseum","floor":29,"gold_loss":0},{"damage_healed":0,"gold_gain":0,"player_choice":"Fought Nobs","damage_taken":0,"max_hp_gain":0,"max_hp_loss":0,"event_name":"Colosseum","floor":29,"gold_loss":0}],"is_beta":false,"boss_relics":[{"not_picked":["Tiny House","Snecko Eye"],"picked":"Black Star"}],"items_purged_floors":[],"is_endless":false,"potions_floor_spawned":[2,7,11,12,13,24,29,29],"killed_by":"Shelled Parasite and Fungi","ascension_level":0}