{"gold_per_floor":[110,125,125,143,157,157,174,202,251,328,339,339],"floor_reached":12,"playtime":639,"items_purged":[],"score":90,"play_id":"d02b39d3-3ab4-432e-a905-e5280ca0e3c8","local_time":"20181216233714","is_ascension_mode":true,"campfire_choices":[{"floor":6.0,"key":"RECALL"}],"neow_cost":"NONE","seed_source_timestamp":37281381449436,"circlet_count":0,"master_deck":["Defend_G","Defend_G","Defend_G","Defend_G","Defend_G","Strike_G","Strike_G","Strike_G","Strike_G","Strike_G","Survivor","Neutralize","Masterful Stab","Calculated Gamble","Enlightenment","All Out Attack","PiercingWail","Deflect","Poisoned Stab","Skewer"],"special_seed":0,"relics":["Ring of the Snake","Snake Skull","Juzu Bracelet"],"potions_floor_usage":[8,12],"damage_taken":[{"damage":0.0,"enemies":"2 Louse","floor":1.0,"turns":4.0},{"damage":0.0,"enemies":"Cultist","floor":2.0,"turns":4.0},{"damage":0.0,"enemies":"Jaw Worm","floor":4.0,"turns":3.0},{"damage":0.0,"enemies":"Gremlin Gang","floor":5.0,"turns":3.0},{"damage":0.0,"enemies":"Blue Slaver","floor":7.0,"turns":4.0},{"damage":45,"enemies":"Gremlin Nob","floor":8,"turns":6},{"damage":12,"enemies":"Exordium Thugs","floor":11,"turns":4},{"damage":35,"enemies":"Lagavulin","floor":12,"turns":6}],"seed_played":"-248867468708773593","potions_obtained":[{"floor":1.0,"key":"GamblersBrew"},{"floor":4.0,"key":"AttackPotion"},{"floor":8,"key":"AttackPotion"}],"is_trial":false,"path_per_floor":["M","M","?","M","M","R","M","E","T","?","M","E"],"character_chosen":"THE_SILENT","items_purchased":[],"campfire_rested":0,"item_purchase_floors":[],"current_hp_per_floor":[77,77,77,77,77,77,77,32,32,32,20,0],"gold":339,"neow_bonus":"TEN_PERCENT_HP_BONUS","is_prod":false,"is_daily":false,"chose_seed":false,"campfire_upgraded":0,"win_rate":0,"timestamp":1545021434,"path_taken":["M","M","?","M","M","R","M","E","T","?","M","E"],"build_version":"2018-12-13","purchased_purges":0,"victory":false,"max_hp_per_floor":[77,77,77,77,77,77,77,77,77,77,77,77],"card_choices":[{"not_picked":["Deadly Poison","Underhanded Strike"],"picked":"Masterful Stab","floor":1.0},{"not_picked":["Poisoned Stab","Sucker Punch"],"picked":"Calculated Gamble","floor":2.0},{"not_picked":["Flechettes","Blur"],"picked":"All Out Attack","floor":4.0},{"not_picked":["Underhanded Strike","Prepared"],"picked":"PiercingWail","floor":5.0},{"not_picked":["Tactician","Underhanded Strike"],"picked":"Deflect","floor":7.0},{"not_picked":["Bullet Time","Quick Slash"],"picked":"Poisoned Stab","floor":8},{"not_picked":["Underhanded Strike","Acrobatics"],"picked":"Skewer","floor":11}],"player_experience":206103,"relics_obtained":[{"floor":8,"key":"Snake Skull"},{"floor":9,"key":"Juzu Bracelet"}],"event_choices":[{"damage_healed":0.0,"max_hp_gain":0.0,"max_hp_loss":0.0,"gold_gain":0.0,"event_name":"Match and Keep!","player_choice":"1 cards matched","floor":3.0,"gold_loss":0.0,"damage_taken":0.0,"cards_obtained":["Enlightenment"]},{"damage_healed":0,"gold_gain":77,"player_choice":"Gained Gold","damage_taken":0,"max_hp_gain":0,"max_hp_loss":0,"event_name":"Golden Wing","floor":10,"gold_loss":0}],"is_beta":false,"boss_relics":[],"items_purged_floors":[],"is_endless":false,"potions_floor_spawned":[1,4,8],"killed_by":"Lagavulin","ascension_level":2}