{"gold_per_floor":[216,226,401,416,147,147,174,189,216,233,233,233,308,327,327,424,424,442,442,77,87,106,106,125,125,125,125,152,152,163,262,262,367,367,384,17,0,0,100,100,125,135,160,175,193,193,205,205,205,205],"floor_reached":50,"playtime":1925,"items_purged":["Doubt","Strike_R","Strike_R"],"score":734,"play_id":"53179c40-0605-4eaf-9222-47cfc2fffc40","local_time":"20190206221541","is_ascension_mode":true,"campfire_choices":[{"data":"Whirlwind","floor":6,"key":"SMITH"},{"data":"Rupture","floor":11,"key":"SMITH"},{"floor":15,"key":"REST"},{"data":"Apotheosis","floor":23,"key":"SMITH"},{"floor":25,"key":"REST"},{"data":"Limit Break","floor":27,"key":"SMITH"},{"floor":32,"key":"REST"},{"floor":40,"key":"REST"},{"floor":46,"key":"REST"},{"floor":49,"key":"RECALL"}],"neow_cost":"NONE","seed_source_timestamp":83377419068238,"circlet_count":0,"master_deck":["Strike_R","Defend_R","Defend_R","Defend_R","Defend_R","Bash","Shrug It Off","Flex","Whirlwind+1","Flame Barrier","Bloodletting","Rupture+1","Impervious","Seeing Red+1","Necronomicurse","Apotheosis+1","Carnage","Shrug It Off","Limit Break+1","Seeing Red+1","Metallicize","Flame Barrier+1"],"relics":["Burning Blood","Chemical X","Regal Pillow","Juzu Bracelet","PreservedInsect","Empty Cage","Necronomicon","Red Skull","Oddly Smooth Stone","Runic Dome","Singing Bowl","Red Mask","Letter Opener","Nunchaku","Kunai"],"potions_floor_usage":[7,24,33,47,50,50],"damage_taken":[{"damage":6,"enemies":"Cultist","floor":1,"turns":3},{"damage":2,"enemies":"2 Louse","floor":2,"turns":3},{"damage":5,"enemies":"Small Slimes","floor":4,"turns":5},{"damage":64,"enemies":"Lagavulin","floor":7,"turns":10},{"damage":11,"enemies":"Looter","floor":8,"turns":2},{"damage":0,"enemies":"2 Fungi Beasts","floor":10,"turns":1},{"damage":0,"enemies":"Exordium Thugs","floor":14,"turns":1},{"damage":6,"enemies":"Slime Boss","floor":16,"turns":6},{"damage":0,"enemies":"3 Byrds","floor":18,"turns":4},{"damage":27,"enemies":"Spheric Guardian","floor":21,"turns":6},{"damage":12,"enemies":"Snake Plant","floor":22,"turns":3},{"damage":17,"enemies":"Shelled Parasite and Fungi","floor":24,"turns":7},{"damage":0,"enemies":"Slavers","floor":28,"turns":1},{"damage":30,"enemies":"Cultist and Chosen","floor":30,"turns":7},{"damage":10,"enemies":"Automaton","floor":33,"turns":7},{"damage":37,"enemies":"3 Darklings","floor":35,"turns":4},{"damage":0,"enemies":"Mind Bloom Boss Battle","floor":39,"turns":4},{"damage":29,"enemies":"Nemesis","floor":41,"turns":7},{"damage":21,"enemies":"3 Shapes","floor":42,"turns":7},{"damage":23,"enemies":"3 Darklings","floor":44,"turns":3},{"damage":0,"enemies":"Sphere and 2 Shapes","floor":45,"turns":3},{"damage":50,"enemies":"4 Shapes","floor":47,"turns":8},{"damage":41,"enemies":"Donu and Deca","floor":50,"turns":4}],"seed_played":"161021226427685321","potions_obtained":[{"floor":4,"key":"Regen Potion"},{"floor":8,"key":"Weak Potion"},{"floor":22,"key":"PowerPotion"},{"floor":24,"key":"SpeedPotion"},{"floor":33,"key":"Strength Potion"},{"floor":35,"key":"Ancient Potion"},{"floor":44,"key":"Fire Potion"},{"floor":45,"key":"AttackPotion"}],"is_trial":false,"path_per_floor":["M","M","?","M","$","R","E","M","T","M","R","?","?","M","R","B",null,"M","?","$","M","M","R","M","R","T","R","E","?","M","?","R","B",null,"M","$","?","T","?","R","E","M","T","M","M","R","M","?","R","B"],"character_chosen":"IRONCLAD","items_purchased":["Chemical X","Apotheosis","Carnage","Singing Bowl"],"campfire_rested":5,"item_purchase_floors":[5,20,20,36],"current_hp_per_floor":[80,80,80,80,80,80,37,32,32,38,38,31,20,26,65,65,76,80,64,64,43,37,37,26,65,65,65,71,71,47,47,80,76,79,48,48,48,48,54,80,59,46,46,31,39,80,38,38,38,0],"gold":205,"neow_bonus":"HUNDRED_GOLD","is_prod":false,"is_daily":false,"chose_seed":false,"campfire_upgraded":4,"win_rate":0,"timestamp":1549458941,"path_taken":["M","?","?","M","$","R","E","M","T","M","R","?","?","M","R","BOSS","M","?","$","M","M","R","M","R","T","R","E","?","M","?","R","BOSS","M","$","?","?","?","R","E","M","T","M","M","R","M","?","R","BOSS"],"build_version":"2019-01-23","purchased_purges":3,"victory":false,"max_hp_per_floor":[80,80,80,80,80,80,80,80,80,80,80,80,80,80,80,80,80,80,80,80,80,80,80,80,80,80,80,80,80,80,80,80,80,80,80,80,80,80,80,80,82,84,84,86,88,88,90,90,90,90],"card_choices":[{"not_picked":["Havoc","Heavy Blade"],"picked":"Shrug It Off","floor":1},{"not_picked":["Perfected Strike","Rupture"],"picked":"Flex","floor":2},{"not_picked":["Headbutt","True Grit"],"picked":"Whirlwind","floor":4},{"not_picked":["Twin Strike","Pummel"],"picked":"Flame Barrier","floor":7},{"not_picked":["Cleave","Sever Soul"],"picked":"Bloodletting","floor":8},{"not_picked":["Second Wind","Sword Boomerang"],"picked":"Rupture","floor":10},{"not_picked":["Reckless Charge","Sentinel","Iron Wave"],"picked":"SKIP","floor":14},{"not_picked":["Juggernaut","Reaper"],"picked":"Impervious","floor":16},{"not_picked":["Clash","Thunderclap"],"picked":"Seeing Red+1","floor":18},{"not_picked":["Perfected Strike+1","Armaments+1"],"picked":"Shrug It Off","floor":21},{"not_picked":["Shrug It Off","Reckless Charge"],"picked":"Limit Break","floor":22},{"not_picked":["Carnage","Iron Wave"],"picked":"Seeing Red+1","floor":24},{"not_picked":["Flex+1","Infernal Blade"],"picked":"Metallicize","floor":28},{"not_picked":["Armaments","Anger","Rampage"],"picked":"SKIP","floor":30},{"not_picked":["Whirlwind","Power Through+1","Shrug It Off"],"picked":"SKIP","floor":35},{"not_picked":["Headbutt+1","Body Slam"],"picked":"Flame Barrier+1","floor":39},{"not_picked":["Clash+1","Thunderclap+1","Rage+1"],"picked":"Singing Bowl","floor":41},{"not_picked":["Flex","Twin Strike+1","Havoc"],"picked":"Singing Bowl","floor":42},{"not_picked":["Clothesline","Iron Wave","Pommel Strike+1"],"picked":"Singing Bowl","floor":44},{"not_picked":["Cleave+1","Corruption+1","Bludgeon"],"picked":"Singing Bowl","floor":45},{"not_picked":["Shrug It Off","Fire Breathing","Armaments+1"],"picked":"Singing Bowl","floor":47}],"player_experience":821291,"relics_obtained":[{"floor":7,"key":"Regal Pillow"},{"floor":9,"key":"Juzu Bracelet"},{"floor":19,"key":"Necronomicon"},{"floor":26,"key":"Red Skull"},{"floor":28,"key":"Oddly Smooth Stone"},{"floor":38,"key":"Letter Opener"},{"floor":39,"key":"Nunchaku"},{"floor":41,"key":"Kunai"}],"event_choices":[{"damage_healed":0,"gold_gain":175,"player_choice":"AGREE","damage_taken":0,"max_hp_gain":0,"max_hp_loss":0,"event_name":"Liars Game","floor":3,"gold_loss":0,"cards_obtained":["Doubt"]},{"damage_healed":0,"gold_gain":0,"player_choice":"Success","damage_taken":7,"relics_obtained":["PreservedInsect"],"max_hp_gain":0,"max_hp_loss":0,"event_name":"Scrap Ooze","floor":12,"gold_loss":0},{"damage_healed":0,"gold_gain":75,"player_choice":"Gather Gold","damage_taken":11,"max_hp_gain":0,"max_hp_loss":0,"event_name":"World of Goop","floor":13,"gold_loss":0},{"damage_healed":0,"gold_gain":0,"player_choice":"Obtained Book","damage_taken":16,"max_hp_gain":0,"max_hp_loss":0,"event_name":"Cursed Tome","floor":19,"gold_loss":0},{"damage_healed":0,"gold_gain":0,"player_choice":"Ignored","damage_taken":0,"max_hp_gain":0,"max_hp_loss":0,"event_name":"Ghosts","floor":29,"gold_loss":0},{"damage_healed":0,"gold_gain":99,"player_choice":"Stole From Cult","damage_taken":0,"max_hp_gain":0,"max_hp_loss":0,"event_name":"Nest","floor":31,"gold_loss":0},{"damage_healed":0,"gold_gain":0,"player_choice":"Paid","damage_taken":0,"relics_obtained":["Red Mask"],"max_hp_gain":0,"max_hp_loss":0,"event_name":"Tomb of Lord Red Mask","floor":37,"gold_loss":17},{"damage_healed":0,"gold_gain":0,"player_choice":"Fight","damage_taken":0,"max_hp_gain":0,"max_hp_loss":0,"event_name":"MindBloom","floor":39,"gold_loss":0},{"damage_healed":0,"gold_gain":0,"player_choice":"Ignored","damage_taken":0,"max_hp_gain":0,"max_hp_loss":0,"event_name":"Mysterious Sphere","floor":48,"gold_loss":0}],"is_beta":false,"boss_relics":[{"not_picked":["Calling Bell","Tiny House"],"picked":"Empty Cage"},{"not_picked":["Pandora\u0027s Box","White Beast Statue"],"picked":"Runic Dome"}],"items_purged_floors":[5,20,36],"is_endless":false,"potions_floor_spawned":[4,8,22,24,33,35,44,45],"killed_by":"Donu and Deca","ascension_level":5}