{"gold_per_floor":[114,129,129,141,141,141,155,155,155,155,165,165,165,183,183,259,259,279,293,145,157,157,157,228,228,255,255,265,265,165,177,177,249,249,267,284,294,304,304,304,329,204,274,287,300,300,137,153,153,153],"floor_reached":51,"playtime":3324,"items_purged":["Strike_R","Strike_R","Strike_R"],"score":1131,"play_id":"23c99e42-3933-4935-869d-3b6b988a2d95","local_time":"20181024163542","is_ascension_mode":true,"campfire_choices":[{"data":"Bash","floor":6.0,"key":"SMITH"},{"data":"Uppercut","floor":8.0,"key":"SMITH"},{"data":"Intimidate","floor":10.0,"key":"SMITH"},{"data":"Combust","floor":12.0,"key":"SMITH"},{"data":"Inflame","floor":15.0,"key":"SMITH"},{"data":"Bludgeon","floor":23.0,"key":"SMITH"},{"data":"Thunderclap","floor":25.0,"key":"SMITH"},{"data":"Impervious","floor":27.0,"key":"SMITH"},{"floor":32.0,"key":"REST"},{"data":"Flame Barrier","floor":40.0,"key":"SMITH"},{"floor":46.0,"key":"REST"},{"data":"Carnage","floor":49,"key":"SMITH"}],"neow_cost":"NONE","seed_source_timestamp":1285692567618250,"circlet_count":0,"master_deck":["Strike_R","Strike_R","Defend_R","Defend_R+1","Defend_R","Defend_R","Bash+1","AscendersBane","Feed","Dropkick","Warcry+1","Intimidate+1","Uppercut+1","Combust+1","Inflame+1","Bludgeon+1","Spot Weakness+1","Impervious+1","Thunderclap+1","Necronomicurse","Carnage+1","Flame Barrier+1","True Grit","Reaper","Impervious"],"special_seed":0,"relics":["Burning Blood","Darkstone Periapt","Runic Pyramid","Necronomicon","Meat on the Bone","Omamori","Sozu","War Paint","Letter Opener"],"potions_floor_usage":[50],"damage_taken":[{"damage":14.0,"enemies":"Jaw Worm","floor":1.0,"turns":3.0},{"damage":11.0,"enemies":"Cultist","floor":2.0,"turns":5.0},{"damage":3.0,"enemies":"Small Slimes","floor":4.0,"turns":3.0},{"damage":8.0,"enemies":"2 Fungi Beasts","floor":7.0,"turns":4.0},{"damage":13.0,"enemies":"3 Louse","floor":11.0,"turns":5.0},{"damage":9.0,"enemies":"Looter","floor":14.0,"turns":3.0},{"damage":41.0,"enemies":"Slime Boss","floor":16.0,"turns":7.0},{"damage":12.0,"enemies":"Spheric Guardian","floor":18.0,"turns":4.0},{"damage":22.0,"enemies":"3 Byrds","floor":19.0,"turns":5.0},{"damage":5.0,"enemies":"Centurion and Healer","floor":21.0,"turns":6.0},{"damage":24.0,"enemies":"Shelled Parasite and Fungi","floor":28.0,"turns":4.0},{"damage":8.0,"enemies":"Cultist and Chosen","floor":31.0,"turns":4.0},{"damage":38.0,"enemies":"Automaton","floor":33.0,"turns":6.0},{"damage":27.0,"enemies":"3 Darklings","floor":35.0,"turns":5.0},{"damage":11.0,"enemies":"Orb Walker","floor":36.0,"turns":2.0},{"damage":34.0,"enemies":"Sphere and 2 Shapes","floor":37.0,"turns":6.0},{"damage":21.0,"enemies":"4 Shapes","floor":38.0,"turns":7.0},{"damage":47.0,"enemies":"Giant Head","floor":41.0,"turns":6.0},{"damage":25.0,"enemies":"3 Darklings","floor":44.0,"turns":6.0},{"damage":8.0,"enemies":"Transient","floor":45.0,"turns":5.0},{"damage":18,"enemies":"Spire Growth","floor":48,"turns":6},{"damage":38,"enemies":"Time Eater","floor":50,"turns":10}],"seed_played":"-6909058282057817057","potions_obtained":[{"floor":1.0,"key":"Fruit Juice"},{"floor":5.0,"key":"Fruit Juice"},{"floor":5.0,"key":"Dexterity Potion"},{"floor":5.0,"key":"GamblersBrew"},{"floor":7.0,"key":"SpeedPotion"},{"floor":21.0,"key":"Dexterity Potion"},{"floor":33.0,"key":"Dexterity Potion"}],"is_trial":false,"path_per_floor":["M","M","?","M","?","R","M","R","T","R","M","R","?","M","R","B",null,"M","M","$","M","?","R","T","R","T","R","M","?","$","M","R","B",null,"M","M","M","M","?","R","E","$","T","M","M","R","$","M","R","B"],"character_chosen":"IRONCLAD","items_purchased":["Impervious","Impervious"],"campfire_rested":2,"item_purchase_floors":[20,47],"current_hp_per_floor":[63,61,53,59,69,69,70,70,70,70,66,66,66,66,66,34,88,82,69,69,73,63,63,63,63,63,63,60,35,35,48,86,66,113,95,93,80,80,80,80,51,51,51,47,57,100,100,100,100,90],"gold":153,"neow_bonus":"ONE_RANDOM_RARE_CARD","is_prod":false,"is_daily":false,"chose_seed":false,"campfire_upgraded":10,"win_rate":0,"timestamp":1540424142,"path_taken":["M","M","?","M","?","R","M","R","T","R","M","R","?","M","R","BOSS","M","M","$","M","?","R","?","R","T","R","?","?","$","M","R","BOSS","M","M","M","M","?","R","E","?","T","M","M","R","$","?","R","BOSS"],"build_version":"2018-10-18","purchased_purges":3,"victory":true,"max_hp_per_floor":[78,81,81,84,94,94,97,97,97,97,100,100,100,103,103,106,106,106,109,109,112,118,118,118,118,118,118,121,126,126,129,129,129,129,132,135,138,141,141,141,141,141,141,144,144,144,144,144,144,144],"card_choices":[{"not_picked":["Wild Strike","Clash"],"picked":"Dropkick","floor":1.0},{"not_picked":["Twin Strike","Seeing Red"],"picked":"Warcry","floor":2.0},{"not_picked":["Burning Pact","Pommel Strike"],"picked":"Intimidate","floor":4.0},{"not_picked":["Sword Boomerang","Anger"],"picked":"Uppercut","floor":7.0},{"not_picked":["Pummel","Wild Strike"],"picked":"Combust","floor":11.0},{"not_picked":["Wild Strike","Cleave"],"picked":"Inflame","floor":14.0},{"not_picked":["Double Tap","Fiend Fire"],"picked":"Bludgeon","floor":16.0},{"not_picked":["Intimidate","Flame Barrier"],"picked":"Spot Weakness+1","floor":18.0},{"not_picked":["Sword Boomerang","Second Wind","Havoc"],"picked":"SKIP","floor":19.0},{"not_picked":["Uppercut","Hemokinesis"],"picked":"Thunderclap","floor":21.0},{"not_picked":["Power Through","Heavy Blade"],"picked":"Carnage","floor":28.0},{"not_picked":["Wild Strike","Perfected Strike","Bloodletting"],"picked":"SKIP","floor":31.0},{"not_picked":["Twin Strike","Entrench","Pommel Strike"],"picked":"SKIP","floor":35.0},{"not_picked":["Iron Wave","Heavy Blade","Clash+1"],"picked":"SKIP","floor":36.0},{"not_picked":["Clash+1","Clothesline","Searing Blow"],"picked":"SKIP","floor":37.0},{"not_picked":["Rage","Inflame+1"],"picked":"Flame Barrier","floor":38.0},{"not_picked":["Wild Strike","Rage"],"picked":"True Grit","floor":41.0},{"not_picked":["Battle Trance","Wild Strike","Armaments"],"picked":"SKIP","floor":44.0},{"not_picked":["Havoc","Twin Strike"],"picked":"Reaper","floor":45.0},{"not_picked":["Sword Boomerang","Bloodletting","Body Slam"],"picked":"SKIP","floor":48}],"player_experience":1199823,"relics_obtained":[{"floor":9.0,"key":"Darkstone Periapt"},{"floor":22.0,"key":"Necronomicon"},{"floor":24.0,"key":"Meat on the Bone"},{"floor":26.0,"key":"Omamori"},{"floor":41.0,"key":"War Paint"},{"floor":43.0,"key":"Letter Opener"}],"event_choices":[{"damage_healed":0.0,"max_hp_gain":0.0,"max_hp_loss":0.0,"gold_gain":0.0,"event_name":"Wheel of Change","player_choice":"Damaged","floor":3.0,"gold_loss":0.0,"damage_taken":8.0},{"damage_healed":0.0,"max_hp_gain":0.0,"max_hp_loss":0.0,"gold_gain":0.0,"event_name":"The Lab","player_choice":"Got Potions","floor":5.0,"gold_loss":0.0,"damage_taken":0.0},{"damage_healed":0.0,"max_hp_gain":0.0,"max_hp_loss":0.0,"gold_gain":0.0,"event_name":"Shining Light","player_choice":"Ignored","floor":13.0,"gold_loss":0.0,"damage_taken":0.0},{"damage_healed":0.0,"max_hp_gain":0.0,"max_hp_loss":0.0,"gold_gain":0.0,"event_name":"Cursed Tome","player_choice":"Obtained Book","floor":22.0,"gold_loss":0.0,"damage_taken":16.0},{"damage_healed":0.0,"max_hp_gain":5.0,"max_hp_loss":0.0,"gold_gain":0.0,"event_name":"Forgotten Altar","player_choice":"Shed Blood","floor":29.0,"gold_loss":0.0,"damage_taken":30.0},{"damage_healed":0.0,"max_hp_gain":0.0,"max_hp_loss":0.0,"gold_gain":0.0,"event_name":"SensoryStone","player_choice":"Memory 1","floor":39.0,"gold_loss":0.0,"damage_taken":0.0}],"is_beta":false,"boss_relics":[{"not_picked":["Eternal Feather","Lizard Tail"],"picked":"Runic Pyramid"},{"not_picked":["Calling Bell","Velvet Choker"],"picked":"Sozu"}],"items_purged_floors":[20,30,42],"is_endless":false,"potions_floor_spawned":[1,7,21,31,33,36,38,44,45],"ascension_level":14}