{"gold_per_floor":[109,129,50,50,62,62,74,87,87,103,103,103,3,3,3,3],"floor_reached":16,"playtime":732,"items_purged":[],"score":184,"play_id":"e2d9cb77-bf91-4a62-ba89-43c581921bb8","local_time":"20190207075444","is_ascension_mode":true,"campfire_choices":[{"data":"Bash","floor":6,"key":"SMITH"},{"floor":12,"key":"REST"},{"floor":15,"key":"DIG"}],"neow_cost":"TEN_PERCENT_HP_LOSS","seed_source_timestamp":655089218561231,"circlet_count":0,"master_deck":["AscendersBane","Strike_R","Strike_R","Strike_R","Strike_R","Strike_R","Defend_R","Defend_R","Defend_R","Defend_R","Bash+1","Corruption","Pommel Strike","Inflame","Spot Weakness","Shrug It Off","Sword Boomerang","Headbutt+1","Feel No Pain","Iron Wave+1"],"relics":["Burning Blood","Turnip","WingedGreaves","Molten Egg 2","Vajra","Shovel","Bottled Flame"],"potions_floor_usage":[8,10],"damage_taken":[{"damage":5,"enemies":"Small Slimes","floor":1,"turns":3},{"damage":11,"enemies":"Jaw Worm","floor":2,"turns":4},{"damage":9,"enemies":"2 Louse","floor":5,"turns":3},{"damage":12,"enemies":"Looter","floor":7,"turns":3},{"damage":33,"enemies":"Large Slime","floor":8,"turns":7},{"damage":12,"enemies":"Gremlin Gang","floor":10,"turns":3},{"damage":31,"enemies":"The Guardian","floor":16,"turns":2}],"seed_played":"-4170712353107324837","potions_obtained":[{"floor":2,"key":"Swift Potion"},{"floor":7,"key":"SkillPotion"},{"floor":10,"key":"GamblersBrew"}],"is_trial":false,"path_per_floor":["M","M","$","?","M","R","M","M","T","M","T","R","$","T","R","B"],"character_chosen":"IRONCLAD","items_purchased":["Inflame","Feel No Pain","Iron Wave+1"],"campfire_rested":1,"item_purchase_floors":[3,13,13],"current_hp_per_floor":[68,63,63,52,49,49,43,16,16,10,10,30,30,30,30,0],"gold":3,"neow_bonus":"ONE_RARE_RELIC","is_prod":false,"is_daily":false,"chose_seed":false,"campfire_upgraded":1,"win_rate":0,"timestamp":1549554884,"path_taken":["M","M","$","?","M","R","M","M","T","M","?","R","?","?","R","BOSS"],"build_version":"2019-01-23","purchased_purges":0,"victory":false,"max_hp_per_floor":[68,68,68,68,68,68,68,68,68,68,68,68,68,68,68,68],"card_choices":[{"not_picked":["Anger","Headbutt"],"picked":"Corruption","floor":1},{"not_picked":["Twin Strike","Havoc"],"picked":"Pommel Strike","floor":2},{"not_picked":["Anger","Pummel"],"picked":"Spot Weakness","floor":5},{"not_picked":["Havoc","Dropkick"],"picked":"Shrug It Off","floor":7},{"not_picked":["Heavy Blade","Iron Wave"],"picked":"Sword Boomerang","floor":8},{"not_picked":["Body Slam+1","Anger+1"],"picked":"Headbutt+1","floor":10}],"player_experience":1835325,"relics_obtained":[{"floor":9,"key":"Molten Egg 2"},{"floor":11,"key":"Vajra"},{"floor":14,"key":"Shovel"},{"floor":15,"key":"Bottled Flame"}],"event_choices":[{"damage_healed":0,"gold_gain":0,"player_choice":"Success","damage_taken":11,"relics_obtained":["WingedGreaves"],"max_hp_gain":0,"max_hp_loss":0,"event_name":"Scrap Ooze","floor":4,"gold_loss":0}],"is_beta":false,"boss_relics":[],"items_purged_floors":[],"is_endless":false,"potions_floor_spawned":[2,7,10],"killed_by":"The Guardian","ascension_level":20}