{"gold_per_floor":[115,115,37,37,57,98,114,148,175,191,191,191,206,206,206,206],"floor_reached":16,"playtime":1124,"items_purged":[],"score":110,"play_id":"1cd7507d-8569-44eb-b61e-4850696dcdce","local_time":"20181122230717","is_ascension_mode":false,"campfire_choices":[{"floor":11,"key":"REST"},{"floor":15,"key":"REST"}],"neow_cost":"NONE","seed_source_timestamp":93303614619380,"circlet_count":0,"master_deck":["Defend_G","Defend_G","Defend_G","Defend_G","Defend_G","Strike_G","Strike_G","Strike_G","Strike_G","Strike_G","Survivor","Neutralize","Quick Slash","Catalyst","After Image","Endless Agony","Slice","Dodge and Roll","Parasite","Wraith Form v2","Doubt","Blade Dance","Regret"],"relics":["Cursed Key","Golden Idol","Orichalcum","Happy Flower","Pen Nib","Potion Belt","Bag of Preparation"],"potions_floor_usage":[16,16,16],"damage_taken":[{"damage":0,"enemies":"Cultist","floor":1,"turns":4},{"damage":0,"enemies":"2 Louse","floor":5,"turns":3},{"damage":8,"enemies":"Gremlin Nob","floor":6,"turns":5},{"damage":0,"enemies":"Jaw Worm","floor":7,"turns":5},{"damage":19,"enemies":"Lagavulin","floor":8,"turns":8},{"damage":11,"enemies":"3 Louse","floor":10,"turns":4},{"damage":5,"enemies":"Large Slime","floor":13,"turns":7},{"damage":57,"enemies":"Hexaghost","floor":16,"turns":14}],"seed_played":"3763146180070209565","potions_obtained":[{"floor":5,"key":"Explosive Potion"},{"floor":6,"key":"Fire Potion"},{"floor":8,"key":"GamblersBrew"}],"is_trial":false,"path_per_floor":["M","?","$","?","M","E","M","E","T","M","R","T","M","?","R","B"],"character_chosen":"THE_SILENT","items_purchased":["Catalyst"],"campfire_rested":2,"item_purchase_floors":[3],"current_hp_per_floor":[70,70,70,53,53,45,45,26,26,15,36,36,31,31,52,0],"gold":206,"neow_bonus":"BOSS_RELIC","is_prod":false,"is_daily":false,"chose_seed":false,"campfire_upgraded":0,"win_rate":0.0,"timestamp":1542946037,"path_taken":["M","?","?","?","M","E","M","E","T","M","R","?","M","?","R","BOSS"],"build_version":"2018-11-15","purchased_purges":0,"victory":false,"max_hp_per_floor":[70,70,70,70,70,70,70,70,70,70,70,70,70,70,70,70],"card_choices":[{"not_picked":["Backflip","Outmaneuver"],"picked":"Quick Slash","floor":1},{"not_picked":["PiercingWail","Riddle With Holes"],"picked":"After Image","floor":5},{"not_picked":["Quick Slash","Outmaneuver"],"picked":"Endless Agony","floor":6},{"not_picked":["Terror","Leg Sweep"],"picked":"Slice","floor":7},{"not_picked":["Escape Plan","Quick Slash"],"picked":"Dodge and Roll","floor":8},{"not_picked":["Sucker Punch","Deadly Poison"],"picked":"Wraith Form v2","floor":10},{"not_picked":["Prepared","Escape Plan"],"picked":"Blade Dance","floor":13}],"player_experience":15486,"relics_obtained":[{"floor":6,"key":"Orichalcum"},{"floor":8,"key":"Happy Flower"},{"floor":9,"key":"Pen Nib"},{"floor":12,"key":"Potion Belt"}],"event_choices":[{"damage_healed":0,"gold_gain":0,"player_choice":"Bought 0 Potions","damage_taken":0,"max_hp_gain":0,"max_hp_loss":0,"event_name":"The Woman in Blue","floor":2,"gold_loss":0},{"damage_healed":0,"gold_gain":0,"player_choice":"Take Damage","damage_taken":17,"relics_obtained":["Golden Idol"],"max_hp_gain":0,"max_hp_loss":0,"event_name":"Golden Idol","floor":4,"gold_loss":0},{"damage_healed":0,"gold_gain":0,"player_choice":"Box","damage_taken":0,"relics_obtained":["Bag of Preparation"],"max_hp_gain":0,"max_hp_loss":0,"event_name":"Big Fish","floor":14,"gold_loss":0,"cards_obtained":["Regret"]}],"is_beta":false,"boss_relics":[],"items_purged_floors":[],"is_endless":false,"potions_floor_spawned":[5,6,8,13],"killed_by":"Hexaghost","ascension_level":0}