{"gold_per_floor":[113,113,78,94,105,105,134,309,388,413,433,433,433],"floor_reached":13,"playtime":550,"items_purged":[],"score":130,"play_id":"ecc4be25-be10-4986-adea-366ff7b7df1f","local_time":"20181216125606","is_ascension_mode":true,"campfire_choices":[{"data":"Dodge and Roll","floor":6,"key":"SMITH"},{"floor":12,"key":"REST"}],"neow_cost":"NONE","seed_source_timestamp":2554346786155853,"circlet_count":0,"master_deck":["Defend_G","Defend_G","Defend_G","Defend_G","Defend_G","Strike_G","Strike_G","Strike_G","Strike_G","Strike_G+1","Survivor+1","Neutralize","Dodge and Roll+1","Dagger Throw","Backflip","Noxious Fumes","Doubt","Bane","Accuracy"],"relics":["Runic Dome","Juzu Bracelet","Tiny Chest","Strawberry"],"potions_floor_usage":[],"damage_taken":[{"damage":3,"enemies":"Jaw Worm","floor":1,"turns":4},{"damage":0,"enemies":"Small Slimes","floor":4,"turns":4},{"damage":2,"enemies":"2 Louse","floor":5,"turns":3},{"damage":13,"enemies":"Lagavulin","floor":7,"turns":8},{"damage":26,"enemies":"3 Sentries","floor":10,"turns":9},{"damage":2,"enemies":"Blue Slaver","floor":11,"turns":4},{"damage":56,"enemies":"Gremlin Nob","floor":13,"turns":5}],"seed_played":"-3125438445381004443","potions_obtained":[{"floor":5,"key":"Strength Potion"},{"floor":7,"key":"FearPotion"}],"is_trial":false,"path_per_floor":["M","?","?","M","M","R","E","?","T","E","M","R","E"],"character_chosen":"THE_SILENT","items_purchased":[],"campfire_rested":1,"item_purchase_floors":[],"current_hp_per_floor":[60,46,63,63,61,61,48,48,48,29,27,50,0],"gold":433,"neow_bonus":"BOSS_RELIC","is_prod":false,"is_daily":false,"chose_seed":false,"campfire_upgraded":1,"win_rate":0,"timestamp":1544986566,"path_taken":["M","?","?","M","M","R","E","?","T","E","M","R","E"],"build_version":"2018-12-13","purchased_purges":0,"victory":false,"max_hp_per_floor":[70,70,70,70,70,70,70,70,70,77,77,77,77],"card_choices":[{"not_picked":["Acrobatics","Underhanded Strike"],"picked":"Dodge and Roll","floor":1},{"not_picked":["Quick Slash","Crippling Poison"],"picked":"Dagger Throw","floor":4},{"not_picked":["Deflect","Tactician"],"picked":"Backflip","floor":5},{"not_picked":["Dagger Spray","Predator"],"picked":"Noxious Fumes","floor":7},{"not_picked":["Skewer","All Out Attack"],"picked":"Bane","floor":10},{"not_picked":["Acrobatics","Setup"],"picked":"Accuracy","floor":11}],"player_experience":298306,"relics_obtained":[{"floor":7,"key":"Juzu Bracelet"},{"floor":9,"key":"Tiny Chest"},{"floor":10,"key":"Strawberry"}],"event_choices":[{"damage_healed":0,"gold_gain":0,"player_choice":"Entered Light","damage_taken":14,"max_hp_gain":0,"max_hp_loss":0,"event_name":"Shining Light","floor":2,"gold_loss":0,"cards_upgraded":["Strike_G","Survivor"]},{"damage_healed":17,"gold_gain":0,"player_choice":"Healed","damage_taken":0,"max_hp_gain":0,"max_hp_loss":0,"event_name":"The Cleric","floor":3,"gold_loss":35},{"damage_healed":0,"gold_gain":175,"player_choice":"AGREE","damage_taken":0,"max_hp_gain":0,"max_hp_loss":0,"event_name":"Liars Game","floor":8,"gold_loss":0,"cards_obtained":["Doubt"]}],"is_beta":false,"boss_relics":[],"items_purged_floors":[],"is_endless":false,"potions_floor_spawned":[5,7],"killed_by":"Gremlin Nob","ascension_level":8}