{"gold_per_floor":[118,43,63,80,80,80,109,109,109,62,92,104,104,119,119,223,223,243,243,214,214],"floor_reached":21,"playtime":1893,"items_purged":["Clumsy"],"score":265,"play_id":"ef52dfa2-5ddd-4d3b-bec0-7df8cb345f50","local_time":"20180804133027","is_ascension_mode":true,"campfire_choices":[{"data":"Zap","floor":6,"key":"SMITH"},{"floor":8,"key":"REST"},{"floor":13,"key":"REST"},{"data":"Hologram","floor":15,"key":"SMITH"}],"neow_cost":"CURSE","seed_source_timestamp":20271014503481,"circlet_count":0,"master_deck":["Strike_B","Defend_B","Defend_B","Defend_B","Defend_B","Zap+1","Dualcast","Go for the Eyes","Cold Snap","Reboot","Hologram+1","Conserve Battery","Reboot","Meteor Strike+1","Leap+1","Multi-Cast+1","Undo","Loop+1"],"relics":["Cracked Core","Sundial","Cables","Oddly Smooth Stone","Regal Pillow","Astrolabe"],"potions_floor_usage":[7,21,21,21],"damage_taken":[{"damage":16,"enemies":"Small Slimes","floor":1,"turns":4},{"damage":3,"enemies":"2 Louse","floor":3,"turns":3},{"damage":0,"enemies":"Cultist","floor":4,"turns":3},{"damage":31,"enemies":"Lagavulin","floor":7,"turns":8},{"damage":26,"enemies":"Gremlin Nob","floor":11,"turns":4},{"damage":4,"enemies":"Red Slaver","floor":12,"turns":3},{"damage":0,"enemies":"Lots of Slimes","floor":14,"turns":3},{"damage":12,"enemies":"The Guardian","floor":16,"turns":12},{"damage":0,"enemies":"Spheric Guardian","floor":18,"turns":3},{"damage":13,"enemies":"2 Thieves","floor":20,"turns":5},{"damage":77,"enemies":"Centurion and Healer","floor":21,"turns":14}],"seed_played":"3641245488812002062","potions_obtained":[{"floor":3,"key":"Swift Potion"},{"floor":11,"key":"SpeedPotion"},{"floor":16,"key":"SteroidPotion"},{"floor":20,"key":"Regen Potion"}],"is_trial":false,"path_per_floor":["M","$","M","M","?","R","E","R","T","?","E","M","R","M","R","B",null,"M","$","M"],"character_chosen":"DEFECT","items_purchased":[],"campfire_rested":2,"item_purchase_floors":[],"current_hp_per_floor":[52,52,49,49,54,54,23,47,47,47,21,17,56,56,56,44,71,71,71,58,0],"gold":214,"neow_bonus":"ONE_RARE_RELIC","is_prod":false,"is_daily":false,"chose_seed":false,"campfire_upgraded":2,"win_rate":0,"timestamp":1533353427,"path_taken":["M","$","M","M","?","R","E","R","T","?","E","M","R","?","R","BOSS","M","$","M","?"],"build_version":"2018-08-02","purchased_purges":1,"victory":false,"max_hp_per_floor":[75,75,75,75,80,80,80,80,80,80,80,80,80,80,80,80,80,80,80,80,80],"card_choices":[{"not_picked":["White Noise","Fusion"],"picked":"Go for the Eyes","floor":1},{"not_picked":["Stack","Barrage","Hello World"],"picked":"SKIP","floor":3},{"not_picked":["Redo","Sweeping Beam","Compile Driver"],"picked":"SKIP","floor":4},{"not_picked":["Gash","Rebound"],"picked":"Cold Snap","floor":7},{"not_picked":["Fusion","Storm"],"picked":"Reboot","floor":11},{"not_picked":["Compile Driver","Redo"],"picked":"Hologram","floor":12},{"not_picked":["Steam Power","Heatsinks"],"picked":"Conserve Battery","floor":14},{"not_picked":["Biased Cognition","All For One"],"picked":"Reboot","floor":16},{"not_picked":["Steam+1","Recycle"],"picked":"Undo","floor":18},{"not_picked":["Fusion","Skim+1"],"picked":"Loop+1","floor":20}],"player_experience":627328,"relics_obtained":[{"floor":7,"key":"Cables"},{"floor":9,"key":"Oddly Smooth Stone"},{"floor":11,"key":"Regal Pillow"}],"event_choices":[{"event_name":"Big Fish","player_choice":"Donut","floor":5,"damage_taken":0},{"event_name":"World of Goop","player_choice":"Left","floor":10,"damage_taken":0}],"is_beta":false,"boss_relics":[{"not_picked":["White Beast Statue","Calling Bell"],"picked":"Astrolabe"}],"items_purged_floors":[2],"is_endless":false,"potions_floor_spawned":[3,11,16,20],"killed_by":"Centurion and Healer","ascension_level":8}