{"gold_per_floor":[113,263,263,281,292,292,311,232,255,265,265,285,285,298,298,373,373,393,46,46,46,49,49,61,61],"floor_reached":25,"playtime":2016,"items_purged":["Strike_G"],"score":341,"play_id":"524b0514-873b-4a2d-be08-3154ec174bcc","local_time":"20180928094505","is_ascension_mode":true,"campfire_choices":[{"data":"Deadly Poison","floor":6.0,"key":"SMITH"},{"data":"Footwork","floor":11,"key":"SMITH"},{"data":"Neutralize","floor":13,"key":"SMITH"},{"data":"Dodge and Roll","floor":15,"key":"SMITH"},{"floor":23,"key":"REST"}],"neow_cost":"NONE","seed_source_timestamp":1215766591164885,"circlet_count":0,"master_deck":["Defend_G","Defend_G","Defend_G","Defend_G","Defend_G","Strike_G","Strike_G","Strike_G","Strike_G","Survivor","Neutralize+1","AscendersBane","Blade Dance","Dodge and Roll+1","Deadly Poison+1","Footwork+1","Backstab","Dagger Spray","Deflect","Malaise","Backflip","Backflip","Cloak And Dagger","Crippling Poison","Dash","Noxious Fumes","Shame","Shockwave"],"special_seed":0,"relics":["Ring of the Snake","Lantern","Orrery","PrismaticShard","Happy Flower"],"potions_floor_usage":[7,12,16,24,24,25],"damage_taken":[{"damage":6.0,"enemies":"Small Slimes","floor":1.0,"turns":5.0},{"damage":3.0,"enemies":"2 Louse","floor":4.0,"turns":4.0},{"damage":4.0,"enemies":"Jaw Worm","floor":5.0,"turns":4.0},{"damage":2,"enemies":"3 Louse","floor":7,"turns":4},{"damage":0,"enemies":"Red Slaver","floor":10,"turns":4},{"damage":3,"enemies":"Gremlin Gang","floor":12,"turns":5},{"damage":0,"enemies":"Looter","floor":14,"turns":3},{"damage":34,"enemies":"Hexaghost","floor":16,"turns":15},{"damage":23,"enemies":"3 Byrds","floor":18,"turns":6},{"damage":16,"enemies":"2 Thieves","floor":22,"turns":5},{"damage":10,"enemies":"Sentry and Sphere","floor":24,"turns":8},{"damage":44,"enemies":"3 Cultists","floor":25,"turns":7}],"seed_played":"8854849295439727307","potions_obtained":[{"floor":1.0,"key":"Fire Potion"},{"floor":4.0,"key":"Block Potion"},{"floor":12,"key":"Regen Potion"},{"floor":14,"key":"SkillPotion"},{"floor":16,"key":"Block Potion"},{"floor":24,"key":"GhostInAJar"}],"is_trial":false,"path_per_floor":["M","?","?","M","M","R","M","$","T","M","R","M","R","M","R","B",null,"M","$","?","$","M","R","M"],"character_chosen":"THE_SILENT","items_purchased":["Footwork","Noxious Fumes","PrismaticShard"],"campfire_rested":1,"item_purchase_floors":[8,19,19],"current_hp_per_floor":[53,53,53,50,46,46,44,44,44,44,44,41,41,41,41,7,51,28,28,28,28,12,31,36,0],"gold":61,"neow_bonus":"THREE_CARDS","is_prod":false,"is_daily":false,"chose_seed":false,"campfire_upgraded":4,"win_rate":0,"timestamp":1538153105,"path_taken":["M","?","?","?","M","R","M","$","T","?","R","M","R","M","R","BOSS","M","$","?","$","M","R","M","M"],"build_version":"2018-09-27","purchased_purges":1,"victory":false,"max_hp_per_floor":[66,66,66,66,66,66,66,66,66,66,66,66,66,66,66,66,66,66,66,66,66,66,66,66,66],"card_choices":[{"not_picked":["Flechettes","Riddle With Holes"],"picked":"Blade Dance","floor":0.0},{"not_picked":["Dagger Throw","Slice"],"picked":"Dodge and Roll","floor":1.0},{"not_picked":["Eviscerate","Outmaneuver","Underhanded Strike"],"picked":"SKIP","floor":4.0},{"not_picked":["Sucker Punch","Accuracy"],"picked":"Deadly Poison","floor":5.0},{"not_picked":["Acrobatics","Venomology","Quick Slash"],"picked":"SKIP","floor":7},{"not_picked":["Poisoned Stab","Tactician"],"picked":"Backstab","floor":10},{"not_picked":["Flying Knee","Outmaneuver"],"picked":"Dagger Spray","floor":12},{"not_picked":["Escape Plan","Reflex"],"picked":"Deflect","floor":14},{"not_picked":["Adrenaline","Unload"],"picked":"Malaise","floor":16},{"not_picked":["Deflect","Setup"],"picked":"Backflip","floor":17},{"not_picked":["Eviscerate","Backstab"],"picked":"Backflip","floor":17},{"not_picked":["Dagger Spray","Blade Dance"],"picked":"Cloak And Dagger","floor":17},{"not_picked":["PiercingWail","Heel Hook"],"picked":"Crippling Poison","floor":17},{"not_picked":["Sucker Punch+1","Blur"],"picked":"Dash","floor":18},{"not_picked":["Poisoned Stab","Blade Dance"],"picked":"Shockwave","floor":22},{"not_picked":["Distraction","Searing Blow","Grand Finale"],"picked":"SKIP","floor":24}],"player_experience":1109795,"relics_obtained":[{"floor":9,"key":"Lantern"}],"event_choices":[{"event_name":"Liars Game","player_choice":"agreed","floor":2.0,"damage_taken":0.0},{"event_name":"Living Wall","player_choice":"Forget","floor":3.0,"damage_taken":0.0},{"event_name":"Addict","player_choice":"Stole Relic","floor":20,"damage_taken":0}],"is_beta":false,"boss_relics":[{"not_picked":["Runic Dome","WristBlade"],"picked":"Orrery"}],"items_purged_floors":[19],"is_endless":false,"potions_floor_spawned":[1,4,12,14,16,22,24],"killed_by":"3 Cultists","ascension_level":15}