{"gold_per_floor":[99,99,99,99,99,99,99,99,99,99,99,99,24,24,24,24,24,24,24,24,24,24,24,24,24,24,24,24,24,24,24,24,24],"floor_reached":33,"playtime":1166,"items_purged":["Doubt"],"score":289,"play_id":"53b128de-fa84-470e-bd21-880708df9863","local_time":"20180821223654","is_ascension_mode":false,"campfire_choices":[{"floor":6,"key":"REST"},{"data":"Choke","floor":11,"key":"SMITH"},{"data":"Bouncing Flask","floor":15,"key":"SMITH"},{"data":"Backflip","floor":23,"key":"SMITH"},{"data":"Survivor","floor":30,"key":"SMITH"},{"floor":32,"key":"REST"}],"neow_cost":"NONE","seed_source_timestamp":8850850624124,"circlet_count":0,"master_deck":["Defend_G","Defend_G+1","Defend_G","Strike_G","Strike_G","Strike_G","Strike_G+1","Strike_G","Survivor+1","Neutralize","Quick Slash","Choke+1","Dagger Throw","Dagger Throw","Corpse Explosion","Bouncing Flask+1","Adrenaline+1","Backflip+1","Slice","Cloak And Dagger+1","Bane","Finisher","Escape Plan","Riddle With Holes+1","Slice","Dodge and Roll+1","Shame","Deadly Poison+1","Bouncing Flask+1"],"relics":["Ectoplasm","Oddly Smooth Stone","Bronze Scales","Tiny House","Tingsha","Toxic Egg 2","Darkstone Periapt","Dream Catcher"],"potions_floor_usage":[14,21,27,29,31,33,33],"damage_taken":[{"damage":0,"enemies":"2 Louse","floor":1,"turns":4},{"damage":0,"enemies":"Small Slimes","floor":2,"turns":4},{"damage":10,"enemies":"Lagavulin","floor":7,"turns":6},{"damage":0,"enemies":"Jaw Worm","floor":8,"turns":2},{"damage":1,"enemies":"2 Fungi Beasts","floor":12,"turns":3},{"damage":0,"enemies":"Exordium Thugs","floor":14,"turns":1},{"damage":27,"enemies":"Hexaghost","floor":16,"turns":6},{"damage":0,"enemies":"Chosen","floor":18,"turns":3},{"damage":0,"enemies":"Spheric Guardian","floor":19,"turns":3},{"damage":0,"enemies":"3 Cultists","floor":20,"turns":2},{"damage":4,"enemies":"Snake Plant","floor":21,"turns":3},{"damage":13,"enemies":"Centurion and Healer","floor":24,"turns":2},{"damage":10,"enemies":"Cultist and Chosen","floor":25,"turns":3},{"damage":5,"enemies":"Gremlin Leader","floor":27,"turns":4},{"damage":1,"enemies":"Book of Stabbing","floor":29,"turns":4},{"damage":11,"enemies":"Snake Plant","floor":31,"turns":3},{"damage":77,"enemies":"Automaton","floor":33,"turns":8}],"seed_played":"1106620698133831632","potions_obtained":[{"floor":12,"key":"Fire Potion"},{"floor":14,"key":"SneckoOil"},{"floor":16,"key":"Dexterity Potion"},{"floor":17,"key":"Block Potion"},{"floor":21,"key":"GamblersBrew"},{"floor":25,"key":"Ancient Potion"},{"floor":27,"key":"Explosive Potion"},{"floor":29,"key":"Regen Potion"}],"is_trial":false,"path_per_floor":["M","M","?","?","?","R","E","M","T","?","R","M","$","M","R","B",null,"M","M","M","M","?","R","M","M","T","E","?","E","R","M","R"],"character_chosen":"THE_SILENT","items_purchased":[],"campfire_rested":2,"item_purchase_floors":[],"current_hp_per_floor":[70,70,56,49,49,70,60,60,60,60,60,59,59,59,59,32,75,75,75,75,71,71,71,58,48,48,43,49,48,48,46,70,0],"gold":24,"neow_bonus":"BOSS_RELIC","is_prod":false,"is_daily":false,"chose_seed":false,"campfire_upgraded":4,"win_rate":0.0,"timestamp":1534883814,"path_taken":["M","M","?","?","?","R","E","M","T","?","R","M","$","M","R","BOSS","M","M","M","M","?","R","M","M","T","E","?","E","R","M","R","BOSS"],"build_version":"2018-08-20","purchased_purges":1,"victory":false,"max_hp_per_floor":[70,70,70,70,70,70,70,70,70,70,70,70,70,70,70,70,75,75,75,75,75,75,75,75,75,75,75,81,81,81,81,81,81],"card_choices":[{"not_picked":["Slice","PiercingWail"],"picked":"Quick Slash","floor":1},{"not_picked":["Bane","PiercingWail"],"picked":"Choke","floor":2},{"not_picked":["Well Laid Plans","Poisoned Stab"],"picked":"Dagger Throw","floor":7},{"not_picked":["Deadly Poison","PiercingWail"],"picked":"Dagger Throw","floor":8},{"not_picked":["Dash","Acrobatics"],"picked":"Corpse Explosion","floor":12},{"not_picked":["Riddle With Holes","Heel Hook"],"picked":"Bouncing Flask","floor":14},{"not_picked":["Corpse Explosion","Malaise"],"picked":"Adrenaline","floor":16},{"not_picked":["Expertise","Quick Slash"],"picked":"Backflip","floor":17},{"not_picked":["Deflect","Reflex"],"picked":"Slice","floor":18},{"not_picked":["Riddle With Holes","Dagger Spray"],"picked":"Cloak And Dagger+1","floor":19},{"not_picked":["Underhanded Strike","Outmaneuver"],"picked":"Bane","floor":20},{"not_picked":["Dagger Spray","Underhanded Strike+1"],"picked":"Finisher","floor":21},{"not_picked":["Deadly Poison","Heel Hook"],"picked":"Riddle With Holes+1","floor":24},{"not_picked":["Deadly Poison","Predator"],"picked":"Slice","floor":25},{"not_picked":["Predator","Choke"],"picked":"Dodge and Roll","floor":27},{"not_picked":["Caltrops","Riddle With Holes+1"],"picked":"Deadly Poison+1","floor":29},{"not_picked":["Outmaneuver+1","PiercingWail+1","Dagger Spray"],"picked":"SKIP","floor":31},{"not_picked":["Acrobatics+1","Bane"],"picked":"Bouncing Flask+1","floor":32}],"player_experience":30590,"relics_obtained":[{"floor":7,"key":"Oddly Smooth Stone"},{"floor":9,"key":"Bronze Scales"},{"floor":26,"key":"Tingsha"},{"floor":27,"key":"Toxic Egg 2"},{"floor":29,"key":"Dream Catcher"}],"event_choices":[{"event_name":"Shining Light","player_choice":"Entered Light","floor":3,"damage_taken":0},{"event_name":"Golden Wing","player_choice":"Card Removal","floor":4,"damage_taken":0},{"event_name":"Living Wall","player_choice":"Forget","floor":5,"damage_taken":0},{"event_name":"Liars Game","player_choice":"agreed","floor":10,"damage_taken":0},{"event_name":"The Library","player_choice":"Read","floor":22,"damage_taken":0},{"event_name":"Addict","player_choice":"Stole Relic","floor":28,"damage_taken":0}],"is_beta":true,"boss_relics":[{"not_picked":["Calling Bell","Philosopher\u0027s Stone"],"picked":"Tiny House"}],"items_purged_floors":[13],"is_endless":false,"potions_floor_spawned":[12,14,16,18,21,25,27,29],"killed_by":"Automaton","ascension_level":0}