{"gold_per_floor":[113,123,143,92,92,92,121,121,121,121,133,133,133,153,153,230,230,247,247,266,266,266,266,266,266,266,266,295,295,305,81,81,81],"floor_reached":33,"playtime":4191,"items_purged":["Clumsy"],"score":431,"play_id":"46299347-7519-4a00-921a-455af0499882","local_time":"20181010083416","is_ascension_mode":true,"campfire_choices":[{"data":"Cleave","floor":6.0,"key":"SMITH"},{"floor":8.0,"key":"REST"},{"data":"1","floor":10.0,"key":"LIFT"},{"data":"True Grit","floor":13.0,"key":"SMITH"},{"data":"2","floor":15.0,"key":"LIFT"},{"data":"Flame Barrier","floor":23.0,"key":"SMITH"},{"data":"Warcry","floor":25.0,"key":"SMITH"},{"data":"Clothesline","floor":27.0,"key":"SMITH"},{"data":"Sword Boomerang","floor":29.0,"key":"SMITH"},{"floor":32.0,"key":"REST"}],"neow_cost":"TEN_PERCENT_HP_LOSS","seed_source_timestamp":0,"circlet_count":0,"master_deck":["Strike_R","Strike_R","Strike_R","Strike_R","Defend_R","Defend_R","Defend_R","Defend_R","Bash+1","AscendersBane","Cleave+1","Warcry+1","Clothesline+1","Shrug It Off","Battle Trance","Flame Barrier+1","True Grit+1","Flame Barrier","Feed","Armaments+1","Sword Boomerang+1","Pummel","Rampage"],"special_seed":0,"relics":["Burning Blood","Turnip","Girya","Prayer Wheel","Strawberry","Cursed Key","Sundial","Vajra","Omamori"],"potions_floor_usage":[33],"damage_taken":[{"damage":8.0,"enemies":"Small Slimes","floor":1.0,"turns":6.0},{"damage":8.0,"enemies":"2 Louse","floor":2.0,"turns":2.0},{"damage":1.0,"enemies":"Cultist","floor":3.0,"turns":4.0},{"damage":45.0,"enemies":"Lagavulin","floor":7.0,"turns":6.0},{"damage":15.0,"enemies":"2 Fungi Beasts","floor":11.0,"turns":3.0},{"damage":1.0,"enemies":"Blue Slaver","floor":14.0,"turns":3.0},{"damage":28.0,"enemies":"The Guardian","floor":16.0,"turns":11.0},{"damage":2.0,"enemies":"Shell Parasite","floor":18.0,"turns":9.0},{"damage":22.0,"enemies":"2 Thieves","floor":20.0,"turns":3.0},{"damage":33.0,"enemies":"Gremlin Leader","floor":28.0,"turns":9.0},{"damage":1.0,"enemies":"Cultist and Chosen","floor":30.0,"turns":5.0},{"damage":77,"enemies":"Champ","floor":33,"turns":11}],"seed_played":"8599408394320285910","potions_obtained":[{"floor":2.0,"key":"Ancient Potion"},{"floor":14.0,"key":"SteroidPotion"},{"floor":16.0,"key":"Poison Potion"},{"floor":28.0,"key":"AttackPotion"},{"floor":30.0,"key":"Dexterity Potion"}],"is_trial":false,"path_per_floor":["M","M","M","$","?","R","E","R","T","R","M","?","R","M","R","B",null,"M","$","M","?","?","R","T","R","T","R","E","R","M","$","R"],"character_chosen":"IRONCLAD","items_purchased":["Shrug It Off","Omamori"],"campfire_rested":2,"item_purchase_floors":[4,31],"current_hp_per_floor":[70,68,72,72,72,72,33,54,54,54,45,45,45,50,50,28,66,73,73,60,60,60,60,60,60,60,60,33,33,38,38,63,0],"gold":81,"neow_bonus":"ONE_RARE_RELIC","is_prod":false,"is_daily":false,"chose_seed":false,"campfire_upgraded":6,"win_rate":0,"timestamp":1539185656,"path_taken":["M","M","M","$","?","R","E","R","T","R","M","?","R","M","R","BOSS","M","$","M","?","?","R","?","R","T","R","E","R","M","?","R","BOSS"],"build_version":"2018-10-04v2","purchased_purges":1,"victory":false,"max_hp_per_floor":[72,72,72,72,72,72,72,72,72,72,72,79,79,79,79,79,79,82,82,85,85,85,85,85,85,85,85,85,85,85,85,85,85],"card_choices":[{"not_picked":["Wild Strike","Perfected Strike"],"picked":"Cleave","floor":1.0},{"not_picked":["Dual Wield","Clash"],"picked":"Warcry","floor":2.0},{"not_picked":["Armaments","Perfected Strike"],"picked":"Clothesline","floor":3.0},{"not_picked":["Warcry","Body Slam"],"picked":"Battle Trance","floor":7.0},{"not_picked":["Barricade","Whirlwind"],"picked":"Flame Barrier","floor":11.0},{"not_picked":["Clothesline","Heavy Blade"],"picked":"True Grit","floor":11.0},{"not_picked":["Blood for Blood","Dual Wield"],"picked":"Flame Barrier","floor":14.0},{"not_picked":["Burning Pact","Havoc","Sever Soul"],"picked":"SKIP","floor":14.0},{"not_picked":["Double Tap","Brutality"],"picked":"Feed","floor":16.0},{"not_picked":["Havoc","Warcry"],"picked":"Armaments+1","floor":18.0},{"not_picked":["Flex","Twin Strike+1","Intimidate"],"picked":"SKIP","floor":18.0},{"not_picked":["Battle Trance","Pommel Strike","Headbutt"],"picked":"SKIP","floor":20.0},{"not_picked":["Bloodletting","Flex","Rupture"],"picked":"SKIP","floor":20.0},{"not_picked":["Thunderclap","Anger"],"picked":"Sword Boomerang","floor":28.0},{"not_picked":["Heavy Blade","Headbutt"],"picked":"Pummel","floor":30.0},{"not_picked":["Rampage","Double Tap","Twin Strike"],"picked":"SKIP","floor":30.0},{"not_picked":["Double Tap","Twin Strike"],"picked":"Rampage","floor":30.0}],"player_experience":1144094,"relics_obtained":[{"floor":7.0,"key":"Girya"},{"floor":9.0,"key":"Prayer Wheel"},{"floor":24.0,"key":"Sundial"},{"floor":28.0,"key":"Vajra"}],"event_choices":[{"event_name":"Living Wall","player_choice":"Grow","floor":5.0,"damage_taken":0.0},{"event_name":"Scrap Ooze","player_choice":"success","floor":12.0,"damage_taken":7.0},{"event_name":"Ghosts","player_choice":"Ignored","floor":21.0,"damage_taken":0.0},{"event_name":"Wheel of Change","player_choice":"Card Removal","floor":22.0,"damage_taken":0.0}],"is_beta":false,"boss_relics":[{"not_picked":["Snecko Eye","Ectoplasm"],"picked":"Cursed Key"}],"items_purged_floors":[31],"is_endless":false,"potions_floor_spawned":[2,14,16,28,30],"killed_by":"Champ","ascension_level":13}