{"gold_per_floor":[117,117,117,132,132,132,166,181,237,265,265,35,35,70,70,175,175,190,200,216,216,31,31,60,60,138,152,180,205,205,221,221,324,324,343,565,180,192,192,226,226,254,305,305,305,322,322,341,341,341],"floor_reached":50,"playtime":4674,"items_purged":["Strike_B","Defend_B"],"score":996,"play_id":"e49c678c-6362-4dba-980b-b55067f74531","local_time":"20181111205401","is_ascension_mode":true,"campfire_choices":[{"data":"Zap","floor":6,"key":"SMITH"},{"data":"Cold Snap","floor":11,"key":"SMITH"},{"data":"Cold Snap","floor":15,"key":"SMITH"},{"floor":23,"key":"REST"},{"floor":25,"key":"REST"},{"floor":30,"key":"REST"},{"data":"Skim","floor":32,"key":"SMITH"},{"floor":41,"key":"REST"},{"floor":49,"key":"REST"}],"neow_cost":"NONE","seed_source_timestamp":111130208637386,"circlet_count":0,"master_deck":["AscendersBane","Defend_B","Defend_B","Zap+1","Dualcast","Conserve Battery","Seek","Sweeping Beam+1","Bandage Up","Glacier","Cold Snap+1","Skim+1","Cold Snap+1","Machine Learning+1","Cold Snap+1","Recycle+1","Undo+1","FTL+1","Ball Lightning+1","Glacier+1","Capacitor+1","Coolheaded+1","Capacitor+1","Core Surge","Fission","Chaos+1","Blizzard","Core Surge","Cold Snap+1","Doom and Gloom+1","Loop+1","Consume","Madness","Madness","Cold Snap+1","Doubt","Apotheosis","Enlightenment","Panache+1","Go for the Eyes+1"],"relics":["Cracked Core","NeowsBlessing","Vajra","Tiny Chest","Odd Mushroom","Juzu Bracelet","Darkstone Periapt","Frozen Egg 2","Astrolabe","Whetstone","Symbiotic Virus","Mercury Hourglass","Red Mask","The Courier","Orrery","StoneCalendar","Kunai","Bottled Lightning","DataDisk","Pen Nib"],"potions_floor_usage":[14,16,16,18,24,28,29,42,42,50],"damage_taken":[{"damage":0,"enemies":"Small Slimes","floor":1,"turns":1},{"damage":0,"enemies":"Jaw Worm","floor":4,"turns":1},{"damage":0,"enemies":"3 Sentries","floor":7,"turns":1},{"damage":0,"enemies":"Cultist","floor":8,"turns":4},{"damage":0,"enemies":"The Mushroom Lair","floor":10,"turns":4},{"damage":0,"enemies":"Lagavulin","floor":14,"turns":7},{"damage":28,"enemies":"The Guardian","floor":16,"turns":15},{"damage":17,"enemies":"2 Thieves","floor":18,"turns":4},{"damage":1,"enemies":"Shell Parasite","floor":19,"turns":5},{"damage":13,"enemies":"Cultist and Chosen","floor":20,"turns":7},{"damage":31,"enemies":"Gremlin Leader","floor":24,"turns":8},{"damage":6,"enemies":"Shelled Parasite and Fungi","floor":27,"turns":6},{"damage":14,"enemies":"Masked Bandits","floor":28,"turns":4},{"damage":2,"enemies":"Book of Stabbing","floor":29,"turns":5},{"damage":0,"enemies":"Snecko","floor":31,"turns":4},{"damage":53,"enemies":"Champ","floor":33,"turns":12},{"damage":5,"enemies":"Orb Walker","floor":35,"turns":4},{"damage":23,"enemies":"3 Darklings","floor":38,"turns":3},{"damage":25,"enemies":"Nemesis","floor":40,"turns":7},{"damage":37,"enemies":"Reptomancer","floor":42,"turns":7},{"damage":33,"enemies":"Jaw Worm Horde","floor":46,"turns":7},{"damage":26,"enemies":"Transient","floor":48,"turns":5},{"damage":58,"enemies":"Awakened One","floor":50,"turns":6}],"seed_played":"5118119755022138228","potions_obtained":[{"floor":1,"key":"SteroidPotion"},{"floor":8,"key":"EssenceOfSteel"},{"floor":14,"key":"Energy Potion"},{"floor":16,"key":"Swift Potion"},{"floor":20,"key":"Explosive Potion"},{"floor":24,"key":"Weak Potion"},{"floor":27,"key":"EssenceOfSteel"},{"floor":29,"key":"Ancient Potion"},{"floor":31,"key":"FearPotion"},{"floor":40,"key":"Swift Potion"},{"floor":48,"key":"Explosive Potion"}],"is_trial":false,"path_per_floor":["M","$","?","M","?","R","E","M","T","?","R","$","T","E","R","B",null,"M","M","M","?","$","R","E","R","T","M","?","E","R","M","R","B",null,"M","?","$","M","?","E","R","E","T","?","?","M","T","M","R","B"],"character_chosen":"DEFECT","items_purchased":["Juzu Bracelet","Capacitor+1","Whetstone","Loop+1","StoneCalendar"],"campfire_rested":5,"item_purchase_floors":[12,22,22,37,37],"current_hp_per_floor":[68,68,68,68,68,68,68,72,72,75,75,75,75,75,75,51,69,56,59,50,36,36,60,33,57,57,55,45,47,71,75,75,26,67,66,66,66,43,33,12,36,3,3,86,76,47,47,25,50,0],"gold":341,"neow_bonus":"THREE_ENEMY_KILL","is_prod":false,"is_daily":false,"chose_seed":false,"campfire_upgraded":4,"win_rate":0,"timestamp":1541930041,"path_taken":["M","$","?","M","?","R","E","?","T","?","R","$","?","E","R","BOSS","M","M","M","?","$","R","E","R","T","M","?","E","R","M","R","BOSS","M","?","$","M","?","E","R","E","T","?","?","M","?","M","R","BOSS"],"build_version":"2018-11-06","purchased_purges":2,"victory":false,"max_hp_per_floor":[75,75,75,75,75,75,75,75,75,75,75,75,75,75,75,75,75,75,75,75,80,80,80,80,80,80,80,80,80,80,80,80,80,80,80,80,80,80,80,80,80,80,80,86,86,86,86,86,86,86],"card_choices":[{"not_picked":["Self Repair","Redo"],"picked":"Conserve Battery","floor":1},{"not_picked":["Beam Cell","Sunder"],"picked":"Sweeping Beam","floor":4},{"not_picked":["Stack","All For One"],"picked":"Glacier","floor":7},{"not_picked":["Lockon","Aggregate"],"picked":"Cold Snap","floor":8},{"not_picked":["Heatsinks","Redo"],"picked":"Skim","floor":10},{"not_picked":["Steam","Leap"],"picked":"Cold Snap","floor":14},{"not_picked":["Hyperbeam","Core Surge"],"picked":"Machine Learning+1","floor":16},{"not_picked":["Steam","Barrage+1"],"picked":"FTL+1","floor":18},{"not_picked":["Heatsinks+1","Melter"],"picked":"Ball Lightning","floor":19},{"not_picked":["Hello World+1","Stack"],"picked":"Glacier+1","floor":20},{"not_picked":["Recycle","Redo"],"picked":"Coolheaded+1","floor":24},{"not_picked":["Stack","Go for the Eyes"],"picked":"Capacitor+1","floor":27},{"not_picked":["Turbo+1","Gash"],"picked":"Core Surge","floor":29},{"not_picked":["Streamline","Compile Driver","Stack"],"picked":"SKIP","floor":31},{"not_picked":["Thunder Strike","Hyperbeam"],"picked":"Fission","floor":33},{"not_picked":["Sweeping Beam+1","Cold Snap"],"picked":"Chaos+1","floor":34},{"not_picked":["Capacitor+1","Ball Lightning+1"],"picked":"Blizzard","floor":34},{"not_picked":["Gash","Hologram"],"picked":"Core Surge","floor":34},{"not_picked":["Ball Lightning","Tempest"],"picked":"Cold Snap+1","floor":34},{"not_picked":["Hologram+1","Gash"],"picked":"Doom and Gloom+1","floor":35},{"not_picked":["Barrage","Go for the Eyes+1"],"picked":"Consume","floor":38},{"not_picked":["Core Surge","Sunder+1"],"picked":"Cold Snap+1","floor":40},{"not_picked":["Fusion","Turbo+1","Leap+1"],"picked":"SKIP","floor":42},{"not_picked":["PanicButton","Impatience"],"picked":"Apotheosis","floor":45},{"not_picked":["Deep Breath","Swift Strike"],"picked":"Enlightenment","floor":45},{"not_picked":["Apotheosis","Secret Weapon"],"picked":"Panache+1","floor":45},{"not_picked":["Darkness","Blizzard","Streamline+1"],"picked":"SKIP","floor":46},{"not_picked":["Hologram","Consume"],"picked":"Go for the Eyes+1","floor":48}],"player_experience":759786,"relics_obtained":[{"floor":7,"key":"Vajra"},{"floor":9,"key":"Tiny Chest"},{"floor":10,"key":"Odd Mushroom"},{"floor":13,"key":"Darkstone Periapt"},{"floor":14,"key":"Frozen Egg 2"},{"floor":24,"key":"Symbiotic Virus"},{"floor":26,"key":"Mercury Hourglass"},{"floor":28,"key":"Red Mask"},{"floor":29,"key":"The Courier"},{"floor":40,"key":"Kunai"},{"floor":42,"key":"Bottled Lightning"},{"floor":43,"key":"DataDisk"},{"floor":47,"key":"Pen Nib"}],"event_choices":[{"damage_healed":0,"gold_gain":0,"cards_transformed":["Strike_B"],"player_choice":"Change","damage_taken":0,"max_hp_gain":0,"max_hp_loss":0,"event_name":"Living Wall","floor":3,"gold_loss":0,"cards_obtained":["Seek"]},{"damage_healed":0,"gold_gain":0,"player_choice":"1 cards matched","damage_taken":0,"max_hp_gain":0,"max_hp_loss":0,"event_name":"Match and Keep!","floor":5,"gold_loss":0,"cards_obtained":["Bandage Up"]},{"damage_healed":0,"gold_gain":0,"player_choice":"Fought Mushrooms","damage_taken":0,"max_hp_gain":0,"max_hp_loss":0,"event_name":"Mushrooms","floor":10,"gold_loss":0},{"damage_healed":0,"gold_gain":0,"player_choice":"Shed Blood","damage_taken":19,"max_hp_gain":5,"max_hp_loss":0,"event_name":"Forgotten Altar","floor":21,"gold_loss":0},{"damage_healed":0,"gold_gain":0,"player_choice":"Fought Bandits","damage_taken":0,"max_hp_gain":0,"max_hp_loss":0,"event_name":"Masked Bandits","floor":28,"gold_loss":0},{"damage_healed":0,"gold_gain":222,"player_choice":"Wore Mask","damage_taken":0,"max_hp_gain":0,"max_hp_loss":0,"event_name":"Tomb of Lord Red Mask","floor":36,"gold_loss":0},{"damage_healed":0,"gold_gain":0,"player_choice":"Embrace Madness","damage_taken":10,"max_hp_gain":0,"max_hp_loss":0,"event_name":"Winding Halls","floor":39,"gold_loss":0,"cards_obtained":["Madness","Madness"]},{"damage_healed":77,"gold_gain":0,"player_choice":"Heal","damage_taken":0,"max_hp_gain":0,"max_hp_loss":0,"event_name":"MindBloom","floor":44,"gold_loss":0,"cards_obtained":["Doubt"]},{"damage_healed":0,"gold_gain":0,"player_choice":"Memory 3","damage_taken":10,"max_hp_gain":0,"max_hp_loss":0,"event_name":"SensoryStone","floor":45,"gold_loss":0}],"is_beta":true,"boss_relics":[{"not_picked":["Black Star","Runic Pyramid"],"picked":"Astrolabe"},{"not_picked":["Inserter","Pandora\u0027s Box"],"picked":"Orrery"}],"items_purged_floors":[12,37],"is_endless":false,"potions_floor_spawned":[1,8,14,16,20,24,27,29,31,35,40,48],"killed_by":"Awakened One","ascension_level":11}