{"gold_per_floor":[113,127,145,156,68,68,93,93,145,160,160,175,175,10,10,87,87,99,99,118,138,63,63,63],"floor_reached":24,"playtime":666,"items_purged":[],"score":496,"play_id":"56dcce5c-920e-4882-bba0-a368325bef4e","local_time":"20181118004317","is_ascension_mode":true,"campfire_choices":[{"data":"Zap","floor":6,"key":"SMITH"},{"floor":8,"key":"REST"},{"data":"Beam Cell","floor":11,"key":"SMITH"},{"data":"Buffer","floor":13,"key":"SMITH"},{"data":"Go for the Eyes","floor":15,"key":"SMITH"},{"data":"Defragment","floor":23,"key":"SMITH"}],"neow_cost":"NONE","seed_source_timestamp":774838837799107,"circlet_count":0,"master_deck":["AscendersBane","Strike_B","Strike_B","Strike_B","Defend_B","Defend_B","Defend_B","Defend_B","Zap+1","Dualcast","Dramatic Entrance","Beam Cell+1","Conserve Battery","Conserve Battery","Rip and Tear","Buffer+1","Cold Snap","Go for the Eyes+1","Machine Learning","Conserve Battery","Defragment+1","FTL"],"relics":["FrozenCore","Pantograph","Oddly Smooth Stone","Bronze Scales","MutagenicStrength"],"potions_floor_usage":[16,20,24],"damage_taken":[{"damage":8,"enemies":"Small Slimes","floor":1,"turns":2},{"damage":2,"enemies":"Jaw Worm","floor":2,"turns":2},{"damage":14,"enemies":"2 Louse","floor":3,"turns":3},{"damage":10,"enemies":"Exordium Wildlife","floor":4,"turns":5},{"damage":11,"enemies":"Lagavulin","floor":7,"turns":7},{"damage":0,"enemies":"3 Louse","floor":10,"turns":3},{"damage":8,"enemies":"Large Slime","floor":12,"turns":6},{"damage":0,"enemies":"The Guardian","floor":16,"turns":10},{"damage":5,"enemies":"3 Byrds","floor":18,"turns":3},{"damage":19,"enemies":"Shell Parasite","floor":20,"turns":4},{"damage":12,"enemies":"Snake Plant","floor":21,"turns":5},{"damage":32,"enemies":"Slavers","floor":24,"turns":4}],"seed_played":"3517028423793765604","potions_obtained":[{"floor":7,"key":"Explosive Potion"},{"floor":10,"key":"PowerPotion"},{"floor":16,"key":"AttackPotion"}],"is_trial":false,"path_per_floor":["M","M","M","M","$","R","E","R","T","M","R","M","R","$","R","B",null,"M","?","M","M","?","R","E"],"character_chosen":"DEFECT","items_purchased":["Rip and Tear","Bronze Scales"],"campfire_rested":1,"item_purchase_floors":[5,14],"current_hp_per_floor":[56,54,40,30,30,30,19,40,40,40,40,32,32,32,32,57,68,63,63,44,32,32,32,0],"gold":63,"neow_bonus":"RANDOM_COLORLESS","is_prod":false,"is_daily":false,"chose_seed":false,"campfire_upgraded":5,"win_rate":0,"timestamp":1542530597,"path_taken":["M","M","M","M","$","R","E","R","T","M","R","M","R","$","R","BOSS","M","?","M","M","?","R","E"],"build_version":"2018-11-15","purchased_purges":0,"victory":false,"max_hp_per_floor":[71,71,71,71,71,71,71,71,71,71,71,71,71,71,71,71,71,71,71,71,71,71,71,71],"card_choices":[{"not_picked":["Gash","Redo"],"picked":"Beam Cell","floor":1},{"not_picked":["Sweeping Beam","Melter","Turbo"],"picked":"SKIP","floor":2},{"not_picked":["Stack","Rebound"],"picked":"Conserve Battery","floor":3},{"not_picked":["Barrage","Turbo"],"picked":"Conserve Battery","floor":4},{"not_picked":["Sweeping Beam","Streamline"],"picked":"Buffer","floor":7},{"not_picked":["Stack","Scrape"],"picked":"Cold Snap","floor":10},{"not_picked":["Stack","Doom and Gloom"],"picked":"Go for the Eyes","floor":12},{"not_picked":["Fission","Core Surge"],"picked":"Machine Learning","floor":16},{"not_picked":["Reprogram","Compile Driver"],"picked":"Conserve Battery","floor":18},{"not_picked":["Glacier","Recycle"],"picked":"Defragment","floor":20},{"not_picked":["Compile Driver","Redo"],"picked":"FTL","floor":21}],"player_experience":943000,"relics_obtained":[{"floor":7,"key":"Pantograph"},{"floor":9,"key":"Oddly Smooth Stone"}],"event_choices":[{"damage_healed":0,"gold_gain":0,"player_choice":"Inject Mutagens","damage_taken":0,"relics_obtained":["MutagenicStrength"],"max_hp_gain":0,"max_hp_loss":0,"event_name":"Drug Dealer","floor":19,"gold_loss":0},{"cards_removed":["Strike_B"],"damage_healed":0,"gold_gain":0,"player_choice":"Gave Gold","damage_taken":0,"max_hp_gain":0,"max_hp_loss":0,"event_name":"Beggar","floor":22,"gold_loss":75}],"is_beta":true,"boss_relics":[{"not_picked":["White Beast Statue","Pandora\u0027s Box"],"picked":"FrozenCore"}],"items_purged_floors":[],"is_endless":false,"potions_floor_spawned":[7,10,12,16],"killed_by":"Slavers","ascension_level":20}