{"path_per_floor":["M","?","?","T","M","R","E","?","T","R","E","M","R","$","R","B",null,"M","?","?","M","?","R","E","R","T"],"character_chosen":"IRONCLAD","items_purchased":["Bandage Up"],"gold_per_floor":[116,116,66,66,80,80,105,169,196,196,224,234,234,66,66,165,165,179,104,19,32,32,32,59,59,85,85],"floor_reached":27,"campfire_rested":2,"playtime":1014,"current_hp_per_floor":[75,59,59,66,68,68,56,31,31,57,35,39,39,39,39,53,93,78,78,78,77,77,77,25,56,56,0],"items_purged":["Defend_R"],"gold":85,"score":272,"play_id":"f847841e-f9dc-47ed-a061-7c0e4fc0f915","local_time":"20180328214606","is_prod":false,"is_daily":false,"is_ascension_mode":true,"campfire_upgraded":4,"timestamp":1522291566,"path_taken":["M","?","?","?","M","R","E","?","T","R","E","?","R","$","R","BOSS","M","?","?","M","?","R","E","R","T","E"],"build_version":"2018-03-22v2","purchased_purges":1,"victory":false,"master_deck":["Strike_R+1","Strike_R+1","Strike_R+1","Strike_R+1","Defend_R","Defend_R+1","Bash+1","Brutality+1","Seeing Red+1","Bandage Up+1","Injury","Flex"],"max_hp_per_floor":[80,80,80,87,87,87,87,87,87,87,89,91,91,91,91,93,93,95,95,95,97,97,97,97,99,99,99],"relics":["Burning Blood","Strawberry","Whetstone","Pantograph","Singing Bowl","Dream Catcher","Velvet Choker","Juzu Bracelet","Molten Egg 2","Lantern"],"card_choices":[{"not_picked":["Fire Breathing","Bloodletting"],"picked":"Brutality","floor":7},{"not_picked":["Anger","Perfected Strike"],"picked":"Seeing Red","floor":8},{"not_picked":["Fiend Fire","Burning Pact"],"picked":"Flex","floor":24}],"player_experience":94920,"potions_floor_usage":[7,16,16,24,24,27],"damage_taken":[{"damage":11,"enemies":"Jaw Worm","floor":1,"turns":3},{"damage":4,"enemies":"Small Slimes","floor":5,"turns":4},{"damage":27,"enemies":"Gremlin Nob","floor":7,"turns":4},{"damage":31,"enemies":"Gremlin Nob","floor":8,"turns":4},{"damage":30,"enemies":"3 Sentries","floor":11,"turns":10},{"damage":4,"enemies":"2 Louse","floor":12,"turns":2},{"damage":25,"enemies":"Slime Boss","floor":16,"turns":10},{"damage":29,"enemies":"Spheric Guardian","floor":18,"turns":5},{"damage":15,"enemies":"3 Byrds","floor":21,"turns":6},{"damage":64,"enemies":"Book of Stabbing","floor":24,"turns":6},{"damage":77,"enemies":"Gremlin Leader","floor":27,"turns":6}],"event_choices":[{"event_name":"Shining Light","player_choice":"Entered Light","floor":2,"damage_taken":0},{"event_name":"The Cleric","player_choice":"Card Removal","floor":3,"damage_taken":0},{"event_name":"Dead Adventurer","player_choice":"Searched \u00272\u0027 times","floor":8,"damage_taken":0},{"event_name":"Beggar","player_choice":"Gave Gold","floor":19,"damage_taken":0},{"event_name":"Addict","player_choice":"Obtained Relic","floor":20,"damage_taken":0},{"event_name":"Accursed Blacksmith","player_choice":"Forge","floor":22,"damage_taken":0}],"boss_relics":[{"not_picked":["Snecko Eye","Philosopher\u0027s Stone"],"picked":"Velvet Choker"}],"potions_floor_spawned":[1,5,7,11,21,24],"seed_played":"3445414238808923109","killed_by":"Gremlin Leader","ascension_level":1,"is_trial":false}