{"path_per_floor":["M","$","?","M","$","R","E","?","T","?","M","M","M","M","R"],"character_chosen":"THE_SILENT","items_purchased":["Membership Card"],"gold_per_floor":[209,8,8,21,21,21,50,50,50,79,94,104,115,135,135,135],"floor_reached":16,"campfire_rested":1,"playtime":778,"item_purchase_floors":[2],"current_hp_per_floor":[59,59,59,59,59,59,28,51,51,49,49,47,47,31,52,0],"items_purged":[],"gold":135,"score":138,"play_id":"71a2a204-57c8-42c4-8099-6c75be47ef38","local_time":"20180609215838","is_prod":false,"is_daily":false,"chose_seed":false,"is_ascension_mode":true,"campfire_upgraded":1,"win_rate":0,"timestamp":1528599518,"campfire_choices":[{"data":"Neutralize","floor":6,"key":"SMITH"},{"floor":15,"key":"REST"}],"path_taken":["M","$","?","M","?","R","E","?","T","?","M","?","M","M","R","BOSS"],"build_version":"2018-06-07v3","seed_source_timestamp":55460421735021,"purchased_purges":0,"victory":false,"master_deck":["Defend_G","Defend_G","Defend_G","Defend_G","Defend_G","Strike_G","Strike_G","Strike_G","Strike_G","Strike_G","Survivor","Neutralize+1","Flying Knee","Dagger Spray","Heel Hook","All Out Attack","Poisoned Stab","Cloak And Dagger","Escape Plan"],"max_hp_per_floor":[70,70,70,70,70,70,70,70,70,70,70,70,70,70,70,70],"relics":["Ring of the Snake","Membership Card","Omamori","Anchor","Odd Mushroom"],"card_choices":[{"not_picked":["Concentrate","Calculated Gamble","Acrobatics"],"picked":"SKIP","floor":1},{"not_picked":["PiercingWail","Dagger Throw"],"picked":"Flying Knee","floor":4},{"not_picked":["Deflect","Corpse Explosion"],"picked":"Dagger Spray","floor":7},{"not_picked":["Dagger Throw","Underhanded Strike"],"picked":"Heel Hook","floor":10},{"not_picked":["Cloak And Dagger","Reflex"],"picked":"All Out Attack","floor":11},{"not_picked":["Backstab","Night Terror"],"picked":"Poisoned Stab","floor":12},{"not_picked":["Outmaneuver","Slice"],"picked":"Cloak And Dagger","floor":13},{"not_picked":["Quick Slash","Skewer"],"picked":"Escape Plan","floor":14}],"player_experience":252523,"potions_floor_usage":[14,16,16,16],"damage_taken":[{"damage":4,"enemies":"Jaw Worm","floor":1,"turns":4},{"damage":0,"enemies":"2 Louse","floor":4,"turns":2},{"damage":31,"enemies":"3 Sentries","floor":7,"turns":10},{"damage":2,"floor":10,"turns":3},{"damage":0,"enemies":"Small Slimes","floor":11,"turns":3},{"damage":2,"enemies":"2 Fungi Beasts","floor":12,"turns":3},{"damage":0,"enemies":"Looter","floor":13,"turns":2},{"damage":16,"enemies":"Gremlin Gang","floor":14,"turns":4},{"damage":56,"enemies":"The Guardian","floor":16,"turns":12}],"relics_obtained":[{"floor":7,"key":"Omamori"},{"floor":9,"key":"Anchor"},{"floor":10,"key":"Odd Mushroom"}],"event_choices":[{"event_name":"The Cleric","player_choice":"Leave","floor":3,"damage_taken":0},{"event_name":"Big Fish","player_choice":"Banana","floor":8,"damage_taken":0},{"event_name":"Mushrooms","player_choice":"Fought Mushrooms","floor":10,"damage_taken":0}],"boss_relics":[],"items_purged_floors":[],"potions_floor_spawned":[1,11,12,13,14],"seed_played":"8277025097381639605","killed_by":"The Guardian","ascension_level":7,"potions_obtained":[{"floor":1,"key":"Dexterity Potion"},{"floor":11,"key":"SpeedPotion"},{"floor":12,"key":"Block Potion"},{"floor":14,"key":"SkillPotion"}],"is_trial":false}