{"path_per_floor":["M","?","?","$","?","R","E","R","T","M","M","R","E","M","R","B",null,"M","M","M","M","?","R","E","R","T","?","$","M","$"],"character_chosen":"DEFECT","items_purchased":["Mind Blast","Axe Kick","Capacitor","Regal Pillow"],"gold_per_floor":[111,111,286,211,211,211,244,244,244,261,280,280,306,322,322,422,422,434,447,458,471,394,394,424,424,449,449,16,30,30,30],"floor_reached":31,"campfire_rested":3,"playtime":1186,"current_hp_per_floor":[81,81,81,81,74,74,56,80,80,80,80,80,69,69,69,53,82,82,42,29,21,21,45,31,55,55,55,55,15,15,0],"items_purged":["Doubt","Defend_B"],"gold":30,"score":288,"play_id":"a02273d9-e3ed-4c90-b1ed-2cd00721b0f3","local_time":"20180510213416","is_prod":false,"is_daily":false,"chose_seed":false,"is_ascension_mode":false,"campfire_upgraded":1,"timestamp":1525980856,"path_taken":["M","?","?","$","?","R","E","R","T","M","M","R","E","M","R","BOSS","M","M","M","M","?","R","E","R","T","?","?","M","?","M"],"build_version":"2018-05-09","seed_source_timestamp":19334940726346,"purchased_purges":2,"victory":false,"master_deck":["Defend_B","Defend_B","Zap+1","Dualcast","Ball Lightning","Melter","Leap","Creative AI","Seek","Thunder Strike","Streamline+1","Static Discharge+1","Ball Lightning+1","Leap+1","J.A.X.","Self Repair","Bite","Bite","Bite","Bite","Bite","Mind Blast","Axe Kick","Capacitor"],"max_hp_per_floor":[82,82,82,82,82,82,82,82,82,82,82,82,82,82,82,82,82,82,82,82,82,82,82,82,82,82,57,57,57,57,57],"relics":["Cracked Core","Mango","Symbiotic Virus","Omamori","Peace Pipe","Pen Nib","Runic Pyramid","Vajra","DataDisk","Regal Pillow"],"card_choices":[{"not_picked":["Beam Cell","Leap"],"picked":"Ball Lightning","floor":1},{"not_picked":["Barrage","Go for the Eyes"],"picked":"Leap","floor":10},{"not_picked":["Turbo","Steam Power"],"picked":"Creative AI","floor":11},{"not_picked":["Coolheaded","Blizzard"],"picked":"Seek","floor":13},{"not_picked":["Fission","Creative AI"],"picked":"Thunder Strike","floor":16},{"not_picked":["Coolheaded","Blizzard"],"picked":"Streamline","floor":18},{"not_picked":["Leap","Ball Lightning"],"picked":"Static Discharge","floor":19},{"not_picked":["Axe Kick","Stack"],"picked":"Ball Lightning","floor":20},{"not_picked":["Amplify","Barrage"],"picked":"Leap","floor":21},{"not_picked":["Ball Lightning","Steam Power"],"picked":"Self Repair","floor":24}],"player_experience":69082,"potions_floor_usage":[20,20,24],"damage_taken":[{"damage":1,"enemies":"Jaw Worm","floor":1,"turns":4},{"damage":18,"enemies":"Lagavulin","floor":7,"turns":5},{"damage":0,"enemies":"Cultist","floor":10,"turns":2},{"damage":0,"enemies":"Small Slimes","floor":11,"turns":3},{"damage":11,"enemies":"Gremlin Nob","floor":13,"turns":3},{"damage":0,"enemies":"Exordium Wildlife","floor":14,"turns":2},{"damage":16,"enemies":"The Guardian","floor":16,"turns":8},{"damage":0,"enemies":"Spheric Guardian","floor":18,"turns":1},{"damage":40,"enemies":"2 Thieves","floor":19,"turns":3},{"damage":13,"enemies":"Centurion and Healer","floor":20,"turns":6},{"damage":8,"enemies":"Sentry and Sphere","floor":21,"turns":2},{"damage":14,"enemies":"Gremlin Leader","floor":24,"turns":8},{"damage":44,"enemies":"Snecko","floor":29,"turns":5},{"damage":20,"enemies":"Centurion and Healer","floor":31,"turns":1}],"event_choices":[{"event_name":"Transmorgrifier","player_choice":"Transform","floor":2,"damage_taken":0},{"event_name":"Liars Game","player_choice":"agreed","floor":3,"damage_taken":0},{"event_name":"Scrap Ooze","player_choice":"success","floor":5,"damage_taken":7},{"event_name":"Drug Dealer","player_choice":"Got JAXXED","floor":22,"damage_taken":0},{"event_name":"Vampires","player_choice":"Became a vampire","floor":27,"damage_taken":0}],"boss_relics":[{"not_picked":["Cursed Key","Snecko Eye"],"picked":"Runic Pyramid"}],"potions_floor_spawned":[7,10,13,16,19],"seed_played":"-9175804639308387232","killed_by":"Centurion and Healer","ascension_level":0,"is_trial":false}