{"gold_per_floor":[109,120,135,60,60,101,66,97,97,136,85,85,101,121,121,251,251,264,264,9,22,22,57,73,73,73,73,114,6,27,27,27,152,152,172,188,188,188,207,207,238,59,59,100,116,116,147,171,171,171],"floor_reached":50,"playtime":2415,"items_purged":["Strike_R"],"score":816,"play_id":"7d61e4ac-0c35-417f-ac9b-e4e8120590b6","local_time":"20181222025603","is_ascension_mode":true,"campfire_choices":[{"floor":12.0,"key":"REST"},{"floor":15.0,"key":"REST"},{"data":"Bludgeon","floor":25.0,"key":"SMITH"},{"floor":27.0,"key":"REST"},{"floor":32.0,"key":"REST"},{"floor":40.0,"key":"REST"},{"floor":46,"key":"RECALL"},{"floor":49,"key":"REST"}],"neow_cost":"NONE","seed_source_timestamp":282174278290344,"circlet_count":0,"master_deck":["Strike_R","Strike_R","Strike_R","Strike_R","Defend_R","Defend_R","Defend_R","Defend_R","Bash","Bludgeon+1","Flex","Inflame","Seeing Red+1","Injury","Flame Barrier","Perfected Strike+1","Shrug It Off","Thunderclap+1","Thunderclap+1","Flex","Reaper+1","Flex+1","Dropkick+1","Sentinel","Cleave+1","Flex","Rupture","Hemokinesis+1","Clothesline+1","Feed+1","Blood for Blood+1","Twin Strike+1","Anger+1","Hemokinesis+1","Writhe","Infernal Blade","Carnage+1"],"special_seed":0,"relics":["Burning Blood","Golden Idol","Molten Egg 2","Paper Frog","Meat on the Bone","Boot","Busted Crown","Enchiridion","Pantograph","Juzu Bracelet","Regal Pillow","Centennial Puzzle","Cursed Key","Bag of Marbles","Singing Bowl","Anchor","Gremlin Horn","Magic Flower"],"potions_floor_usage":[50,50,50],"damage_taken":[{"damage":6.0,"enemies":"Small Slimes","floor":1.0,"turns":2.0},{"damage":4.0,"enemies":"Jaw Worm","floor":2.0,"turns":3.0},{"damage":6.0,"enemies":"Cultist","floor":3.0,"turns":3.0},{"damage":45.0,"enemies":"Lagavulin","floor":6.0,"turns":6.0},{"damage":20.0,"enemies":"3 Sentries","floor":8.0,"turns":10.0},{"damage":36.0,"enemies":"Lagavulin","floor":10.0,"turns":7.0},{"damage":14.0,"enemies":"Red Slaver","floor":13.0,"turns":2.0},{"damage":13.0,"enemies":"Blue Slaver","floor":14.0,"turns":2.0},{"damage":12.0,"enemies":"Slime Boss","floor":16.0,"turns":6.0},{"damage":2.0,"enemies":"Chosen","floor":18.0,"turns":4.0},{"damage":12.0,"enemies":"2 Thieves","floor":21.0,"turns":2.0},{"damage":48.0,"enemies":"Gremlin Leader","floor":23.0,"turns":5.0},{"damage":20.0,"enemies":"Snecko","floor":24.0,"turns":3.0},{"damage":31.0,"enemies":"Book of Stabbing","floor":28.0,"turns":4.0},{"damage":37.0,"enemies":"Sentry and Sphere","floor":30.0,"turns":5.0},{"damage":74.0,"enemies":"Champ","floor":33.0,"turns":8.0},{"damage":45.0,"enemies":"3 Darklings","floor":35.0,"turns":5.0},{"damage":4.0,"enemies":"3 Shapes","floor":36.0,"turns":2.0},{"damage":26.0,"enemies":"Maw","floor":39.0,"turns":6.0},{"damage":45.0,"enemies":"Reptomancer","floor":41.0,"turns":6.0},{"damage":28,"enemies":"Giant Head","floor":44,"turns":5},{"damage":29,"enemies":"4 Shapes","floor":45,"turns":3},{"damage":48,"enemies":"Nemesis","floor":47,"turns":5},{"damage":5,"enemies":"Spire Growth","floor":48,"turns":2},{"damage":118,"enemies":"Time Eater","floor":50,"turns":5}],"seed_played":"-6021233452840062609","potions_obtained":[{"floor":2.0,"key":"Explosive Potion"},{"floor":10.0,"key":"Explosive Potion"},{"floor":14.0,"key":"Dexterity Potion"},{"floor":16.0,"key":"FearPotion"},{"floor":24.0,"key":"AttackPotion"},{"floor":28.0,"key":"Dexterity Potion"},{"floor":30.0,"key":"Ancient Potion"},{"floor":33.0,"key":"Regen Potion"},{"floor":41.0,"key":"GamblersBrew"},{"floor":45,"key":"Explosive Potion"},{"floor":48,"key":"BloodPotion"}],"is_trial":false,"path_per_floor":["M","M","M","$","?","E","?","E","T","E","$","R","M","M","R","B",null,"M","?","$","M","$","E","M","R","T","R","E","$","M","$","R","B",null,"M","M","?","?","M","R","E","$","T","E","M","R","E","M","R","B"],"character_chosen":"IRONCLAD","items_purchased":["Thunderclap+1","Pantograph","Rupture","Hemokinesis+1","Anchor","Hemokinesis+1"],"campfire_rested":6,"item_purchase_floors":[11,20,29,29,42,42],"current_hp_per_floor":[80,80,80,80,80,41,61,47,47,29,29,53,57,50,74,68,77,80,64,64,58,58,57,55,55,55,80,55,55,45,45,80,24,66,50,52,52,52,47,80,62,62,62,58,71,71,53,57,94,0],"gold":171,"neow_bonus":"ONE_RANDOM_RARE_CARD","is_prod":false,"is_daily":false,"chose_seed":false,"campfire_upgraded":1,"win_rate":0,"timestamp":1545465363,"path_taken":["M","M","M","$","?","E","?","E","T","E","$","R","M","M","R","BOSS","M","?","?","M","?","E","M","R","T","R","E","$","M","$","R","BOSS","M","M","?","?","M","R","E","?","T","E","M","R","E","M","R","BOSS"],"build_version":"2018-12-20","purchased_purges":1,"victory":false,"max_hp_per_floor":[80,80,80,80,80,80,80,80,80,80,80,80,80,80,80,80,80,80,80,80,80,80,80,80,80,80,80,80,80,80,80,80,80,80,80,80,80,80,80,80,82,82,82,88,94,94,94,94,94,94],"card_choices":[{"not_picked":["Cleave","Heavy Blade"],"picked":"Flex","floor":1.0},{"not_picked":["Pommel Strike","Dual Wield"],"picked":"Inflame","floor":2.0},{"not_picked":["Disarm","Body Slam"],"picked":"Seeing Red","floor":3.0},{"not_picked":["Power Through","Rupture"],"picked":"Flame Barrier","floor":6.0},{"not_picked":["Blood for Blood+1","Burning Pact"],"picked":"Perfected Strike+1","floor":8.0},{"not_picked":["Corruption","Warcry"],"picked":"Shrug It Off","floor":10.0},{"not_picked":["Searing Blow+1","Corruption"],"picked":"Thunderclap+1","floor":13.0},{"not_picked":["Body Slam+1","Fire Breathing"],"picked":"Flex","floor":14.0},{"not_picked":["Limit Break","Brutality"],"picked":"Reaper+1","floor":16.0},{"not_picked":[],"picked":"Flex+1","floor":18.0},{"not_picked":[],"picked":"Dropkick+1","floor":21.0},{"not_picked":[],"picked":"Sentinel","floor":23.0},{"not_picked":[],"picked":"Cleave+1","floor":24.0},{"not_picked":[],"picked":"Flex","floor":28.0},{"not_picked":[],"picked":"Clothesline+1","floor":30.0},{"not_picked":[],"picked":"Feed+1","floor":33.0},{"not_picked":[],"picked":"Blood for Blood+1","floor":35.0},{"not_picked":[],"picked":"Twin Strike+1","floor":36.0},{"not_picked":[],"picked":"Anger+1","floor":39.0},{"not_picked":["Warcry"],"picked":"Singing Bowl","floor":41.0},{"not_picked":["True Grit"],"picked":"Singing Bowl","floor":44},{"not_picked":["Heavy Blade+1"],"picked":"SKIP","floor":45},{"not_picked":["Heavy Blade+1"],"picked":"Singing Bowl","floor":45},{"not_picked":[],"picked":"Infernal Blade","floor":47},{"not_picked":[],"picked":"Carnage+1","floor":48}],"player_experience":226372,"relics_obtained":[{"floor":6.0,"key":"Molten Egg 2"},{"floor":8.0,"key":"Paper Frog"},{"floor":9.0,"key":"Meat on the Bone"},{"floor":10.0,"key":"Boot"},{"floor":19.0,"key":"Enchiridion"},{"floor":23.0,"key":"Juzu Bracelet"},{"floor":26.0,"key":"Regal Pillow"},{"floor":28.0,"key":"Centennial Puzzle"},{"floor":41.0,"key":"Singing Bowl"},{"floor":44,"key":"Gremlin Horn"},{"floor":47,"key":"Magic Flower"}],"event_choices":[{"damage_healed":0.0,"max_hp_gain":0.0,"max_hp_loss":0.0,"gold_gain":0.0,"event_name":"Golden Idol","player_choice":"Take Wound","floor":5.0,"gold_loss":0.0,"damage_taken":0.0,"relics_obtained":["Golden Idol"],"cards_obtained":["Injury"]},{"damage_healed":20.0,"max_hp_gain":0.0,"max_hp_loss":0.0,"gold_gain":0.0,"event_name":"The Cleric","player_choice":"Healed","floor":7.0,"gold_loss":35.0,"damage_taken":0.0},{"damage_healed":0.0,"max_hp_gain":0.0,"max_hp_loss":0.0,"gold_gain":0.0,"event_name":"Cursed Tome","player_choice":"Obtained Book","floor":19.0,"gold_loss":0.0,"damage_taken":16.0},{"damage_healed":0.0,"max_hp_gain":0.0,"max_hp_loss":0.0,"gold_gain":0.0,"event_name":"WeMeetAgain","player_choice":"Gave Potion","floor":37.0,"gold_loss":0.0,"damage_taken":0.0,"relics_obtained":["Bag of Marbles"]},{"damage_healed":0.0,"max_hp_gain":0.0,"max_hp_loss":0.0,"gold_gain":0.0,"event_name":"Upgrade Shrine","player_choice":"Upgraded","floor":38.0,"gold_loss":0.0,"damage_taken":0.0,"cards_upgraded":["Seeing Red"]}],"is_beta":false,"boss_relics":[{"not_picked":["Velvet Choker","Runic Dome"],"picked":"Busted Crown"},{"not_picked":["White Beast Statue","Runic Pyramid"],"picked":"Cursed Key"}],"items_purged_floors":[4],"is_endless":false,"potions_floor_spawned":[2,10,14,16,24,28,30,33,41,45,48],"killed_by":"Time Eater","ascension_level":5}