{"gold_per_floor":[115,127,137,156,175,175,200,200,200,235,253,253],"floor_reached":12,"playtime":459,"items_purged":[],"score":147,"play_id":"a24e71d9-056b-477e-ae7a-79d938c06aa9","local_time":"20181112221139","is_ascension_mode":true,"campfire_choices":[{"data":"Redo","floor":6,"key":"SMITH"},{"data":"Zap","floor":8,"key":"SMITH"}],"neow_cost":"NONE","seed_source_timestamp":151282340133355,"circlet_count":0,"master_deck":["AscendersBane","Strike_B","Strike_B","Strike_B","Strike_B","Defend_B","Defend_B","Defend_B","Defend_B","Zap+1","Dualcast","Redo+1","Undo","Doom and Gloom","BootSequence","Ball Lightning","Doom and Gloom","Rainbow","Loop"],"relics":["Cracked Core","NeowsBlessing","Incense Burner","Potion Belt","Dream Catcher"],"potions_floor_usage":[7],"damage_taken":[{"damage":0,"enemies":"Cultist","floor":1,"turns":1},{"damage":0,"enemies":"Jaw Worm","floor":2,"turns":1},{"damage":0,"enemies":"2 Louse","floor":3,"turns":1},{"damage":9,"enemies":"Exordium Wildlife","floor":4,"turns":2},{"damage":2,"enemies":"Lots of Slimes","floor":5,"turns":2},{"damage":7,"enemies":"3 Sentries","floor":7,"turns":5},{"damage":36,"enemies":"Gremlin Nob","floor":10,"turns":4},{"damage":2,"enemies":"2 Fungi Beasts","floor":11,"turns":3}],"seed_played":"2903297998754117132","potions_obtained":[{"floor":4,"key":"FearPotion"},{"floor":5,"key":"Explosive Potion"},{"floor":7,"key":"EssenceOfSteel"}],"is_trial":false,"path_per_floor":["M","M","M","M","M","R","E","R","T","E","M","?"],"character_chosen":"DEFECT","items_purchased":[],"campfire_rested":0,"item_purchase_floors":[],"current_hp_per_floor":[68,68,68,59,57,57,50,50,50,14,12,0],"gold":253,"neow_bonus":"THREE_ENEMY_KILL","is_prod":false,"is_daily":false,"chose_seed":false,"campfire_upgraded":2,"win_rate":0,"timestamp":1542021099,"path_taken":["M","M","M","M","M","R","E","R","T","E","?","?"],"build_version":"2018-11-06","purchased_purges":0,"victory":false,"max_hp_per_floor":[75,75,75,75,75,75,75,75,75,75,75,75],"card_choices":[{"not_picked":["Stack","Beam Cell"],"picked":"Redo","floor":1},{"not_picked":["Streamline","Go for the Eyes"],"picked":"Undo","floor":2},{"not_picked":["Compile Driver","Melter"],"picked":"Doom and Gloom","floor":3},{"not_picked":["Redo","Lockon"],"picked":"BootSequence","floor":4},{"not_picked":["Storm","Redo"],"picked":"Ball Lightning","floor":5},{"not_picked":["Redo","Go for the Eyes"],"picked":"Doom and Gloom","floor":7},{"not_picked":["Gash","Turbo"],"picked":"Rainbow","floor":10},{"not_picked":["Gash","Hologram"],"picked":"Loop","floor":11}],"player_experience":773334,"relics_obtained":[{"floor":7,"key":"Incense Burner"},{"floor":9,"key":"Potion Belt"},{"floor":10,"key":"Dream Catcher"}],"event_choices":[],"is_beta":true,"boss_relics":[],"items_purged_floors":[],"is_endless":false,"potions_floor_spawned":[4,5,7],"ascension_level":12}