{"gold_per_floor":[109,120,138,153,170,202,221,221],"floor_reached":8,"playtime":691,"items_purged":[],"score":81,"play_id":"fe46c626-76d8-414d-a2b1-c6ab4e6c8b6c","local_time":"20181228222237","is_ascension_mode":true,"campfire_choices":[],"neow_cost":"NONE","seed_source_timestamp":872673613447476,"circlet_count":0,"master_deck":["Strike_R","Strike_R","Strike_R","Strike_R","Strike_R","Defend_R","Defend_R","Defend_R","Defend_R","Bash","Impatience","Iron Wave","Corruption","Havoc","Thunderclap","Pommel Strike","Pommel Strike","Iron Wave"],"relics":["Burning Blood","The Courier"],"potions_floor_usage":[6,6],"damage_taken":[{"damage":8,"enemies":"Jaw Worm","floor":1,"turns":5},{"damage":7,"enemies":"2 Louse","floor":2,"turns":3},{"damage":0,"enemies":"Small Slimes","floor":3,"turns":3},{"damage":1,"enemies":"2 Fungi Beasts","floor":4,"turns":4},{"damage":12,"enemies":"Large Slime","floor":5,"turns":5},{"damage":32,"enemies":"Gremlin Nob","floor":6,"turns":4},{"damage":14,"enemies":"Exordium Wildlife","floor":7,"turns":2},{"damage":45,"enemies":"3 Sentries","floor":8,"turns":7}],"seed_played":"6334227058265671874","potions_obtained":[{"floor":2,"key":"SpeedPotion"},{"floor":3,"key":"PowerPotion"}],"is_trial":false,"path_per_floor":["M","M","M","M","M","E","M","E"],"character_chosen":"IRONCLAD","items_purchased":[],"campfire_rested":0,"item_purchase_floors":[],"current_hp_per_floor":[70,69,75,80,74,48,40,0],"gold":221,"neow_bonus":"RANDOM_COLORLESS","is_prod":false,"is_daily":false,"chose_seed":false,"campfire_upgraded":0,"win_rate":0,"timestamp":1546053757,"path_taken":["M","M","M","M","M","E","M","E"],"build_version":"2018-12-20","purchased_purges":0,"victory":false,"max_hp_per_floor":[80,80,80,80,80,80,80,80],"card_choices":[{"not_picked":["Reckless Charge","Sword Boomerang"],"picked":"Iron Wave","floor":1},{"not_picked":["Clothesline","Shrug It Off"],"picked":"Corruption","floor":2},{"not_picked":["Bloodletting","Twin Strike"],"picked":"Havoc","floor":3},{"not_picked":["Body Slam","Perfected Strike"],"picked":"Thunderclap","floor":4},{"not_picked":["Pummel","Spot Weakness"],"picked":"Pommel Strike","floor":5},{"not_picked":["Clothesline","Burning Pact"],"picked":"Pommel Strike","floor":6},{"not_picked":["Flame Barrier","Havoc"],"picked":"Iron Wave","floor":7}],"player_experience":273689,"relics_obtained":[{"floor":6,"key":"The Courier"}],"event_choices":[],"is_beta":false,"boss_relics":[],"items_purged_floors":[],"is_endless":false,"potions_floor_spawned":[2,3],"killed_by":"3 Sentries","ascension_level":6}