{"gold_per_floor":[99,99,99,99,99,99,99,99,99,99,99,99,99,99,99,99,99,99,99,59,34,34,34,34,34,34,34,34,34,34,34,34,34],"floor_reached":33,"playtime":2110,"items_purged":[],"score":384,"play_id":"d44bbd68-59d4-494c-b641-a537fd2c0a86","local_time":"20181123065410","is_ascension_mode":false,"campfire_choices":[{"floor":7,"key":"REST"},{"data":"1","floor":15,"key":"LIFT"},{"data":"2","floor":23,"key":"LIFT"},{"data":"3","floor":28,"key":"LIFT"},{"floor":32,"key":"REST"}],"neow_cost":"NONE","seed_source_timestamp":120330433801555,"circlet_count":0,"master_deck":["Defend_G+1","Defend_G","Defend_G","Defend_G","Defend_G","Strike_G+1","Strike_G+1","Strike_G","Strike_G","Survivor","Neutralize+1","Crippling Poison","Masterful Stab","Blur","Deadly Poison","Dagger Throw","Dash","Deadly Poison","Slice","Poisoned Stab","Dagger Spray","Phantasmal Killer","Deflect","Bane+1","Bane","Masterful Stab","Crippling Poison","Caltrops","Bouncing Flask","Outmaneuver","Slice+1"],"relics":["Ectoplasm","Gremlin Horn","Anchor","Darkstone Periapt","Girya","Boot","Sozu","Old Coin","Bottled Tornado","Sundial"],"potions_floor_usage":[33,33],"damage_taken":[{"damage":0,"enemies":"Cultist","floor":1,"turns":4},{"damage":0,"enemies":"2 Louse","floor":3,"turns":2},{"damage":3,"enemies":"Jaw Worm","floor":4,"turns":3},{"damage":0,"enemies":"Exordium Thugs","floor":5,"turns":5},{"damage":16,"enemies":"3 Sentries","floor":6,"turns":9},{"damage":0,"enemies":"Blue Slaver","floor":8,"turns":3},{"damage":0,"enemies":"Red Slaver","floor":10,"turns":2},{"damage":0,"enemies":"Gremlin Nob","floor":12,"turns":4},{"damage":0,"enemies":"Exordium Wildlife","floor":13,"turns":5},{"damage":0,"enemies":"3 Sentries","floor":14,"turns":5},{"damage":45,"enemies":"The Guardian","floor":16,"turns":8},{"damage":4,"enemies":"Shell Parasite","floor":18,"turns":4},{"damage":0,"enemies":"3 Byrds","floor":19,"turns":3},{"damage":12,"enemies":"Book of Stabbing","floor":24,"turns":4},{"damage":5,"enemies":"Centurion and Healer","floor":25,"turns":5},{"damage":9,"enemies":"Snake Plant","floor":27,"turns":3},{"damage":12,"enemies":"Sentry and Sphere","floor":29,"turns":4},{"damage":0,"enemies":"Gremlin Leader","floor":30,"turns":4},{"damage":53,"enemies":"Champ","floor":33,"turns":8}],"seed_played":"-1813295308473181023","potions_obtained":[{"floor":4,"key":"SteroidPotion"},{"floor":5,"key":"SmokeBomb"},{"floor":8,"key":"FearPotion"},{"floor":14,"key":"PowerPotion"}],"is_trial":false,"path_per_floor":["M","?","M","M","M","E","R","M","T","M","?","E","M","E","R","B",null,"M","M","?","$","?","R","E","M","T","M","R","M","E","$","R","B"],"character_chosen":"THE_SILENT","items_purchased":["Bane"],"campfire_rested":2,"item_purchase_floors":[21],"current_hp_per_floor":[70,63,63,60,60,44,65,65,65,65,51,51,51,51,51,6,70,66,66,66,66,66,66,54,49,49,40,40,28,28,28,49,0],"gold":34,"neow_bonus":"BOSS_RELIC","is_prod":false,"is_daily":false,"chose_seed":false,"campfire_upgraded":0,"win_rate":0.0,"timestamp":1542974050,"path_taken":["M","?","M","M","M","E","R","M","T","M","?","E","M","E","R","BOSS","M","M","?","?","?","R","E","M","T","?","R","M","E","?","R","BOSS"],"build_version":"2018-11-15","purchased_purges":0,"victory":false,"max_hp_per_floor":[70,70,70,70,70,70,70,70,70,70,70,70,70,70,70,70,70,70,70,70,70,70,70,70,70,70,70,70,70,70,70,70,70],"card_choices":[{"not_picked":["Acrobatics","Backflip"],"picked":"Crippling Poison","floor":1},{"not_picked":["Underhanded Strike","Backstab"],"picked":"Masterful Stab","floor":3},{"not_picked":["Flying Knee","Infinite Blades"],"picked":"Blur","floor":4},{"not_picked":["Flying Knee","Storm of Steel"],"picked":"Deadly Poison","floor":5},{"not_picked":["Flying Knee","Dagger Spray"],"picked":"Dagger Throw","floor":6},{"not_picked":["Flying Knee","Sucker Punch"],"picked":"Dash","floor":8},{"not_picked":["Choke","Sucker Punch"],"picked":"Deadly Poison","floor":10},{"not_picked":["Acrobatics","Finisher"],"picked":"Slice","floor":12},{"not_picked":["Calculated Gamble","Quick Slash"],"picked":"Poisoned Stab","floor":13},{"not_picked":["Prepared","Quick Slash"],"picked":"Dagger Spray","floor":14},{"not_picked":["Tools of the Trade","A Thousand Cuts"],"picked":"Phantasmal Killer","floor":16},{"not_picked":["Heel Hook","Prepared+1"],"picked":"Deflect","floor":18},{"not_picked":["Dodge and Roll+1","Blade Dance"],"picked":"Bane+1","floor":19},{"not_picked":["Dodge and Roll","Poisoned Stab+1"],"picked":"Crippling Poison","floor":24},{"not_picked":["Dagger Spray","Prepared"],"picked":"Caltrops","floor":25},{"not_picked":["Flying Knee","Outmaneuver"],"picked":"Bouncing Flask","floor":27},{"not_picked":["Terror","Distraction"],"picked":"Outmaneuver","floor":29},{"not_picked":["Riddle With Holes","Dodge and Roll"],"picked":"Slice+1","floor":30}],"player_experience":40824,"relics_obtained":[{"floor":6,"key":"Anchor"},{"floor":9,"key":"Darkstone Periapt"},{"floor":12,"key":"Girya"},{"floor":14,"key":"Boot"},{"floor":24,"key":"Old Coin"},{"floor":26,"key":"Bottled Tornado"},{"floor":30,"key":"Sundial"}],"event_choices":[{"damage_healed":0,"gold_gain":0,"player_choice":"Success","damage_taken":7,"relics_obtained":["Gremlin Horn"],"max_hp_gain":0,"max_hp_loss":0,"event_name":"Scrap Ooze","floor":2,"gold_loss":0},{"damage_healed":0,"gold_gain":0,"player_choice":"Entered Light","damage_taken":14,"max_hp_gain":0,"max_hp_loss":0,"event_name":"Shining Light","floor":11,"gold_loss":0,"cards_upgraded":["Neutralize","Defend_G"]},{"damage_healed":0,"gold_gain":0,"player_choice":"Upgraded Two","damage_taken":0,"max_hp_gain":0,"max_hp_loss":0,"event_name":"Designer","floor":20,"gold_loss":40,"cards_upgraded":["Strike_G","Strike_G"]},{"damage_healed":0,"gold_gain":0,"cards_transformed":["Strike_G"],"player_choice":"Transformed","damage_taken":0,"max_hp_gain":0,"max_hp_loss":0,"event_name":"Transmorgrifier","floor":22,"gold_loss":0,"cards_obtained":["Masterful Stab"]}],"is_beta":false,"boss_relics":[{"not_picked":["Pandora\u0027s Box","Runic Pyramid"],"picked":"Sozu"}],"items_purged_floors":[],"is_endless":false,"potions_floor_spawned":[4,5,8,14,16,24,25,27],"killed_by":"Champ","ascension_level":0}