{"gold_per_floor":[116,116,134,153,5,5,40,50,76,89,89,124,136,151,151,223,223,234,250,91,103,121,121,138,154,177,177,177,191,191,210,210,210],"floor_reached":33,"playtime":1519,"items_purged":["Strike_R"],"score":504,"play_id":"46b8835b-d27a-4bd5-b388-fa09c55c7874","local_time":"20181219152322","is_ascension_mode":true,"campfire_choices":[{"data":"Immolate","floor":6,"key":"SMITH"},{"data":"Disarm","floor":11,"key":"SMITH"},{"data":"Uppercut","floor":15,"key":"SMITH"},{"data":"True Grit","floor":23,"key":"SMITH"},{"floor":27,"key":"REST"},{"floor":30,"key":"REST"},{"data":"Demon Form","floor":32,"key":"SMITH"}],"neow_cost":"NONE","seed_source_timestamp":15239226771635,"circlet_count":0,"master_deck":["AscendersBane","Strike_R","Strike_R","Strike_R","Defend_R","Defend_R","Defend_R","Defend_R","Bash","Sever Soul","Disarm+1","Headbutt","Immolate+1","Shockwave","Cleave","Demon Form+1","Clothesline","Uppercut+1","Inflame","Exhume","Armaments+1","True Grit+1","Shrug It Off+1","Whirlwind"],"relics":["Black Blood","NeowsBlessing","Red Skull","Oddly Smooth Stone","Bronze Scales","Centennial Puzzle"],"potions_floor_usage":[12,16,25,33],"damage_taken":[{"damage":0,"enemies":"Small Slimes","floor":1,"turns":1},{"damage":0,"enemies":"Cultist","floor":3,"turns":1},{"damage":0,"enemies":"Jaw Worm","floor":4,"turns":1},{"damage":6,"enemies":"Gremlin Nob","floor":7,"turns":3},{"damage":0,"enemies":"Exordium Wildlife","floor":8,"turns":1},{"damage":11,"enemies":"Looter","floor":10,"turns":2},{"damage":4,"enemies":"3 Sentries","floor":12,"turns":3},{"damage":12,"enemies":"Exordium Thugs","floor":13,"turns":3},{"damage":4,"enemies":"Exordium Wildlife","floor":14,"turns":2},{"damage":4,"enemies":"The Guardian","floor":16,"turns":10},{"damage":6,"enemies":"3 Byrds","floor":18,"turns":2},{"damage":36,"enemies":"Shell Parasite","floor":19,"turns":7},{"damage":18,"enemies":"Snake Plant","floor":21,"turns":5},{"damage":13,"enemies":"Snecko","floor":22,"turns":3},{"damage":11,"enemies":"Centurion and Healer","floor":24,"turns":11},{"damage":16,"enemies":"Cultist and Chosen","floor":25,"turns":7},{"damage":32,"enemies":"3 Cultists","floor":29,"turns":5},{"damage":6,"enemies":"Snake Plant","floor":31,"turns":5},{"damage":66,"enemies":"Champ","floor":33,"turns":11}],"seed_played":"-6959667494049753513","potions_obtained":[{"floor":1,"key":"PowerPotion"},{"floor":3,"key":"Swift Potion"},{"floor":10,"key":"Energy Potion"},{"floor":12,"key":"Ancient Potion"},{"floor":22,"key":"Fire Potion"},{"floor":29,"key":"Block Potion"}],"is_trial":false,"path_per_floor":["M","?","M","M","$","R","E","M","T","M","R","E","M","M","R","B",null,"M","M","$","M","M","R","M","M","T","R","?","M","R","M","R","B"],"character_chosen":"IRONCLAD","items_purchased":["Immolate","Shockwave","True Grit","Fire Potion"],"campfire_rested":2,"item_purchase_floors":[5,5,20,20],"current_hp_per_floor":[74,74,75,75,75,75,75,75,75,70,70,72,66,68,68,70,74,75,49,49,41,38,38,37,31,31,53,53,31,53,57,57,0],"gold":210,"neow_bonus":"THREE_ENEMY_KILL","is_prod":false,"is_daily":false,"chose_seed":false,"campfire_upgraded":5,"win_rate":0,"timestamp":1545261802,"path_taken":["M","?","?","M","$","R","E","?","T","M","R","E","M","M","R","BOSS","M","M","$","M","M","R","M","M","T","R","?","M","R","M","R","BOSS"],"build_version":"2018-12-13","purchased_purges":1,"victory":false,"max_hp_per_floor":[75,75,75,75,75,75,75,75,75,75,75,75,75,75,75,75,75,75,75,75,75,75,75,75,75,75,75,75,75,75,75,75,75],"card_choices":[{"not_picked":["Sword Boomerang","Entrench"],"picked":"Sever Soul","floor":1},{"not_picked":["Rampage","Shrug It Off"],"picked":"Disarm","floor":3},{"not_picked":["Fire Breathing","Twin Strike"],"picked":"Headbutt","floor":4},{"not_picked":["Pummel","Twin Strike"],"picked":"Cleave","floor":7},{"not_picked":["Inflame","Rampage"],"picked":"Demon Form","floor":8},{"not_picked":["Carnage","Twin Strike"],"picked":"Clothesline","floor":10},{"not_picked":["Clash","Whirlwind"],"picked":"Uppercut","floor":12},{"not_picked":["Second Wind","Uppercut"],"picked":"Inflame","floor":13},{"not_picked":["Carnage","Clash","Brutality"],"picked":"SKIP","floor":14},{"not_picked":["Reaper","Offering"],"picked":"Exhume","floor":16},{"not_picked":["Wild Strike","Cleave"],"picked":"Armaments+1","floor":18},{"not_picked":["Combust","Bloodletting","Carnage"],"picked":"SKIP","floor":19},{"not_picked":["Bloodletting","Inflame"],"picked":"Shrug It Off+1","floor":21},{"not_picked":["Sentinel","Body Slam","Combust+1"],"picked":"SKIP","floor":22},{"not_picked":["Wild Strike+1","Metallicize","Perfected Strike"],"picked":"SKIP","floor":24},{"not_picked":["Spot Weakness","Twin Strike"],"picked":"Whirlwind","floor":25},{"not_picked":["Fire Breathing","Searing Blow","Rupture"],"picked":"SKIP","floor":29},{"not_picked":["Clash","Warcry","Pommel Strike"],"picked":"SKIP","floor":31}],"player_experience":1589871,"relics_obtained":[{"floor":7,"key":"Red Skull"},{"floor":9,"key":"Oddly Smooth Stone"},{"floor":12,"key":"Bronze Scales"},{"floor":26,"key":"Centennial Puzzle"}],"event_choices":[{"cards_removed":["Strike_R"],"damage_healed":0,"gold_gain":0,"player_choice":"Purged","damage_taken":0,"max_hp_gain":0,"max_hp_loss":0,"event_name":"Purifier","floor":2,"gold_loss":0},{"damage_healed":0,"gold_gain":0,"player_choice":"Ignored","damage_taken":0,"max_hp_gain":0,"max_hp_loss":0,"event_name":"Ghosts","floor":28,"gold_loss":0}],"is_beta":false,"boss_relics":[{"not_picked":["Eternal Feather","Runic Cube"],"picked":"Black Blood"}],"items_purged_floors":[20],"is_endless":false,"potions_floor_spawned":[1,3,10,12,22,24,29],"killed_by":"Champ","ascension_level":18}