{"gold_per_floor":[119,135,135,135,146,146,177,177,202,202,213,228,228,244,244,322,322,338,338,263,263,263,263,282,282,305,305,220,237,252,302,302,302],"floor_reached":33,"playtime":1354,"items_purged":["Strike_R"],"score":466,"play_id":"99ee191e-f9f4-42a2-a748-131673798776","local_time":"20190121182459","is_ascension_mode":true,"campfire_choices":[{"data":"Armaments","floor":6,"key":"SMITH"},{"data":"Bash","floor":8,"key":"SMITH"},{"floor":10,"key":"REST"},{"data":"True Grit","floor":15,"key":"SMITH"},{"floor":23,"key":"REST"},{"data":"Rage","floor":25,"key":"SMITH"},{"floor":27,"key":"REST"},{"data":"Power Through","floor":32,"key":"SMITH"}],"neow_cost":"NONE","seed_source_timestamp":948837870865711,"circlet_count":0,"master_deck":["AscendersBane","Strike_R+1","Strike_R+1","Strike_R+1","Strike_R+1","Defend_R+1","Defend_R+1","Defend_R+1","Defend_R+1","Bash+1","Impatience","Cleave","Power Through+1","Armaments+1","Wild Strike","True Grit+1","Disarm","Immolate","Offering","Shockwave+1","Rage+1","Shrug It Off"],"relics":["Burning Blood","Blood Vial","Potion Belt","Letter Opener","Mark of Pain","Vajra","Red Skull"],"potions_floor_usage":[7,7,24,30],"damage_taken":[{"damage":8,"enemies":"Small Slimes","floor":1,"turns":5},{"damage":2,"enemies":"2 Louse","floor":2,"turns":3},{"damage":0,"enemies":"Jaw Worm","floor":5,"turns":5},{"damage":24,"enemies":"Lagavulin","floor":7,"turns":9},{"damage":16,"enemies":"Large Slime","floor":11,"turns":6},{"damage":3,"enemies":"Looter","floor":12,"turns":4},{"damage":0,"enemies":"Exordium Wildlife","floor":14,"turns":3},{"damage":51,"enemies":"Hexaghost","floor":16,"turns":17},{"damage":28,"enemies":"Shell Parasite","floor":18,"turns":7},{"damage":10,"enemies":"Chosen","floor":24,"turns":4},{"damage":12,"enemies":"Snecko","floor":29,"turns":4},{"damage":10,"enemies":"Centurion and Healer","floor":30,"turns":7},{"damage":90,"enemies":"Champ","floor":33,"turns":16}],"seed_played":"-9180453228792011821","potions_obtained":[{"floor":1,"key":"Weak Potion"},{"floor":2,"key":"Block Potion"},{"floor":7,"key":"Dexterity Potion"},{"floor":12,"key":"Poison Potion"}],"is_trial":false,"path_per_floor":["M","M","?","?","M","R","E","R","T","R","M","M","?","M","R","B",null,"M","?","$","?","?","R","M","R","T","R","?","M","M","?","R","B"],"character_chosen":"IRONCLAD","items_purchased":[],"campfire_rested":3,"item_purchase_floors":[],"current_hp_per_floor":[66,70,47,47,53,53,35,35,35,57,49,54,49,57,57,14,60,40,19,19,19,19,43,41,41,41,65,65,61,59,59,59,0],"gold":302,"neow_bonus":"RANDOM_COLORLESS","is_prod":false,"is_daily":false,"chose_seed":false,"campfire_upgraded":5,"win_rate":0,"timestamp":1548062699,"path_taken":["M","M","?","?","M","R","E","R","T","R","M","?","?","M","R","BOSS","M","?","$","?","?","R","M","R","T","R","?","M","?","?","R","BOSS"],"build_version":"2019-01-17v2","purchased_purges":1,"victory":false,"max_hp_per_floor":[75,75,75,75,75,75,75,75,75,75,75,75,75,75,75,75,75,75,80,80,80,80,80,80,80,80,80,80,80,80,80,80,80],"card_choices":[{"not_picked":["Clothesline","Hemokinesis"],"picked":"Cleave","floor":1},{"not_picked":["Reckless Charge","Entrench"],"picked":"Power Through","floor":2},{"not_picked":["Flex","Sword Boomerang"],"picked":"Armaments","floor":5},{"not_picked":["Sword Boomerang","Searing Blow"],"picked":"Wild Strike","floor":7},{"not_picked":["Twin Strike","Heavy Blade"],"picked":"True Grit","floor":11},{"not_picked":["Pommel Strike","Twin Strike"],"picked":"Disarm","floor":12},{"not_picked":["Power Through","Havoc"],"picked":"Immolate","floor":14},{"not_picked":["Brutality","Exhume"],"picked":"Offering","floor":16},{"not_picked":["Clash","Rupture"],"picked":"Shockwave+1","floor":18},{"not_picked":["Uppercut+1","Anger"],"picked":"Rage","floor":24},{"not_picked":["Wild Strike","Inflame"],"picked":"Shrug It Off","floor":29},{"not_picked":["Uppercut","Iron Wave","Heavy Blade+1"],"picked":"SKIP","floor":30}],"player_experience":624264,"relics_obtained":[{"floor":7,"key":"Blood Vial"},{"floor":9,"key":"Potion Belt"},{"floor":26,"key":"Vajra"}],"event_choices":[{"damage_healed":0,"gold_gain":0,"player_choice":"Entered Light","damage_taken":23,"max_hp_gain":0,"max_hp_loss":0,"event_name":"Shining Light","floor":3,"gold_loss":0,"cards_upgraded":["Strike_R","Defend_R"]},{"damage_healed":0,"gold_gain":0,"player_choice":"Ignored","damage_taken":0,"max_hp_gain":0,"max_hp_loss":0,"event_name":"Golden Idol","floor":4,"gold_loss":0},{"damage_healed":0,"gold_gain":0,"player_choice":"Success","damage_taken":5,"relics_obtained":["Letter Opener"],"max_hp_gain":0,"max_hp_loss":0,"event_name":"Scrap Ooze","floor":13,"gold_loss":0},{"damage_healed":0,"gold_gain":0,"player_choice":"Shed Blood","damage_taken":26,"max_hp_gain":5,"max_hp_loss":0,"event_name":"Forgotten Altar","floor":19,"gold_loss":0},{"damage_healed":0,"gold_gain":0,"player_choice":"Simplicity","damage_taken":0,"max_hp_gain":0,"max_hp_loss":0,"event_name":"Back to Basics","floor":21,"gold_loss":0,"cards_upgraded":["Strike_R","Strike_R","Strike_R","Defend_R","Defend_R","Defend_R"]},{"damage_healed":0,"gold_gain":0,"player_choice":"Ignored","damage_taken":0,"max_hp_gain":0,"max_hp_loss":0,"event_name":"Ghosts","floor":22,"gold_loss":0},{"damage_healed":0,"gold_gain":0,"player_choice":"Obtained Relic","damage_taken":0,"relics_obtained":["Red Skull"],"max_hp_gain":0,"max_hp_loss":0,"event_name":"Addict","floor":28,"gold_loss":85},{"damage_healed":0,"gold_gain":50,"player_choice":"Stole From Cult","damage_taken":0,"max_hp_gain":0,"max_hp_loss":0,"event_name":"Nest","floor":31,"gold_loss":0}],"is_beta":false,"boss_relics":[{"not_picked":["Pandora\u0027s Box","Tiny House"],"picked":"Mark of Pain"}],"items_purged_floors":[20],"is_endless":false,"potions_floor_spawned":[1,2,7,12],"killed_by":"Champ","ascension_level":18}