{"gold_per_floor":[116,116,126,143,160,222,222,248,273,286,286,386,430,37,37,157,157,176,192,67,91,110,154,154,189,189,219,219,219,219,233,233,329,329,344,344,360,4,4,15,15,33,79,89,107,107,107,107,107,107],"floor_reached":50,"playtime":2985,"items_purged":["Injury"],"score":525,"play_id":"684adbb8-040c-43f0-b433-0433d35373c8","local_time":"20190207184402","is_ascension_mode":false,"campfire_choices":[{"data":"Armaments","floor":7,"key":"SMITH"},{"floor":15,"key":"REST"},{"floor":28,"key":"REST"},{"data":"Demon Form","floor":30,"key":"SMITH"},{"data":"Battle Trance","floor":32,"key":"SMITH"},{"data":"Entrench","floor":41,"key":"SMITH"},{"floor":46,"key":"REST"},{"floor":49,"key":"REST"}],"neow_cost":"NONE","seed_source_timestamp":345171567915516,"circlet_count":0,"master_deck":["Strike_R","Strike_R","Strike_R","Strike_R","Defend_R","Defend_R","Defend_R","Defend_R","Bash","Armaments+1","Twin Strike","Pommel Strike","Fiend Fire","Sword Boomerang","Anger","Bludgeon","Demon Form+1","Heavy Blade+1","Cleave","Battle Trance+1","Shrug It Off","Clothesline+1","Flex","Anger","Feed","Good Instincts","Entrench+1","Heavy Blade+1"],"relics":["Burning Blood","Lantern","Peace Pipe","Tiny Chest","Smiling Mask","Strawberry","Bloody Idol","Dodecahedron","Shuriken","Centennial Puzzle","Mark of Pain","PreservedInsect","Art of War","Red Mask","The Courier","Ornamental Fan","Runic Cube","Mango","Potion Belt"],"potions_floor_usage":[6,8,16,23,25,33,45,50],"damage_taken":[{"damage":5,"enemies":"Jaw Worm","floor":1,"turns":5},{"damage":0,"enemies":"Small Slimes","floor":3,"turns":3},{"damage":3,"enemies":"2 Louse","floor":4,"turns":3},{"damage":6,"enemies":"Red Slaver","floor":5,"turns":3},{"damage":26,"enemies":"Lagavulin","floor":6,"turns":5},{"damage":15,"enemies":"3 Sentries","floor":8,"turns":9},{"damage":15,"enemies":"Looter","floor":10,"turns":3},{"damage":27,"enemies":"Gremlin Nob","floor":13,"turns":4},{"damage":33,"enemies":"Hexaghost","floor":16,"turns":9},{"damage":20,"enemies":"3 Byrds","floor":18,"turns":4},{"damage":0,"enemies":"Chosen","floor":19,"turns":4},{"damage":3,"enemies":"Snecko","floor":22,"turns":3},{"damage":45,"enemies":"Gremlin Leader","floor":23,"turns":5},{"damage":7,"enemies":"Masked Bandits","floor":25,"turns":3},{"damage":36,"enemies":"Slavers","floor":27,"turns":6},{"damage":9,"enemies":"Shelled Parasite and Fungi","floor":31,"turns":6},{"damage":25,"enemies":"Champ","floor":33,"turns":8},{"damage":15,"enemies":"Orb Walker","floor":35,"turns":4},{"damage":41,"enemies":"3 Shapes","floor":37,"turns":3},{"damage":8,"enemies":"Maw","floor":40,"turns":7},{"damage":21,"enemies":"3 Darklings","floor":42,"turns":8},{"damage":42,"enemies":"Spire Growth","floor":44,"turns":5},{"damage":16,"enemies":"Sphere and 2 Shapes","floor":45,"turns":7},{"damage":113,"enemies":"Awakened One","floor":50,"turns":9}],"seed_played":"1259084290492513287","potions_obtained":[{"floor":1,"key":"Poison Potion"},{"floor":3,"key":"GamblersBrew"},{"floor":6,"key":"EssenceOfSteel"},{"floor":13,"key":"AttackPotion"},{"floor":22,"key":"BloodPotion"},{"floor":27,"key":"Dexterity Potion"},{"floor":31,"key":"EssenceOfSteel"},{"floor":35,"key":"Swift Potion"},{"floor":40,"key":"Poison Potion"}],"is_trial":false,"path_per_floor":["M","?","M","M","M","E","R","E","T","M","?","?","E","$","R","B",null,"M","M","$","T","M","E","?","?","T","E","R","?","R","M","R","B",null,"M","?","M","$","?","M","R","M","T","M","M","R","?","?","R","B"],"character_chosen":"IRONCLAD","items_purchased":["Shuriken","Centennial Puzzle","Battle Trance","Shrug It Off","Mango","Entrench"],"campfire_rested":4,"item_purchase_floors":[14,14,20,20,38,38],"current_hp_per_floor":[80,77,80,80,80,60,60,51,58,49,49,49,28,28,54,27,87,73,79,79,79,82,51,51,55,55,30,56,56,56,58,58,44,87,83,83,56,70,70,73,73,63,68,37,32,63,63,63,94,0],"gold":107,"neow_bonus":"RANDOM_COMMON_RELIC","is_prod":false,"is_daily":false,"chose_seed":false,"campfire_upgraded":4,"win_rate":0.0,"timestamp":1549561442,"path_taken":["M","?","M","M","M","E","R","E","T","M","?","?","E","$","R","BOSS","M","M","$","?","M","E","?","?","T","E","R","?","R","M","R","BOSS","M","?","M","$","?","M","R","M","T","?","M","R","?","?","R","BOSS"],"build_version":"2019-01-23","purchased_purges":1,"victory":false,"max_hp_per_floor":[80,80,80,80,80,80,80,80,87,87,87,87,87,87,87,87,87,87,87,87,87,87,87,87,87,87,87,87,87,87,87,87,87,87,87,87,90,104,104,104,104,104,104,104,104,104,104,104,104,107],"card_choices":[{"not_picked":["True Grit","Bloodletting","Flex"],"picked":"SKIP","floor":1},{"not_picked":["Searing Blow","Corruption"],"picked":"Armaments","floor":3},{"not_picked":["Anger","Metallicize"],"picked":"Twin Strike","floor":4},{"not_picked":["Ghostly Armor","Perfected Strike"],"picked":"Pommel Strike","floor":5},{"not_picked":["Second Wind","Evolve"],"picked":"Fiend Fire","floor":6},{"not_picked":["Havoc","Combust"],"picked":"Sword Boomerang","floor":8},{"not_picked":["Flex","Pummel"],"picked":"Anger","floor":10},{"not_picked":["Rupture","Sentinel"],"picked":"Bludgeon","floor":13},{"not_picked":["Bludgeon","Immolate"],"picked":"Demon Form","floor":16},{"not_picked":["Twin Strike+1","Flame Barrier"],"picked":"Heavy Blade+1","floor":18},{"not_picked":["Burning Pact","Thunderclap"],"picked":"Cleave","floor":19},{"not_picked":["Wild Strike+1","Twin Strike","Barricade"],"picked":"SKIP","floor":22},{"not_picked":["Impervious","Infernal Blade"],"picked":"Clothesline+1","floor":23},{"not_picked":["Reckless Charge","Body Slam+1"],"picked":"Flex","floor":27},{"not_picked":["Wild Strike","Hemokinesis+1"],"picked":"Anger","floor":31},{"not_picked":["Barricade","Berserk"],"picked":"Feed","floor":33},{"not_picked":["Twin Strike+1","Sentinel","Carnage+1"],"picked":"SKIP","floor":35},{"not_picked":["PanicButton","Blind"],"picked":"Good Instincts","floor":36},{"not_picked":["Evolve","Warcry","Reckless Charge"],"picked":"SKIP","floor":37},{"not_picked":["Anger","Twin Strike+1","Wild Strike+1"],"picked":"SKIP","floor":40},{"not_picked":["Sword Boomerang","Ghostly Armor+1"],"picked":"Heavy Blade+1","floor":42},{"not_picked":["Rage+1","Heavy Blade","Havoc"],"picked":"SKIP","floor":44},{"not_picked":["Entrench+1","Rampage+1","Heavy Blade"],"picked":"SKIP","floor":45}],"player_experience":55134,"relics_obtained":[{"floor":6,"key":"Tiny Chest"},{"floor":8,"key":"Smiling Mask"},{"floor":9,"key":"Strawberry"},{"floor":13,"key":"Dodecahedron"},{"floor":21,"key":"PreservedInsect"},{"floor":23,"key":"Art of War"},{"floor":25,"key":"Red Mask"},{"floor":26,"key":"The Courier"},{"floor":27,"key":"Ornamental Fan"},{"floor":43,"key":"Potion Belt"}],"event_choices":[{"damage_healed":0,"gold_gain":0,"player_choice":"Success","damage_taken":3,"relics_obtained":["Peace Pipe"],"max_hp_gain":0,"max_hp_loss":0,"event_name":"Scrap Ooze","floor":2,"gold_loss":0},{"damage_healed":0,"gold_gain":0,"player_choice":"Take Wound","damage_taken":0,"relics_obtained":["Golden Idol"],"max_hp_gain":0,"max_hp_loss":0,"event_name":"Golden Idol","floor":11,"gold_loss":0,"cards_obtained":["Injury"]},{"damage_healed":0,"gold_gain":100,"player_choice":"Pray","damage_taken":0,"max_hp_gain":0,"max_hp_loss":0,"event_name":"Golden Shrine","floor":12,"gold_loss":0},{"damage_healed":0,"gold_gain":0,"player_choice":"Gave Idol","damage_taken":0,"relics_obtained":["Bloody Idol"],"max_hp_gain":0,"max_hp_loss":0,"event_name":"Forgotten Altar","floor":24,"relics_lost":["Golden Idol"],"gold_loss":0},{"damage_healed":0,"gold_gain":0,"player_choice":"Fought Bandits","damage_taken":0,"max_hp_gain":0,"max_hp_loss":0,"event_name":"Masked Bandits","floor":25,"gold_loss":0},{"damage_healed":0,"gold_gain":0,"player_choice":"Ignored","damage_taken":0,"max_hp_gain":0,"max_hp_loss":0,"event_name":"Vampires","floor":29,"gold_loss":0},{"damage_healed":0,"gold_gain":0,"player_choice":"Memory 1","damage_taken":0,"max_hp_gain":0,"max_hp_loss":0,"event_name":"SensoryStone","floor":36,"gold_loss":0},{"cards_removed":["Strike_R"],"damage_healed":0,"gold_gain":0,"player_choice":"Purged","damage_taken":0,"max_hp_gain":0,"max_hp_loss":0,"event_name":"Purifier","floor":39,"gold_loss":0},{"damage_healed":0,"gold_gain":0,"player_choice":"Ignored","damage_taken":0,"max_hp_gain":0,"max_hp_loss":0,"event_name":"Tomb of Lord Red Mask","floor":47,"gold_loss":0},{"damage_healed":0,"gold_gain":0,"player_choice":"Ignored","damage_taken":0,"max_hp_gain":0,"max_hp_loss":0,"event_name":"Mysterious Sphere","floor":48,"gold_loss":0}],"is_beta":false,"boss_relics":[{"not_picked":["Ectoplasm","Orrery"],"picked":"Mark of Pain"},{"not_picked":["Tiny House","Black Blood"],"picked":"Runic Cube"}],"items_purged_floors":[38],"is_endless":false,"potions_floor_spawned":[1,3,6,13,22,27,31,35,40,42],"killed_by":"Awakened One","ascension_level":0}