{"gold_per_floor":[114,131,149,162,177,177,207,207,207,236,248,266,281,313,313,418,418,436,351,351,351,363,392,392,423,449,3,3],"floor_reached":28,"playtime":3510,"items_purged":[],"score":381,"play_id":"72ff45f7-6d86-4c0a-ba1d-0536b1721b48","local_time":"20181222191411","is_ascension_mode":true,"campfire_choices":[{"data":"Discovery","floor":6.0,"key":"SMITH"},{"data":"Bludgeon","floor":8.0,"key":"SMITH"},{"floor":15.0,"key":"REST"},{"floor":24,"key":"REST"}],"neow_cost":"TEN_PERCENT_HP_LOSS","seed_source_timestamp":0,"circlet_count":0,"master_deck":["Strike_R","Strike_R","Strike_R","Strike_R","Strike_R","Defend_R","Defend_R","Defend_R","Defend_R","Bash","Discovery+1","Trip","Metallicize","Body Slam","Pummel","Pommel Strike","Pommel Strike","Bludgeon+1","Intimidate","Cleave","Cleave","Feed","Reaper","Uppercut","Infernal Blade","Pummel","Shrug It Off","Shockwave+1"],"special_seed":0,"relics":["Burning Blood","Regal Pillow","Bag of Marbles","Bronze Scales","Kunai","Eternal Feather","Boot","Nilry\u0027s Codex","Dream Catcher","Potion Belt","Juzu Bracelet","Art of War","HandDrill"],"potions_floor_usage":[23,28,28,28],"damage_taken":[{"damage":4.0,"enemies":"2 Louse","floor":1.0,"turns":3.0},{"damage":14.0,"enemies":"Small Slimes","floor":2.0,"turns":2.0},{"damage":0.0,"enemies":"Jaw Worm","floor":3.0,"turns":1.0},{"damage":4.0,"enemies":"2 Fungi Beasts","floor":4.0,"turns":3.0},{"damage":3.0,"enemies":"Blue Slaver","floor":5.0,"turns":2.0},{"damage":0.0,"enemies":"Gremlin Nob","floor":7.0,"turns":3.0},{"damage":22.0,"enemies":"Lagavulin","floor":10.0,"turns":4.0},{"damage":13.0,"enemies":"3 Louse","floor":11.0,"turns":2.0},{"damage":0.0,"enemies":"2 Fungi Beasts","floor":12.0,"turns":1.0},{"damage":0.0,"enemies":"Exordium Thugs","floor":13.0,"turns":3.0},{"damage":25.0,"enemies":"3 Sentries","floor":14.0,"turns":4.0},{"damage":28.0,"enemies":"Slime Boss","floor":16.0,"turns":8.0},{"damage":18.0,"enemies":"3 Byrds","floor":18.0,"turns":3.0},{"damage":30.0,"enemies":"Shell Parasite","floor":22.0,"turns":3.0},{"damage":31,"enemies":"Gremlin Leader","floor":23,"turns":7},{"damage":60,"enemies":"Slavers","floor":25,"turns":7},{"damage":46,"enemies":"Gremlin Leader","floor":28,"turns":3}],"seed_played":"-4843613308028500315","potions_obtained":[{"floor":1.0,"key":"Block Potion"},{"floor":4.0,"key":"SteroidPotion"},{"floor":7.0,"key":"Fruit Juice"},{"floor":12.0,"key":"Dexterity Potion"},{"floor":16.0,"key":"Swift Potion"},{"floor":22.0,"key":"PowerPotion"},{"floor":25,"key":"Dexterity Potion"}],"is_trial":false,"path_per_floor":["M","M","M","M","M","R","E","R","T","E","M","M","M","E","R","B",null,"M","?","?","?","M","E","R","E","T","$","E"],"character_chosen":"IRONCLAD","items_purchased":["Art of War","HandDrill","PowerPotion","SkillPotion"],"campfire_rested":2,"item_purchase_floors":[27,27,27,27],"current_hp_per_floor":[72,64,70,72,72,72,77,77,77,61,54,60,66,47,77,55,72,66,66,50,50,29,22,76,22,22,22,0],"gold":3,"neow_bonus":"RANDOM_COLORLESS_2","is_prod":false,"is_daily":false,"chose_seed":false,"campfire_upgraded":2,"win_rate":0,"timestamp":1545524051,"path_taken":["M","M","M","M","M","R","E","R","T","E","M","M","M","E","R","BOSS","M","?","?","?","M","E","R","E","T","?","E"],"build_version":"2018-12-20","purchased_purges":0,"victory":false,"max_hp_per_floor":[72,72,72,72,72,72,77,77,77,77,77,77,77,77,77,77,77,80,80,80,80,83,83,83,83,83,83,83],"card_choices":[{"not_picked":["Warcry","Rupture"],"picked":"Metallicize","floor":1.0},{"not_picked":["Twin Strike","Warcry"],"picked":"Body Slam","floor":2.0},{"not_picked":["Perfected Strike","Twin Strike"],"picked":"Pummel","floor":3.0},{"not_picked":["Headbutt","Brutality"],"picked":"Pommel Strike","floor":4.0},{"not_picked":["Body Slam","Twin Strike"],"picked":"Pommel Strike","floor":5.0},{"not_picked":["Shrug It Off","Power Through"],"picked":"Bludgeon","floor":7.0},{"not_picked":["Warcry","Twin Strike"],"picked":"Intimidate","floor":10.0},{"not_picked":["Body Slam","Twin Strike"],"picked":"Cleave","floor":11.0},{"not_picked":["Corruption","Body Slam"],"picked":"Cleave","floor":12.0},{"not_picked":["Sever Soul","Twin Strike","Metallicize"],"picked":"SKIP","floor":13.0},{"not_picked":["Power Through","Metallicize"],"picked":"Feed","floor":14.0},{"not_picked":["Feed","Double Tap"],"picked":"Reaper","floor":16.0},{"not_picked":["Rage","Wild Strike"],"picked":"Uppercut","floor":18.0},{"not_picked":["Rupture","Body Slam+1"],"picked":"Infernal Blade","floor":22.0},{"not_picked":["Uppercut+1","Warcry"],"picked":"Pummel","floor":23},{"not_picked":["Dropkick","Pommel Strike"],"picked":"Shrug It Off","floor":24},{"not_picked":["Impervious","Burning Pact"],"picked":"Shockwave+1","floor":25}],"player_experience":228787,"relics_obtained":[{"floor":7.0,"key":"Regal Pillow"},{"floor":9.0,"key":"Bag of Marbles"},{"floor":10.0,"key":"Bronze Scales"},{"floor":14.0,"key":"Kunai"},{"floor":20.0,"key":"Nilry\u0027s Codex"},{"floor":23,"key":"Dream Catcher"},{"floor":25,"key":"Potion Belt"},{"floor":26,"key":"Juzu Bracelet"}],"event_choices":[{"damage_healed":0.0,"max_hp_gain":0.0,"max_hp_loss":0.0,"gold_gain":0.0,"event_name":"Addict","player_choice":"Obtained Relic","floor":19.0,"gold_loss":85.0,"damage_taken":0.0,"relics_obtained":["Boot"]},{"damage_healed":0.0,"max_hp_gain":0.0,"max_hp_loss":0.0,"gold_gain":0.0,"event_name":"Cursed Tome","player_choice":"Obtained Book","floor":20.0,"gold_loss":0.0,"damage_taken":16.0},{"damage_healed":0.0,"max_hp_gain":0.0,"max_hp_loss":0.0,"gold_gain":0.0,"event_name":"Ghosts","player_choice":"Ignored","floor":21.0,"gold_loss":0.0,"damage_taken":0.0}],"is_beta":false,"boss_relics":[{"not_picked":["Sozu","Snecko Eye"],"picked":"Eternal Feather"}],"items_purged_floors":[],"is_endless":false,"potions_floor_spawned":[1,4,7,12,16,22,25],"killed_by":"Gremlin Leader","ascension_level":5}