{"gold_per_floor":[112,112,112,37,51,51,85,85,110,110,120,120,146,163,163,260,260,273,273,285,285,300,332,332,332,332,349,368,368,368],"floor_reached":30,"playtime":1205,"items_purged":["Strike_B"],"score":328,"play_id":"6cee6972-f8d9-48e7-abd0-371ec6188474","local_time":"20181229162033","is_ascension_mode":true,"campfire_choices":[{"data":"Hologram","floor":6,"key":"SMITH"},{"data":"Zap","floor":10,"key":"SMITH"},{"data":"Storm","floor":12,"key":"SMITH"},{"floor":15,"key":"REST"},{"floor":25,"key":"REST"}],"neow_cost":"NONE","seed_source_timestamp":726461987206937,"circlet_count":0,"master_deck":["Strike_B+1","Strike_B","Strike_B","Defend_B","Defend_B","Defend_B+1","Defend_B","Zap+1","Ball Lightning","Hologram+1","Glacier+1","Fusion+1","Storm+1","Double Energy","Rebound","Echo Form","Defragment","Go for the Eyes","Barrage+1","Sunder+1","Turbo","Sweeping Beam"],"relics":["FrozenCore","NeowsBlessing","War Paint","Odd Mushroom","MutagenicStrength","Turnip","Pantograph"],"potions_floor_usage":[20,23,23,23,28,30],"damage_taken":[{"damage":0,"enemies":"Jaw Worm","floor":1,"turns":1},{"damage":0,"enemies":"2 Louse","floor":5,"turns":1},{"damage":0,"enemies":"Lagavulin","floor":7,"turns":1},{"damage":2,"enemies":"Small Slimes","floor":11,"turns":2},{"damage":15,"enemies":"The Mushroom Lair","floor":13,"turns":4},{"damage":12,"enemies":"Exordium Wildlife","floor":14,"turns":3},{"damage":25,"enemies":"The Guardian","floor":16,"turns":11},{"damage":15,"enemies":"Chosen","floor":18,"turns":7},{"damage":22,"enemies":"2 Thieves","floor":20,"turns":5},{"damage":20,"enemies":"Centurion and Healer","floor":22,"turns":6},{"damage":22,"enemies":"Book of Stabbing","floor":23,"turns":7},{"damage":18,"enemies":"Shelled Parasite and Fungi","floor":27,"turns":6},{"damage":15,"enemies":"3 Cultists","floor":28,"turns":5},{"damage":20,"enemies":"Snake Plant","floor":30,"turns":2}],"seed_played":"-8625159636769660273","potions_obtained":[{"floor":5,"key":"LiquidBronze"},{"floor":11,"key":"Fire Potion"},{"floor":13,"key":"Poison Potion"},{"floor":20,"key":"Weak Potion"},{"floor":27,"key":"FocusPotion"},{"floor":28,"key":"Regen Potion"}],"is_trial":false,"path_per_floor":["M","?","?","$","M","R","E","?","T","R","M","R","?","M","R","B",null,"M","?","M","?","M","E","?","R","T","M","M","?","M"],"character_chosen":"DEFECT","items_purchased":[],"campfire_rested":2,"item_purchase_floors":[],"current_hp_per_floor":[75,75,80,80,80,80,80,64,64,64,62,62,47,35,59,34,80,65,65,43,69,49,27,12,37,37,19,4,4,0],"gold":368,"neow_bonus":"THREE_ENEMY_KILL","is_prod":false,"is_daily":false,"chose_seed":false,"campfire_upgraded":3,"win_rate":0,"timestamp":1546122033,"path_taken":["M","?","?","?","?","R","E","?","T","R","M","R","?","M","R","BOSS","M","?","M","?","M","E","?","R","T","M","M","?","M"],"build_version":"2018-12-20","purchased_purges":1,"victory":false,"max_hp_per_floor":[75,75,80,80,80,80,80,80,80,80,80,80,80,80,80,80,80,80,80,80,80,80,80,85,85,85,85,85,85,85],"card_choices":[{"not_picked":["Cold Snap","Streamline"],"picked":"Ball Lightning","floor":1},{"not_picked":["Redo","Streamline"],"picked":"Glacier","floor":5},{"not_picked":["Loop","Steam Power"],"picked":"Fusion","floor":7},{"not_picked":["Compile Driver","Fusion"],"picked":"Storm","floor":11},{"not_picked":["FTL","Hologram"],"picked":"Double Energy","floor":13},{"not_picked":["Ball Lightning","Rip and Tear"],"picked":"Rebound","floor":14},{"not_picked":["Reboot","Machine Learning"],"picked":"Echo Form","floor":16},{"not_picked":["Cold Snap+1","Steam"],"picked":"Defragment","floor":18},{"not_picked":["Gash","Hyperbeam"],"picked":"Go for the Eyes","floor":20},{"not_picked":["Hologram","Auto Shields"],"picked":"Barrage+1","floor":22},{"not_picked":["Auto Shields+1","Cold Snap"],"picked":"Sunder+1","floor":23},{"not_picked":["Beam Cell","Hologram"],"picked":"Turbo","floor":27},{"not_picked":["Tempest","Hologram"],"picked":"Sweeping Beam","floor":28}],"player_experience":330039,"relics_obtained":[{"floor":7,"key":"War Paint"},{"floor":13,"key":"Odd Mushroom"},{"floor":23,"key":"Turnip"},{"floor":26,"key":"Pantograph"}],"event_choices":[{"damage_healed":0,"gold_gain":0,"cards_transformed":["Dualcast"],"player_choice":"Change","damage_taken":0,"max_hp_gain":0,"max_hp_loss":0,"event_name":"Living Wall","floor":2,"gold_loss":0,"cards_obtained":["Hologram"]},{"damage_healed":0,"gold_gain":0,"player_choice":"Donut","damage_taken":0,"max_hp_gain":5,"max_hp_loss":0,"event_name":"Big Fish","floor":3,"gold_loss":0},{"damage_healed":0,"gold_gain":0,"player_choice":"Entered Light","damage_taken":16,"max_hp_gain":0,"max_hp_loss":0,"event_name":"Shining Light","floor":8,"gold_loss":0,"cards_upgraded":["Strike_B","Fusion"]},{"damage_healed":0,"gold_gain":0,"player_choice":"Fought Mushrooms","damage_taken":0,"max_hp_gain":0,"max_hp_loss":0,"event_name":"Mushrooms","floor":13,"gold_loss":0},{"damage_healed":0,"gold_gain":0,"player_choice":"Inject Mutagens","damage_taken":0,"relics_obtained":["MutagenicStrength"],"max_hp_gain":0,"max_hp_loss":0,"event_name":"Drug Dealer","floor":19,"gold_loss":0},{"damage_healed":26,"gold_gain":0,"player_choice":"Heal","damage_taken":0,"max_hp_gain":0,"max_hp_loss":0,"event_name":"The Library","floor":21,"gold_loss":0},{"damage_healed":0,"gold_gain":0,"player_choice":"Shed Blood","damage_taken":20,"max_hp_gain":5,"max_hp_loss":0,"event_name":"Forgotten Altar","floor":24,"gold_loss":0},{"damage_healed":0,"gold_gain":0,"player_choice":"Ignored","damage_taken":0,"max_hp_gain":0,"max_hp_loss":0,"event_name":"Ghosts","floor":29,"gold_loss":0}],"is_beta":false,"boss_relics":[{"not_picked":["Calling Bell","Runic Dome"],"picked":"FrozenCore"}],"items_purged_floors":[4],"is_endless":false,"potions_floor_spawned":[5,11,13,20,22,27,28],"killed_by":"Snake Plant","ascension_level":4}