{"path_per_floor":["M","?","M","?","$","E","M","R","T","E","?","E","?","M","R","B",null,"M","M","$","?","?","R","E","R","T","?","?","E","M","M","R","B",null,"M","?","M","?","M","R","$","R","T","M","M","R","M","$","R"],"character_chosen":"IRONCLAD","items_purchased":["Shrug It Off","Magnetism","Anchor","Flash of Steel","Power Through"],"gold_per_floor":[110,60,74,74,23,53,66,66,66,97,97,128,101,113,113,216,216,226,242,8,8,8,8,71,71,71,71,71,98,117,128,128,229,229,244,244,259,311,325,325,126,126,153,163,180,180,193,61,61,61],"floor_reached":50,"campfire_rested":5,"playtime":2702,"item_purchase_floors":[5,20,41,48,48],"current_hp_per_floor":[80,80,80,80,80,80,80,80,80,51,51,41,41,41,65,30,80,80,72,72,72,56,80,49,73,73,58,58,32,34,37,62,54,85,85,85,85,73,65,65,65,65,65,73,53,53,71,71,85,0],"items_purged":["Strike_R","True Grit"],"gold":61,"score":600,"play_id":"52985d67-ea26-4be8-a4d5-d944df4f99d6","local_time":"20180520145905","is_prod":false,"is_daily":false,"chose_seed":false,"is_ascension_mode":true,"campfire_upgraded":1,"timestamp":1526821145,"campfire_choices":[{"data":"Hemokinesis","floor":8,"key":"SMITH"},{"floor":15,"key":"REST"},{"floor":23,"key":"REST"},{"floor":25,"key":"REST"},{"floor":32,"key":"REST"},{"data":"1","floor":40,"key":"LIFT"},{"data":"2","floor":42,"key":"LIFT"},{"data":"3","floor":46,"key":"LIFT"},{"floor":49,"key":"REST"}],"path_taken":["M","?","M","?","$","E","?","R","T","E","?","E","?","M","R","BOSS","M","M","$","?","?","R","E","R","T","?","?","E","M","M","R","BOSS","M","?","M","?","M","R","?","R","T","M","M","R","?","$","R","BOSS"],"build_version":"2018-05-18","seed_source_timestamp":9151199277323,"purchased_purges":2,"victory":false,"master_deck":["Strike_R","Strike_R","Strike_R","Defend_R","Defend_R","Defend_R","Defend_R","Armaments","Power Through","Hemokinesis+1","Shrug It Off","Twin Strike","Pummel","Heavy Blade","Shockwave","Clothesline","Barricade","Clash+1","Clash","Magnetism","Inflame","Ghostly Armor","Clash","Impervious","Pummel","Iron Wave+1","Heavy Blade","Flex","Twin Strike+1","Iron Wave","Shrug It Off+1","Uppercut+1","Fire Breathing+1","Battle Trance+1","Flash of Steel","Power Through","Fire Breathing+1"],"max_hp_per_floor":[80,80,80,80,80,80,80,80,80,80,80,80,80,80,80,80,80,80,80,80,80,80,80,80,80,80,85,85,85,85,85,85,85,85,85,85,85,85,85,85,85,85,85,85,85,85,85,85,85,85],"relics":["Black Blood","NeowsBlessing","Smiling Mask","Dream Catcher","Lantern","Vajra","Sozu","Nilry\u0027s Codex","Tiny Chest","Ancient Tea Set","Paper Frog","Girya","Anchor","Regal Pillow"],"card_choices":[{"not_picked":["Warcry","Pommel Strike"],"picked":"Armaments","floor":1},{"not_picked":["True Grit","Thunderclap"],"picked":"Power Through","floor":3},{"not_picked":["Entrench","Warcry"],"picked":"Twin Strike","floor":6},{"not_picked":["Burning Pact","Havoc"],"picked":"Pummel","floor":7},{"not_picked":["Thunderclap","Heavy Blade"],"picked":"True Grit","floor":10},{"not_picked":["Perfected Strike","Warcry"],"picked":"Heavy Blade","floor":12},{"not_picked":["Warcry","Wild Strike"],"picked":"Shockwave","floor":14},{"not_picked":["Armaments","Reaper"],"picked":"Clothesline","floor":15},{"not_picked":["Bludgeon","Demon Form"],"picked":"Barricade","floor":16},{"not_picked":["Thunderclap","Cleave"],"picked":"Clash+1","floor":18},{"not_picked":["Flex","Fire Breathing"],"picked":"Clash","floor":19},{"not_picked":["Searing Blow","Anger"],"picked":"Ghostly Armor","floor":23},{"not_picked":["Fire Breathing","Armaments","Dropkick"],"picked":"SKIP","floor":24},{"not_picked":["Twin Strike+1","Sentinel"],"picked":"Clash","floor":25},{"not_picked":["Sword Boomerang","Iron Wave"],"picked":"Impervious","floor":29},{"not_picked":["Sword Boomerang","Perfected Strike"],"picked":"Pummel","floor":30},{"not_picked":["Sever Soul","Disarm"],"picked":"Iron Wave+1","floor":31},{"not_picked":["Dual Wield","Havoc+1"],"picked":"Heavy Blade","floor":32},{"not_picked":["Iron Wave","True Grit+1"],"picked":"Flex","floor":35},{"not_picked":["Pommel Strike","Iron Wave"],"picked":"Twin Strike+1","floor":37},{"not_picked":["Intimidate+1","Havoc"],"picked":"Iron Wave","floor":38},{"not_picked":["Dropkick","Heavy Blade"],"picked":"Shrug It Off+1","floor":39},{"not_picked":["Perfected Strike","Wild Strike+1"],"picked":"Uppercut+1","floor":44},{"not_picked":["Double Tap","Warcry+1"],"picked":"Fire Breathing+1","floor":45},{"not_picked":["Shrug It Off+1","Heavy Blade+1"],"picked":"Battle Trance+1","floor":47},{"not_picked":["Immolate","Warcry+1"],"picked":"Fire Breathing+1","floor":49}],"player_experience":115288,"potions_floor_usage":[16,33,33],"damage_taken":[{"damage":0,"enemies":"2 Louse","floor":1,"turns":1},{"damage":0,"enemies":"Small Slimes","floor":3,"turns":1},{"damage":0,"enemies":"Gremlin Nob","floor":6,"turns":1},{"damage":0,"enemies":"Cultist","floor":7,"turns":4},{"damage":35,"enemies":"Lagavulin","floor":10,"turns":9},{"damage":16,"enemies":"3 Sentries","floor":12,"turns":14},{"damage":6,"enemies":"2 Fungi Beasts","floor":14,"turns":2},{"damage":56,"enemies":"The Guardian","floor":16,"turns":13},{"damage":2,"enemies":"Chosen","floor":18,"turns":4},{"damage":14,"enemies":"Spheric Guardian","floor":19,"turns":5},{"damage":37,"enemies":"Gremlin Leader","floor":24,"turns":8},{"damage":32,"enemies":"Slavers","floor":29,"turns":6},{"damage":4,"enemies":"Snake Plant","floor":30,"turns":5},{"damage":10,"enemies":"Snecko","floor":31,"turns":5},{"damage":22,"enemies":"Automaton","floor":33,"turns":9},{"damage":2,"enemies":"3 Shapes","floor":35,"turns":4},{"damage":2,"enemies":"Orb Walker","floor":37,"turns":2},{"damage":22,"enemies":"Mysterious Sphere","floor":38,"turns":6},{"damage":24,"enemies":"Sphere and 2 Shapes","floor":39,"turns":10},{"damage":2,"enemies":"3 Darklings","floor":44,"turns":4},{"damage":30,"enemies":"Spire Growth","floor":45,"turns":5},{"damage":0,"enemies":"Sphere and 2 Shapes","floor":47,"turns":6},{"damage":90,"enemies":"Awakened One","floor":50,"turns":14}],"relics_obtained":[{"floor":6,"key":"Smiling Mask"},{"floor":9,"key":"Dream Catcher"},{"floor":10,"key":"Lantern"},{"floor":12,"key":"Vajra"},{"floor":22,"key":"Nilry\u0027s Codex"},{"floor":24,"key":"Tiny Chest"},{"floor":26,"key":"Ancient Tea Set"},{"floor":29,"key":"Paper Frog"},{"floor":38,"key":"Girya"},{"floor":43,"key":"Regal Pillow"}],"event_choices":[{"event_name":"The Cleric","player_choice":"Card Removal","floor":2,"damage_taken":0},{"event_name":"Match and Keep!","player_choice":"1 cards matched","floor":4,"damage_taken":0},{"event_name":"The Lab","player_choice":"Got Potions","floor":11,"damage_taken":0},{"event_name":"World of Goop","player_choice":"Left","floor":13,"damage_taken":0},{"event_name":"The Library","player_choice":"Read","floor":21,"damage_taken":0},{"event_name":"Cursed Tome","player_choice":"Obtained Book","floor":22,"damage_taken":0},{"event_name":"Forgotten Altar","player_choice":"Shed Blood","floor":27,"damage_taken":0},{"event_name":"The Woman in Blue","player_choice":"Bought 0 Potions","floor":28,"damage_taken":0},{"event_name":"Mysterious Sphere","player_choice":"Fight","floor":38,"damage_taken":0}],"boss_relics":[{"not_picked":["Black Star","Philosopher\u0027s Stone"],"picked":"Sozu"},{"not_picked":["Velvet Choker","Runic Pyramid"],"picked":"Black Blood"}],"items_purged_floors":[20,41],"potions_floor_spawned":[3,6,10,19,24,30,33,47],"seed_played":"-6725218838932475132","killed_by":"Awakened One","ascension_level":2,"potions_obtained":[{"floor":3,"key":"Regen Potion"},{"floor":6,"key":"Strength Potion"},{"floor":10,"key":"Fire Potion"},{"floor":11,"key":"BloodPotion"}],"is_trial":false}