{"gold_per_floor":[119,129,129,144,219,248,261,261,316,266,286,286,65,95,95,199,199,217,217,25,42,56,56,56,72,72,89,89,89,89,89],"floor_reached":31,"playtime":1251,"items_purged":["Strike_R"],"score":381,"play_id":"b9001a53-b1c1-46df-b062-02a4475b4b92","local_time":"20181222113831","is_ascension_mode":true,"campfire_choices":[{"data":"True Grit","floor":12,"key":"SMITH"},{"floor":15,"key":"REST"},{"data":"Apotheosis","floor":23,"key":"SMITH"},{"data":"1","floor":28,"key":"LIFT"}],"neow_cost":"PERCENT_DAMAGE","seed_source_timestamp":104692114430242,"circlet_count":0,"master_deck":["Defend_R","Defend_R+1","Defend_R+1","Bash","Headbutt","Headbutt","True Grit+1","Iron Wave","Headbutt","Clothesline","Headbutt","Juggernaut","Headbutt","Bite","Bite","Bite","Bite","Bite","Apotheosis+1","Headbutt","Dropkick","Iron Wave+1","Injury","Flex+1"],"relics":["Burning Blood","Pear","Regal Pillow","Pen Nib","War Paint","Cursed Key","Girya","Nloth\u0027s Gift"],"potions_floor_usage":[11,25,31,31,31,31],"damage_taken":[{"damage":14,"enemies":"Jaw Worm","floor":1,"turns":3},{"damage":15,"enemies":"Small Slimes","floor":2,"turns":4},{"damage":9,"enemies":"2 Louse","floor":4,"turns":2},{"damage":24,"enemies":"Gremlin Nob","floor":6,"turns":4},{"damage":1,"enemies":"2 Fungi Beasts","floor":7,"turns":3},{"damage":10,"enemies":"Exordium Thugs","floor":11,"turns":5},{"damage":14,"enemies":"3 Sentries","floor":14,"turns":9},{"damage":61,"enemies":"Hexaghost","floor":16,"turns":16},{"damage":13,"enemies":"2 Thieves","floor":18,"turns":3},{"damage":22,"enemies":"3 Byrds","floor":21,"turns":6},{"damage":28,"enemies":"Snake Plant","floor":22,"turns":4},{"damage":22,"enemies":"Snecko","floor":25,"turns":5},{"damage":33,"enemies":"Centurion and Healer","floor":27,"turns":5},{"damage":26,"enemies":"Snake Plant","floor":31,"turns":2}],"seed_played":"-1600783421576871081","potions_obtained":[{"floor":4,"key":"Block Potion"},{"floor":7,"key":"Dexterity Potion"},{"floor":16,"key":"BloodPotion"},{"floor":22,"key":"EntropicBrew"},{"floor":27,"key":"Regen Potion"}],"is_trial":false,"path_per_floor":["M","M","?","M","?","E","M","?","T","?","M","R","$","E","R","B",null,"M","?","$","M","M","R","?","M","T","M","R","?","?","M"],"character_chosen":"IRONCLAD","items_purchased":["War Paint","Apotheosis"],"campfire_rested":1,"item_purchase_floors":[13,20],"current_hp_per_floor":[43,34,60,57,46,38,43,43,43,43,39,39,39,31,73,18,72,65,63,63,59,41,41,41,42,42,26,26,15,15,0],"gold":89,"neow_bonus":"REMOVE_TWO","is_prod":false,"is_daily":false,"chose_seed":false,"campfire_upgraded":2,"win_rate":0,"timestamp":1545500311,"path_taken":["M","M","?","M","?","E","M","?","T","?","M","R","$","E","R","BOSS","M","?","?","M","M","R","?","M","T","M","R","?","?","M"],"build_version":"2018-12-20","purchased_purges":1,"victory":false,"max_hp_per_floor":[80,80,80,80,80,90,90,90,90,90,90,90,90,90,90,90,90,90,63,63,63,63,63,63,63,63,63,63,68,68,68],"card_choices":[{"not_picked":["Second Wind","Anger"],"picked":"Headbutt","floor":1},{"not_picked":["Perfected Strike","Inflame"],"picked":"Headbutt","floor":2},{"not_picked":["Anger","Ghostly Armor"],"picked":"True Grit","floor":4},{"not_picked":["Thunderclap","True Grit"],"picked":"Iron Wave","floor":6},{"not_picked":["Sever Soul","Brutality"],"picked":"Headbutt","floor":7},{"not_picked":["Sword Boomerang","Perfected Strike"],"picked":"Clothesline","floor":11},{"not_picked":["Sword Boomerang","Iron Wave"],"picked":"Headbutt","floor":14},{"not_picked":["Reaper","Exhume"],"picked":"Juggernaut","floor":16},{"not_picked":["Clothesline","Pommel Strike"],"picked":"Headbutt","floor":18},{"not_picked":["Wild Strike+1","Whirlwind"],"picked":"Headbutt","floor":21},{"not_picked":["Clothesline","Warcry+1"],"picked":"Dropkick","floor":22},{"not_picked":["Perfected Strike","Bludgeon"],"picked":"Iron Wave+1","floor":25},{"not_picked":["Clothesline+1","Inflame"],"picked":"Flex+1","floor":27}],"player_experience":319262,"relics_obtained":[{"floor":6,"key":"Pear"},{"floor":9,"key":"Pen Nib"},{"floor":14,"key":"Bag of Marbles"},{"floor":26,"key":"Girya"}],"event_choices":[{"damage_healed":26,"gold_gain":0,"player_choice":"Banana","damage_taken":0,"max_hp_gain":0,"max_hp_loss":0,"event_name":"Big Fish","floor":3,"gold_loss":0},{"damage_healed":0,"gold_gain":75,"player_choice":"Gather Gold","damage_taken":11,"max_hp_gain":0,"max_hp_loss":0,"event_name":"World of Goop","floor":5,"gold_loss":0},{"damage_healed":0,"gold_gain":0,"player_choice":"Searched \u00271\u0027 times","damage_taken":0,"relics_obtained":["Regal Pillow"],"max_hp_gain":0,"max_hp_loss":0,"event_name":"Dead Adventurer","floor":8,"gold_loss":0},{"cards_removed":["Strike_R"],"damage_healed":0,"gold_gain":0,"player_choice":"Card Removal","damage_taken":0,"max_hp_gain":0,"max_hp_loss":0,"event_name":"The Cleric","floor":10,"gold_loss":50},{"damage_healed":0,"gold_gain":0,"player_choice":"Became a vampire","damage_taken":0,"max_hp_gain":0,"max_hp_loss":27,"event_name":"Vampires","floor":19,"gold_loss":0,"cards_obtained":["Bite","Bite","Bite","Bite","Bite"]},{"damage_healed":0,"gold_gain":0,"player_choice":"Ignored","damage_taken":0,"max_hp_gain":0,"max_hp_loss":0,"event_name":"Beggar","floor":24,"gold_loss":0},{"damage_healed":0,"gold_gain":0,"player_choice":"Shed Blood","damage_taken":16,"max_hp_gain":5,"max_hp_loss":0,"event_name":"Forgotten Altar","floor":29,"gold_loss":0},{"damage_healed":0,"gold_gain":0,"player_choice":"Traded Relic","damage_taken":0,"relics_obtained":["Nloth\u0027s Gift"],"max_hp_gain":0,"max_hp_loss":0,"event_name":"N\u0027loth","floor":30,"relics_lost":["Bag of Marbles"],"gold_loss":0}],"is_beta":false,"boss_relics":[{"not_picked":["Calling Bell","Eternal Feather"],"picked":"Cursed Key"}],"items_purged_floors":[13],"is_endless":false,"potions_floor_spawned":[4,7,16,22,27],"killed_by":"Snake Plant","ascension_level":7}