{"gold_per_floor":[119,119,119,135,1,1,21,47,74,100,100,114,145,145,145,218,218,229,229,249,3,3,3,3,3,30,87,87],"floor_reached":28,"playtime":1084,"items_purged":[],"score":504,"play_id":"98cd62d4-7fc9-4d38-9079-bfa54ba67e3b","local_time":"20190107091704","is_ascension_mode":true,"campfire_choices":[{"data":"Jack Of All Trades","floor":6,"key":"SMITH"},{"floor":11,"key":"REST"},{"data":"Zap","floor":15,"key":"SMITH"},{"data":"Mayhem","floor":23,"key":"SMITH"},{"data":"Coolheaded","floor":25,"key":"SMITH"}],"neow_cost":"NONE","seed_source_timestamp":2099708546114,"circlet_count":0,"master_deck":["AscendersBane","Defend_B","Defend_B","Defend_B","Defend_B","Zap+1","Dualcast","Trip","Conserve Battery","Jack Of All Trades+1","Self Repair","Melter","Chill","Tempest","Conserve Battery","Beam Cell","Creative AI","Steam Power+1","Reinforced Body+1","FTL+1","Steam","Reinforced Body","Mayhem+1","Coolheaded+1","Core Surge"],"relics":["Cracked Core","PreservedInsect","Bag of Preparation","Symbiotic Virus","Shuriken","Astrolabe","Nloth\u0027s Gift","Orichalcum","Tiny Chest"],"potions_floor_usage":[8,20,20,27],"damage_taken":[{"damage":12,"enemies":"Jaw Worm","floor":1,"turns":2},{"damage":3,"enemies":"2 Louse","floor":4,"turns":4},{"damage":0,"enemies":"Cultist","floor":7,"turns":5},{"damage":25,"enemies":"Lagavulin","floor":8,"turns":5},{"damage":12,"enemies":"Gremlin Nob","floor":10,"turns":3},{"damage":0,"enemies":"Exordium Wildlife","floor":12,"turns":2},{"damage":11,"enemies":"Lagavulin","floor":13,"turns":4},{"damage":40,"enemies":"The Guardian","floor":16,"turns":11},{"damage":12,"enemies":"2 Thieves","floor":18,"turns":4},{"damage":16,"enemies":"Chosen","floor":20,"turns":4},{"damage":48,"enemies":"Book of Stabbing","floor":27,"turns":5},{"damage":0,"enemies":"Snake Plant","floor":28,"turns":1}],"seed_played":"1750069025527725706","potions_obtained":[{"floor":3,"key":"SpeedPotion"},{"floor":3,"key":"Energy Potion"},{"floor":7,"key":"SteroidPotion"},{"floor":16,"key":"AttackPotion"},{"floor":20,"key":"Fire Potion"},{"floor":27,"key":"Ancient Potion"}],"is_trial":false,"path_per_floor":["M","?","?","M","$","R","M","E","T","E","R","M","E","T","R","B",null,"M","?","M","$","?","R","?","R","T","E","M"],"character_chosen":"DEFECT","items_purchased":["Jack Of All Trades","Self Repair","Mayhem","Coolheaded"],"campfire_rested":1,"item_purchase_floors":[5,5,21,21],"current_hp_per_floor":[52,45,45,42,42,42,49,31,31,26,47,47,43,43,43,10,56,44,44,35,35,35,35,49,49,49,8,8],"gold":87,"neow_bonus":"RANDOM_COLORLESS","is_prod":false,"is_daily":false,"chose_seed":false,"campfire_upgraded":4,"win_rate":0,"timestamp":1546813024,"path_taken":["M","?","?","M","$","R","M","E","T","E","R","?","E","?","R","BOSS","M","?","?","$","?","R","?","R","T","E","M"],"build_version":"2018-11-15","purchased_purges":0,"victory":false,"max_hp_per_floor":[71,71,71,71,71,71,71,71,71,71,71,71,71,71,71,71,71,71,71,71,71,71,71,71,71,71,71,71],"card_choices":[{"not_picked":["Redo","Beam Cell","Barrage"],"picked":"SKIP","floor":1},{"not_picked":["Turbo","Double Energy"],"picked":"Conserve Battery","floor":4},{"not_picked":["Chaos","Heatsinks"],"picked":"Melter","floor":7},{"not_picked":["Consume","Barrage"],"picked":"Chill","floor":8},{"not_picked":["Compile Driver","Redo"],"picked":"Tempest","floor":10},{"not_picked":["Stack","Rainbow"],"picked":"Conserve Battery","floor":12},{"not_picked":["Storm","Leap"],"picked":"Beam Cell","floor":13},{"not_picked":["Meteor Strike","Rainbow"],"picked":"Creative AI","floor":16},{"not_picked":["Redo","Darkness"],"picked":"Steam","floor":18},{"not_picked":["Gash","Aggregate"],"picked":"Reinforced Body","floor":20},{"not_picked":["Conserve Battery","Fusion"],"picked":"Core Surge","floor":27}],"player_experience":1008721,"relics_obtained":[{"floor":8,"key":"PreservedInsect"},{"floor":9,"key":"Bag of Preparation"},{"floor":10,"key":"Symbiotic Virus"},{"floor":13,"key":"Shuriken"},{"floor":14,"key":"Ancient Tea Set"},{"floor":26,"key":"Orichalcum"},{"floor":27,"key":"Tiny Chest"}],"event_choices":[{"cards_removed":["Strike_B"],"damage_healed":0,"gold_gain":0,"player_choice":"Card Removal","damage_taken":7,"max_hp_gain":0,"max_hp_loss":0,"event_name":"Golden Wing","floor":2,"gold_loss":0},{"damage_healed":0,"gold_gain":0,"player_choice":"Got Potions","damage_taken":0,"max_hp_gain":0,"max_hp_loss":0,"event_name":"Lab","floor":3,"gold_loss":0},{"damage_healed":0,"gold_gain":0,"player_choice":"Traded Relic","damage_taken":0,"relics_obtained":["Nloth\u0027s Gift"],"max_hp_gain":0,"max_hp_loss":0,"event_name":"N\u0027loth","floor":19,"relics_lost":["Ancient Tea Set"],"gold_loss":0},{"damage_healed":0,"gold_gain":0,"player_choice":"Ignored","damage_taken":0,"max_hp_gain":0,"max_hp_loss":0,"event_name":"Ghosts","floor":22,"gold_loss":0},{"damage_healed":14,"gold_gain":0,"player_choice":"Heal","damage_taken":0,"max_hp_gain":0,"max_hp_loss":0,"event_name":"The Library","floor":24,"gold_loss":0}],"is_beta":true,"boss_relics":[{"not_picked":["Busted Crown","Coffee Dripper"],"picked":"Astrolabe"}],"items_purged_floors":[],"is_endless":false,"potions_floor_spawned":[4,7,16,20,27],"killed_by":"Snake Plant","ascension_level":20}