{"gold_per_floor":[114,114,84,104,124,149,149,161,161,191,203,45,63,63,63,154,154,137,137,59,59,59],"floor_reached":22,"playtime":854,"items_purged":[],"score":388,"play_id":"8b21f9f1-8fff-4dc0-b8a6-a45bd8e746fc","local_time":"20181209142635","is_ascension_mode":true,"campfire_choices":[{"floor":7.0,"key":"REST"},{"data":"Armaments","floor":15.0,"key":"SMITH"}],"neow_cost":"TEN_PERCENT_HP_LOSS","seed_source_timestamp":0,"circlet_count":0,"master_deck":["AscendersBane","Strike_R","Strike_R","Strike_R","Strike_R","Strike_R+1","Defend_R","Defend_R","Bash","Thunderclap+1","Exhume","Pommel Strike","Burning Pact","Headbutt","True Grit","Metallicize","Intimidate","Metallicize","Body Slam","Finesse","Armaments+1","Barricade","Metallicize"],"special_seed":0,"relics":["Burning Blood","Orichalcum","PreservedInsect","Ornamental Fan","Golden Idol","Snecko Eye","FaceOfCleric"],"potions_floor_usage":[16,16],"damage_taken":[{"damage":4.0,"enemies":"Small Slimes","floor":1.0,"turns":3.0},{"damage":0.0,"enemies":"Jaw Worm","floor":4.0,"turns":3.0},{"damage":6.0,"enemies":"Cultist","floor":5.0,"turns":3.0},{"damage":31.0,"enemies":"Gremlin Nob","floor":6.0,"turns":4.0},{"damage":1.0,"enemies":"Gremlin Gang","floor":8.0,"turns":3.0},{"damage":12.0,"enemies":"3 Sentries","floor":10.0,"turns":4.0},{"damage":7.0,"enemies":"Looter","floor":11.0,"turns":3.0},{"damage":3.0,"enemies":"Exordium Thugs","floor":13.0,"turns":5.0},{"damage":37,"enemies":"Slime Boss","floor":16,"turns":13},{"damage":13,"enemies":"2 Thieves","floor":18,"turns":4},{"damage":36,"enemies":"Colosseum Slavers","floor":19,"turns":8},{"damage":18,"enemies":"Shell Parasite","floor":22,"turns":2}],"seed_played":"8961099961911346750","potions_obtained":[{"floor":3.0,"key":"Dexterity Potion"},{"floor":3.0,"key":"EssenceOfSteel"},{"floor":4.0,"key":"Ancient Potion"},{"floor":10.0,"key":"Swift Potion"},{"floor":13.0,"key":"FearPotion"}],"is_trial":false,"path_per_floor":["M","?","?","M","M","E","R","M","T","E","M","$","M","?","R","B",null,"M","?","$","?","M"],"character_chosen":"IRONCLAD","items_purchased":["Body Slam","Finesse","Metallicize"],"campfire_rested":1,"item_purchase_floors":[12,12,20],"current_hp_per_floor":[68,48,48,54,54,29,49,54,54,48,47,47,50,50,50,19,51,44,14,14,14,0],"gold":59,"neow_bonus":"TRANSFORM_TWO_CARDS","is_prod":false,"is_daily":false,"chose_seed":false,"campfire_upgraded":1,"win_rate":0,"timestamp":1544390795,"path_taken":["M","?","?","M","M","E","R","?","T","E","?","$","?","?","R","BOSS","M","?","$","?","?"],"build_version":"2018-12-06","purchased_purges":0,"victory":false,"max_hp_per_floor":[68,68,68,68,68,68,68,68,68,68,68,68,68,62,62,62,62,62,62,62,62,62],"card_choices":[{"not_picked":["Twin Strike","Thunderclap"],"picked":"Pommel Strike","floor":1.0},{"not_picked":["Heavy Blade","Cleave"],"picked":"Burning Pact","floor":4.0},{"not_picked":["Fire Breathing","Warcry"],"picked":"Headbutt","floor":5.0},{"not_picked":["Rage","Evolve"],"picked":"True Grit","floor":6.0},{"not_picked":["Evolve","Uppercut"],"picked":"Metallicize","floor":8.0},{"not_picked":["Flex","Berserk"],"picked":"Intimidate","floor":10.0},{"not_picked":["Anger","Combust"],"picked":"Metallicize","floor":11.0},{"not_picked":["Flex","Pommel Strike"],"picked":"Armaments","floor":13.0},{"not_picked":["Double Tap","Fiend Fire"],"picked":"Barricade","floor":16},{"not_picked":["Anger","Reckless Charge","Clash"],"picked":"SKIP","floor":18}],"player_experience":554947,"relics_obtained":[{"floor":6.0,"key":"Orichalcum"},{"floor":9.0,"key":"PreservedInsect"},{"floor":10.0,"key":"Ornamental Fan"}],"event_choices":[{"damage_healed":0.0,"max_hp_gain":0.0,"max_hp_loss":0.0,"gold_gain":0.0,"event_name":"Shining Light","player_choice":"Entered Light","floor":2.0,"gold_loss":0.0,"damage_taken":20.0,"cards_upgraded":["Strike_R","Thunderclap"]},{"damage_healed":0.0,"max_hp_gain":0.0,"max_hp_loss":0.0,"gold_gain":0.0,"event_name":"The Woman in Blue","player_choice":"Bought 2 Potions","floor":3.0,"gold_loss":0.0,"damage_taken":0.0},{"damage_healed":0.0,"max_hp_gain":0.0,"max_hp_loss":6.0,"gold_gain":0.0,"event_name":"Golden Idol","player_choice":"Lose Max HP","floor":14.0,"gold_loss":0.0,"damage_taken":0.0,"relics_obtained":["Golden Idol"]},{"damage_healed":0,"gold_gain":0,"player_choice":"Fight","damage_taken":0,"max_hp_gain":0,"max_hp_loss":0,"event_name":"Colosseum","floor":19,"gold_loss":0},{"damage_healed":0,"gold_gain":0,"player_choice":"Fled From Nobs","damage_taken":0,"max_hp_gain":0,"max_hp_loss":0,"event_name":"Colosseum","floor":19,"gold_loss":0},{"damage_healed":0,"gold_gain":0,"player_choice":"Trade","damage_taken":0,"relics_obtained":["FaceOfCleric"],"max_hp_gain":0,"max_hp_loss":0,"event_name":"FaceTrader","floor":21,"gold_loss":0}],"is_beta":false,"boss_relics":[{"not_picked":["Fusion Hammer","Busted Crown"],"picked":"Snecko Eye"}],"items_purged_floors":[],"is_endless":false,"potions_floor_spawned":[4,6,10,13,19],"killed_by":"Shell Parasite","ascension_level":20}