{"gold_per_floor":[212,223,173,193,193,193,226,245,245,245,258,279,300,475,475,475],"floor_reached":16,"playtime":535,"items_purged":[],"score":151,"play_id":"b68326ff-fa5e-4311-8a62-77a1078a1a1b","local_time":"20190205091148","is_ascension_mode":true,"campfire_choices":[{"data":"Armaments","floor":6,"key":"SMITH"},{"floor":10,"key":"REST"},{"data":"Bash","floor":15,"key":"SMITH"}],"neow_cost":"NONE","seed_source_timestamp":1046854915338,"circlet_count":0,"master_deck":["Strike_R","Strike_R","Strike_R","Strike_R","Defend_R","Defend_R","Defend_R","Defend_R","Bash+1","Cleave","Armaments+1","Limit Break","Sword Boomerang","Anger","Doubt"],"relics":["Burning Blood","Golden Idol","Ancient Tea Set","Mummified Hand"],"potions_floor_usage":[4,12,16,16],"damage_taken":[{"damage":11,"enemies":"2 Louse","floor":1,"turns":4},{"damage":2,"enemies":"Jaw Worm","floor":2,"turns":3},{"damage":3,"enemies":"Small Slimes","floor":4,"turns":3},{"damage":39,"enemies":"Lagavulin","floor":7,"turns":6},{"damage":12,"enemies":"Looter","floor":8,"turns":4},{"damage":9,"enemies":"Lots of Slimes","floor":11,"turns":3},{"damage":0,"enemies":"3 Louse","floor":12,"turns":2},{"damage":3,"enemies":"Blue Slaver","floor":13,"turns":3},{"damage":54,"enemies":"Hexaghost","floor":16,"turns":8}],"seed_played":"3869622872768546582","potions_obtained":[{"floor":2,"key":"SkillPotion"},{"floor":4,"key":"BloodPotion"},{"floor":7,"key":"Fire Potion"},{"floor":12,"key":"Poison Potion"}],"is_trial":false,"path_per_floor":["M","M","?","M","?","R","E","M","T","R","M","M","M","?","R","B"],"character_chosen":"IRONCLAD","items_purchased":[],"campfire_rested":1,"item_purchase_floors":[],"current_hp_per_floor":[67,71,71,74,54,54,21,15,15,39,36,42,45,45,45,0],"gold":475,"neow_bonus":"HUNDRED_GOLD","is_prod":false,"is_daily":false,"chose_seed":false,"campfire_upgraded":2,"win_rate":0,"timestamp":1549354308,"path_taken":["M","M","?","M","?","R","E","M","T","R","M","M","M","?","R","BOSS"],"build_version":"2019-01-23","purchased_purges":0,"victory":false,"max_hp_per_floor":[80,80,80,80,80,80,80,80,80,80,80,80,80,80,80,80],"card_choices":[{"not_picked":["Thunderclap","Cleave","Havoc"],"picked":"SKIP","floor":1},{"not_picked":["Perfected Strike","Thunderclap"],"picked":"Cleave","floor":2},{"not_picked":["Body Slam","Twin Strike"],"picked":"Armaments","floor":4},{"not_picked":["Sword Boomerang","Inflame"],"picked":"Limit Break","floor":7},{"not_picked":["Clothesline","Rupture"],"picked":"Sword Boomerang","floor":8},{"not_picked":["Hemokinesis","Perfected Strike"],"picked":"Anger","floor":11},{"not_picked":["Wild Strike","Anger","Pommel Strike"],"picked":"SKIP","floor":12},{"not_picked":["Bludgeon","Armaments","Thunderclap"],"picked":"SKIP","floor":13}],"player_experience":245954,"relics_obtained":[{"floor":7,"key":"Ancient Tea Set"},{"floor":9,"key":"Mummified Hand"}],"event_choices":[{"cards_removed":["Strike_R"],"damage_healed":0,"gold_gain":0,"player_choice":"Card Removal","damage_taken":0,"max_hp_gain":0,"max_hp_loss":0,"event_name":"The Cleric","floor":3,"gold_loss":50},{"damage_healed":0,"gold_gain":0,"player_choice":"Take Damage","damage_taken":20,"relics_obtained":["Golden Idol"],"max_hp_gain":0,"max_hp_loss":0,"event_name":"Golden Idol","floor":5,"gold_loss":0},{"damage_healed":0,"gold_gain":175,"player_choice":"AGREE","damage_taken":0,"max_hp_gain":0,"max_hp_loss":0,"event_name":"Liars Game","floor":14,"gold_loss":0,"cards_obtained":["Doubt"]}],"is_beta":true,"boss_relics":[],"items_purged_floors":[],"is_endless":false,"potions_floor_spawned":[2,4,7,12],"killed_by":"Hexaghost","ascension_level":9}