{"gold_per_floor":[212,230,230,305,305,305,322,322,322,322,342,372,46,58,58,134,134,154,154,169,182,182],"floor_reached":22,"playtime":3282,"items_purged":[],"score":343,"play_id":"d7afedb2-b006-4894-83fa-2ecb915ab016","local_time":"20190116094926","is_ascension_mode":true,"campfire_choices":[{"data":"Neutralize","floor":6.0,"key":"SMITH"},{"data":"Deadly Poison","floor":8.0,"key":"SMITH"},{"data":"Survivor","floor":10.0,"key":"SMITH"},{"floor":15.0,"key":"REST"}],"neow_cost":"NONE","seed_source_timestamp":0,"circlet_count":0,"master_deck":["AscendersBane","Defend_G","Defend_G","Defend_G","Defend_G","Defend_G","Strike_G","Strike_G","Strike_G","Strike_G","Strike_G","Survivor+1","Neutralize+1","Poisoned Stab+1","Deadly Poison+1","Cloak And Dagger+1","Glass Knife","Footwork","PiercingWail+1"],"special_seed":0,"relics":["Ring of the Serpent","Du-Vu Doll","Tiny Chest","Toxic Egg 2"],"potions_floor_usage":[18],"damage_taken":[{"damage":2.0,"enemies":"Cultist","floor":1.0,"turns":5.0},{"damage":0.0,"enemies":"Jaw Worm","floor":2.0,"turns":4.0},{"damage":2.0,"enemies":"2 Louse","floor":7.0,"turns":3.0},{"damage":3.0,"enemies":"Looter","floor":11.0,"turns":3.0},{"damage":0.0,"enemies":"Blue Slaver","floor":14.0,"turns":3.0},{"damage":65.0,"enemies":"Hexaghost","floor":16.0,"turns":10.0},{"damage":21,"enemies":"2 Thieves","floor":18,"turns":4},{"damage":15,"enemies":"3 Byrds","floor":20,"turns":7},{"damage":2,"enemies":"Centurion and Healer","floor":21,"turns":8},{"damage":16,"enemies":"3 Cultists","floor":22,"turns":4}],"seed_played":"-2771730430730495595","potions_obtained":[{"floor":14.0,"key":"Explosive Potion"},{"floor":16.0,"key":"LiquidBronze"}],"is_trial":false,"path_per_floor":["M","M","?","?","?","R","M","R","T","R","M","T","$","M","R","B",null,"M","?","M","M","M"],"character_chosen":"THE_SILENT","items_purchased":["Toxic Egg 2","Cloak And Dagger+1"],"campfire_rested":1,"item_purchase_floors":[13,13],"current_hp_per_floor":[57,57,62,51,51,51,49,49,49,49,46,46,46,46,67,2,54,33,33,18,16,0],"gold":182,"neow_bonus":"HUNDRED_GOLD","is_prod":false,"is_daily":false,"chose_seed":false,"campfire_upgraded":3,"win_rate":0,"timestamp":1547660966,"path_taken":["M","?","?","?","?","R","M","R","T","R","M","?","$","M","R","BOSS","M","?","M","M","?"],"build_version":"2019-01-10","purchased_purges":0,"victory":false,"max_hp_per_floor":[66,66,71,71,71,71,71,71,71,71,71,71,71,71,71,71,71,71,71,71,71,71],"card_choices":[{"not_picked":["Quick Slash","Dagger Throw"],"picked":"Poisoned Stab","floor":1.0},{"not_picked":["Prepared","Eviscerate"],"picked":"Deadly Poison","floor":2.0},{"not_picked":["Flechettes","Setup","Underhanded Strike"],"picked":"SKIP","floor":7.0},{"not_picked":["Slice","Deadly Poison","Skewer"],"picked":"SKIP","floor":11.0},{"not_picked":["Dagger Throw","Masterful Stab","Outmaneuver+1"],"picked":"SKIP","floor":14.0},{"not_picked":["Storm of Steel+1","Wraith Form v2"],"picked":"Glass Knife","floor":16.0},{"not_picked":["Flying Knee","Infinite Blades"],"picked":"Footwork","floor":18},{"not_picked":["Escape Plan+1","Outmaneuver+1"],"picked":"PiercingWail+1","floor":20},{"not_picked":["Outmaneuver+1","Blade Dance+1","Sucker Punch"],"picked":"SKIP","floor":21}],"player_experience":1696375,"relics_obtained":[{"floor":9.0,"key":"Du-Vu Doll"},{"floor":12.0,"key":"Tiny Chest"}],"event_choices":[{"damage_healed":0.0,"max_hp_gain":5.0,"max_hp_loss":0.0,"gold_gain":0.0,"event_name":"Big Fish","player_choice":"Donut","floor":3.0,"gold_loss":0.0,"damage_taken":0.0},{"damage_healed":0.0,"max_hp_gain":0.0,"max_hp_loss":0.0,"gold_gain":75.0,"event_name":"World of Goop","player_choice":"Gather Gold","floor":4.0,"gold_loss":0.0,"damage_taken":11.0},{"damage_healed":0.0,"max_hp_gain":0.0,"max_hp_loss":0.0,"gold_gain":0.0,"event_name":"Living Wall","player_choice":"Grow","floor":5.0,"gold_loss":0.0,"damage_taken":0.0,"cards_upgraded":["Poisoned Stab"]},{"damage_healed":0,"gold_gain":0,"player_choice":"Ignored","damage_taken":0,"max_hp_gain":0,"max_hp_loss":0,"event_name":"N\u0027loth","floor":19,"gold_loss":0}],"is_beta":false,"boss_relics":[{"not_picked":["HoveringKite","Eternal Feather"],"picked":"Ring of the Serpent"}],"items_purged_floors":[],"is_endless":false,"potions_floor_spawned":[14,16],"killed_by":"3 Cultists","ascension_level":19}