{"path_per_floor":["M","M","?","?","M","R","E","R","T","R","$","M","M","?","R","B",null,"M","M"],"character_chosen":"THE_SILENT","items_purchased":["Medical Kit"],"gold_per_floor":[112,131,131,81,94,94,123,123,199,199,7,24,40,40,40,143,143,156,167],"floor_reached":20,"campfire_rested":1,"playtime":2023,"current_hp_per_floor":[70,70,75,75,75,75,47,69,69,69,69,69,61,61,61,28,75,50,35],"items_purged":[],"gold":167,"play_id":"78939adb-4d11-4f4b-a8e9-0f08bd9815e5","is_prod":false,"is_daily":false,"campfire_rituals":0,"campfire_upgraded":3,"is_hardmode":false,"path_taken":["M","M","?","?","M","R","E","R","T","R","$","M","M","?","R","BOSS","M","M","?"],"build_version":"2017-12-21-PROD1","purchased_purges":0,"victory":false,"master_deck":["Defend_G","Defend_G","Defend_G","Defend_G","Strike_G","Strike_G","Strike_G","Strike_G","Strike_G","Survivor","Neutralize","Endless Agony","Noxious Fumes","Prepared","Flying Knee","Malaise","Prepared","Doppelganger","Backstab","Flechettes"],"max_hp_per_floor":[70,70,75,75,75,75,75,75,75,75,75,75,75,75,75,75,75,75,75],"relics":["Ring of the Snake","Calipers","Matryoshka","Medical Kit","The Specimen"],"campfire_meditates":0,"card_choices":[{"not_picked":["PiercingWail","Backflip"],"picked":"Endless Agony"},{"not_picked":["Slice","Dagger Spray"],"picked":"Noxious Fumes"},{"not_picked":["PiercingWail","Outmaneuver"],"picked":"Prepared"},{"not_picked":["Choke","Dagger Spray"],"picked":"Flying Knee"},{"not_picked":["Backflip","Distraction"],"picked":"Malaise"},{"not_picked":["Escape Plan","Outmaneuver"],"picked":"Prepared"},{"not_picked":["A Thousand Cuts","Tools of the Trade"],"picked":"Doppelganger"},{"not_picked":["Riddle With Holes","Backflip"],"picked":"Backstab"},{"not_picked":["Deflect","Outmaneuver"],"picked":"Flechettes"}],"player_experience":9058,"potions_floor_usage":[],"damage_taken":[{"damage":0,"enemies":"Looter","floor":1,"turns":5},{"damage":0,"enemies":"Cultist","floor":2,"turns":4},{"damage":0,"enemies":"Jaw Worm","floor":5,"turns":4},{"damage":28,"enemies":"Gremlin Nob","floor":7,"turns":5},{"damage":0,"enemies":"Large Slime","floor":12,"turns":5},{"damage":8,"enemies":"Gremlin Gang","floor":13,"turns":5},{"damage":33,"enemies":"Slime Boss","floor":16,"turns":12},{"damage":25,"enemies":"Chosen","floor":18,"turns":8},{"damage":15,"enemies":"3 Byrds","floor":19,"turns":6},{"damage":37,"enemies":"3 Cultists","floor":20,"turns":4}],"event_choices":[{"event_name":"Big Fish","player_choice":"Donut","floor":3,"damage_taken":0},{"event_name":"The Cleric","player_choice":"Card Removal","floor":4,"damage_taken":0},{"event_name":"Liars Game","player_choice":"disagreed","floor":14,"damage_taken":0}],"boss_relics":[{"not_picked":["Calling Bell","Velvet Choker"],"picked":"The Specimen"}],"potions_floor_spawned":[2,7,12,19],"seed_played":"6375160691598985084","killed_by":"3 Cultists","is_trial":false}