{"path_per_floor":["M","?","?","?","?","E","R","M","T","M","E","$","M","M","R","B",null,"M","?","M","?","M"],"character_chosen":"DEFECT","items_purchased":["Sunder+1","Beam Cell+1","Bottled Lightning"],"gold_per_floor":[218,218,218,218,293,324,324,343,393,406,441,105,120,130,130,228,228,240,240,251,166,179,179],"floor_reached":23,"campfire_rested":2,"playtime":1125,"item_purchase_floors":[12,12,12],"current_hp_per_floor":[73,70,70,70,59,31,53,51,51,51,30,30,26,33,55,11,75,43,43,33,33,29,0],"items_purged":[],"gold":179,"score":221,"play_id":"5fdff236-2447-4db1-9a66-b5965718a763","local_time":"20180603110116","is_prod":false,"is_daily":false,"chose_seed":false,"is_ascension_mode":true,"campfire_upgraded":0,"win_rate":0,"timestamp":1528041676,"campfire_choices":[{"floor":7,"key":"REST"},{"floor":15,"key":"REST"}],"path_taken":["M","?","?","?","?","E","R","M","T","?","E","$","?","M","R","BOSS","M","?","M","?","M","E"],"build_version":"2018-05-31","seed_source_timestamp":1349241951807763,"purchased_purges":0,"victory":false,"master_deck":["Strike_B+1","Strike_B+1","Strike_B+1","Strike_B+1","Defend_B+1","Defend_B+1","Defend_B+1","Zap+1","Dualcast","Static Discharge","Compile Driver+1","Gash+1","Self Repair","Rebound+1","Sunder+1","Beam Cell+1","White Noise","Genetic Algorithm","Electrodynamics","Defragment","Stack+1","Streamline+1"],"max_hp_per_floor":[75,75,75,75,75,75,75,75,75,75,75,75,75,75,75,75,75,75,75,75,75,75,75],"relics":["Cracked Core","Molten Egg 2","War Paint","Art of War","Bag of Preparation","Bottled Lightning","Black Star","Toolbox"],"card_choices":[{"not_picked":["Leap","BootSequence"],"picked":"Static Discharge","floor":1},{"not_picked":["Chill","All For One+1"],"picked":"Compile Driver+1","floor":6},{"not_picked":["Stack","Reinforced Body"],"picked":"Gash+1","floor":8},{"not_picked":["Coolheaded","BootSequence"],"picked":"Self Repair","floor":10},{"not_picked":["Double Energy","Amplify"],"picked":"Rebound+1","floor":11},{"not_picked":["Consume","Skim"],"picked":"White Noise","floor":13},{"not_picked":["Coolheaded","Stack"],"picked":"Genetic Algorithm","floor":14},{"not_picked":["Echo Form","Fission"],"picked":"Electrodynamics","floor":16},{"not_picked":["Turbo","Blizzard+1"],"picked":"Defragment","floor":18},{"not_picked":["Darkness","Turbo"],"picked":"Stack+1","floor":20},{"not_picked":["Beam Cell+1","White Noise"],"picked":"Streamline+1","floor":22}],"player_experience":229404,"potions_floor_usage":[11,23],"damage_taken":[{"damage":2,"enemies":"Jaw Worm","floor":1,"turns":3},{"damage":28,"enemies":"3 Sentries","floor":6,"turns":7},{"damage":2,"enemies":"2 Louse","floor":8,"turns":2},{"damage":0,"enemies":"Cultist","floor":10,"turns":2},{"damage":28,"enemies":"Gremlin Nob","floor":11,"turns":4},{"damage":11,"enemies":"Looter","floor":13,"turns":2},{"damage":0,"enemies":"Large Slime","floor":14,"turns":2},{"damage":51,"enemies":"The Guardian","floor":16,"turns":7},{"damage":39,"enemies":"2 Thieves","floor":18,"turns":3},{"damage":17,"enemies":"Spheric Guardian","floor":20,"turns":4},{"damage":11,"enemies":"Snecko","floor":22,"turns":5},{"damage":31,"enemies":"Book of Stabbing","floor":23,"turns":5}],"relics_obtained":[{"floor":6,"key":"War Paint"},{"floor":9,"key":"Art of War"},{"floor":11,"key":"Bag of Preparation"}],"event_choices":[{"event_name":"Scrap Ooze","player_choice":"success","floor":2,"damage_taken":3},{"event_name":"Purifier","player_choice":"One Purge","floor":3,"damage_taken":0},{"event_name":"Golden Wing","player_choice":"Ignored","floor":4,"damage_taken":0},{"event_name":"World of Goop","player_choice":"Gather Gold","floor":5,"damage_taken":0},{"event_name":"Back to Basics","player_choice":"Simplicity","floor":19,"damage_taken":0},{"event_name":"Addict","player_choice":"Obtained Relic","floor":21,"damage_taken":0}],"boss_relics":[{"not_picked":["Ectoplasm","Inserter"],"picked":"Black Star"}],"items_purged_floors":[],"potions_floor_spawned":[1,6,8,20],"seed_played":"-3763364052510088293","killed_by":"Book of Stabbing","ascension_level":2,"potions_obtained":[{"floor":1,"key":"Swift Potion"},{"floor":6,"key":"SpeedPotion"},{"floor":8,"key":"Ancient Potion"},{"floor":20,"key":"EssenceOfSteel"}],"is_trial":false}