{"gold_per_floor":[109,119,130,146,160,190,140,165,165,194,215,215,290,324,324,428,428,445,142,156,167,14,14,39,39,39,39,51,68,68,28,28,130,130,144,159,159,172,90,122,122,134,159,187,187,205,225,245,245,245],"floor_reached":51,"playtime":2821,"items_purged":["Strike_R"],"score":796,"play_id":"9668847c-8e80-4b8d-9c65-3ad3645b1a46","local_time":"20190205234402","is_ascension_mode":true,"campfire_choices":[{"data":"Disarm","floor":15,"key":"SMITH"},{"data":"Juggernaut","floor":23,"key":"SMITH"},{"data":"Uppercut","floor":25,"key":"SMITH"},{"data":"Shockwave","floor":27,"key":"SMITH"},{"data":"Spot Weakness","floor":32,"key":"SMITH"},{"data":"Barricade","floor":41,"key":"SMITH"},{"data":"Impervious","floor":49,"key":"SMITH"}],"neow_cost":"NONE","seed_source_timestamp":156817149006644,"circlet_count":0,"master_deck":["Strike_R","Defend_R","Defend_R","Defend_R","Bash+1","Infernal Blade","Iron Wave","Flame Barrier","Shrug It Off","Metallicize","Spot Weakness+1","Disarm+1","Burning Pact","Ghostly Armor","Impervious+1","Reaper","Cleave+1","Sever Soul+1","Battle Trance+1","Shockwave+1","Disarm","Uppercut+1","Body Slam+1","Juggernaut+1","Barricade+1","Pommel Strike+1","Entrench+1","Shrug It Off+1","Battle Trance+1","Shrug It Off+1"],"relics":["Burning Blood","Bronze Scales","Centennial Puzzle","Mercury Hourglass","Gambling Chip","Odd Mushroom","Bottled Tornado","Mummified Hand","Astrolabe","Oddly Smooth Stone","Potion Belt","Toxic Egg 2","Velvet Choker","Frozen Egg 2","Anchor","Vajra"],"potions_floor_usage":[4,10,11,33,33,36,42,50,50,50,50],"damage_taken":[{"damage":8,"enemies":"Jaw Worm","floor":1,"turns":3},{"damage":0,"enemies":"Small Slimes","floor":2,"turns":3},{"damage":1,"enemies":"Cultist","floor":3,"turns":3},{"damage":16,"enemies":"Gremlin Gang","floor":4,"turns":7},{"damage":1,"enemies":"Lots of Slimes","floor":5,"turns":4},{"damage":18,"enemies":"Lagavulin","floor":6,"turns":10},{"damage":14,"enemies":"3 Sentries","floor":8,"turns":8},{"damage":9,"enemies":"Gremlin Nob","floor":10,"turns":4},{"damage":8,"enemies":"The Mushroom Lair","floor":11,"turns":3},{"damage":12,"enemies":"3 Sentries","floor":14,"turns":6},{"damage":5,"enemies":"Hexaghost","floor":16,"turns":10},{"damage":0,"enemies":"3 Byrds","floor":18,"turns":3},{"damage":0,"enemies":"Chosen","floor":20,"turns":5},{"damage":4,"enemies":"Centurion and Healer","floor":21,"turns":8},{"damage":5,"enemies":"Book of Stabbing","floor":24,"turns":4},{"damage":5,"enemies":"Snake Plant","floor":28,"turns":3},{"damage":0,"enemies":"Shelled Parasite and Fungi","floor":29,"turns":7},{"damage":17,"enemies":"Champ","floor":33,"turns":16},{"damage":7,"enemies":"3 Shapes","floor":35,"turns":3},{"damage":16,"enemies":"3 Darklings","floor":36,"turns":6},{"damage":7,"enemies":"Spire Growth","floor":38,"turns":7},{"damage":1,"enemies":"Giant Head","floor":40,"turns":10},{"damage":0,"enemies":"4 Shapes","floor":42,"turns":6},{"damage":15,"enemies":"Reptomancer","floor":44,"turns":9},{"damage":9,"enemies":"Maw","floor":46,"turns":7},{"damage":0,"enemies":"Writhing Mass","floor":47,"turns":7},{"damage":8,"enemies":"3 Darklings","floor":48,"turns":4},{"damage":5,"enemies":"Donu and Deca","floor":50,"turns":9}],"seed_played":"-8063261484303246585","potions_obtained":[{"floor":1,"key":"Poison Potion"},{"floor":3,"key":"Dexterity Potion"},{"floor":6,"key":"Poison Potion"},{"floor":10,"key":"SkillPotion"},{"floor":20,"key":"SteroidPotion"},{"floor":21,"key":"Poison Potion"},{"floor":28,"key":"Energy Potion"},{"floor":31,"key":"SkillPotion"},{"floor":31,"key":"FearPotion"},{"floor":33,"key":"Strength Potion"},{"floor":35,"key":"Block Potion"},{"floor":38,"key":"SneckoOil"},{"floor":48,"key":"Energy Potion"}],"is_trial":false,"path_per_floor":["M","M","M","M","M","E","?","E","T","E","?","T","?","E","R","B",null,"M","$","M","M","$","R","E","R","T","R","M","M","$","?","R","B",null,"M","M","$","M","$","E","R","M","T","E","$","M","M","M","R","B",null],"character_chosen":"IRONCLAD","items_purchased":["Oddly Smooth Stone","Disarm","Juggernaut","Entrench+1"],"campfire_rested":0,"item_purchase_floors":[19,19,22,39],"current_hp_per_floor":[78,80,80,70,75,63,63,55,55,52,50,50,39,33,33,34,80,80,80,80,80,80,80,80,80,80,80,80,80,80,80,80,69,80,79,79,79,80,80,80,80,80,80,71,71,68,74,78,78,79],"gold":245,"neow_bonus":"UPGRADE_CARD","is_prod":false,"is_daily":false,"chose_seed":false,"campfire_upgraded":7,"win_rate":0,"timestamp":1549439042,"path_taken":["M","M","M","M","M","E","?","E","T","E","?","?","?","E","R","BOSS","M","$","M","M","$","R","E","R","T","R","M","M","$","?","R","BOSS","M","?","$","M","$","E","R","M","T","E","$","M","?","?","R","BOSS"],"build_version":"2019-01-23","purchased_purges":1,"victory":true,"max_hp_per_floor":[80,80,80,80,80,80,80,80,80,80,80,80,80,80,80,80,80,80,80,80,80,80,80,80,80,80,80,80,80,80,80,80,80,80,80,80,80,80,80,80,80,80,80,80,80,80,80,80,80,80],"card_choices":[{"not_picked":["Sentinel","Reckless Charge"],"picked":"Infernal Blade","floor":1},{"not_picked":["Seeing Red","Warcry"],"picked":"Iron Wave","floor":2},{"not_picked":["Iron Wave","Sword Boomerang"],"picked":"Flame Barrier","floor":3},{"not_picked":["Fire Breathing","Sever Soul"],"picked":"Shrug It Off","floor":4},{"not_picked":["Cleave","Havoc"],"picked":"Metallicize","floor":5},{"not_picked":["Rampage","Combust"],"picked":"Spot Weakness","floor":6},{"not_picked":["Armaments","Flex"],"picked":"Disarm","floor":8},{"not_picked":["Searing Blow","Clash"],"picked":"Burning Pact","floor":10},{"not_picked":["Offering","Body Slam"],"picked":"Ghostly Armor","floor":11},{"not_picked":["Flex","Rupture"],"picked":"Impervious","floor":14},{"not_picked":["Berserk","Offering"],"picked":"Reaper","floor":16},{"not_picked":["Anger+1","Clothesline"],"picked":"Shockwave","floor":18},{"not_picked":["Rage","Bloodletting"],"picked":"Uppercut","floor":20},{"not_picked":["Perfected Strike","Iron Wave"],"picked":"Body Slam+1","floor":21},{"not_picked":["Anger+1","Reckless Charge","Perfected Strike"],"picked":"SKIP","floor":24},{"not_picked":["Searing Blow","Hemokinesis","Heavy Blade"],"picked":"SKIP","floor":28},{"not_picked":["Iron Wave","Berserk","Flex+1"],"picked":"SKIP","floor":29},{"not_picked":["Berserk","Fiend Fire"],"picked":"Barricade","floor":33},{"not_picked":["Pummel","Combust+1","Armaments+1"],"picked":"SKIP","floor":35},{"not_picked":["Flex+1","Perfected Strike+1"],"picked":"Pommel Strike+1","floor":36},{"not_picked":["Shockwave+1","Infernal Blade+1","Twin Strike"],"picked":"SKIP","floor":38},{"not_picked":["Ghostly Armor+1","Thunderclap","True Grit+1"],"picked":"SKIP","floor":40},{"not_picked":["Iron Wave+1","Fire Breathing+1"],"picked":"Shrug It Off+1","floor":42},{"not_picked":["Sword Boomerang","Bloodletting+1"],"picked":"Battle Trance+1","floor":44},{"not_picked":["Clothesline+1","Power Through+1","Pummel"],"picked":"SKIP","floor":46},{"not_picked":["Evolve+1","Flex+1"],"picked":"Shrug It Off+1","floor":47},{"not_picked":["Pommel Strike","Body Slam","Ghostly Armor+1"],"picked":"SKIP","floor":48}],"player_experience":1032018,"relics_obtained":[{"floor":6,"key":"Bronze Scales"},{"floor":8,"key":"Centennial Puzzle"},{"floor":9,"key":"Mercury Hourglass"},{"floor":10,"key":"Gambling Chip"},{"floor":11,"key":"Odd Mushroom"},{"floor":12,"key":"Bottled Tornado"},{"floor":14,"key":"Mummified Hand"},{"floor":24,"key":"Potion Belt"},{"floor":26,"key":"Toxic Egg 2"},{"floor":40,"key":"Frozen Egg 2"},{"floor":43,"key":"Anchor"},{"floor":44,"key":"Vajra"}],"event_choices":[{"cards_removed":["Strike_R"],"damage_healed":0,"gold_gain":0,"player_choice":"Card Removal","damage_taken":0,"max_hp_gain":0,"max_hp_loss":0,"event_name":"The Cleric","floor":7,"gold_loss":50},{"damage_healed":0,"gold_gain":0,"player_choice":"Fought Mushrooms","damage_taken":0,"max_hp_gain":0,"max_hp_loss":0,"event_name":"Mushrooms","floor":11,"gold_loss":0},{"damage_healed":0,"gold_gain":75,"player_choice":"Gather Gold","damage_taken":11,"max_hp_gain":0,"max_hp_loss":0,"event_name":"World of Goop","floor":13,"gold_loss":0},{"damage_healed":0,"gold_gain":0,"player_choice":"Bought 3 Potions","damage_taken":0,"max_hp_gain":0,"max_hp_loss":0,"event_name":"The Woman in Blue","floor":31,"gold_loss":0}],"is_beta":true,"boss_relics":[{"not_picked":["Pandora\u0027s Box","Ectoplasm"],"picked":"Astrolabe"},{"not_picked":["Empty Cage","Calling Bell"],"picked":"Velvet Choker"}],"items_purged_floors":[19],"is_endless":false,"potions_floor_spawned":[1,3,6,10,20,21,28,33,35,38,40,48],"ascension_level":1}